2020 3230
369 250 440 291 864

417 373 452 409 5.
479 385 503 409 a
523 374 739 420 Lacapeno
761 378 901 421 captus
927 375 1079 421 466,16.

417 421 577 458 Phocae
603 423 737 458 socius
762 423 914 465 468,12.

370 489 412 494 —
433 469 579 506 15.VII.
594 470 970 516 Porphyrogenitus
984 470 1081 506 Leo-

416 518 478 552 nis
492 517 555 553 VI.
576 521 614 553 et
629 517 957 563 Carbonopsinae
976 518 1081 554 Zoae

417 566 442 600 f.
482 577 506 600 a
547 565 712 601 Nicolao
751 566 980 611 baptizatus
1023 567 1081 602 ΙΙΙ

416 613 635 655 446,2-10.
687 616 803 658 pater
841 614 876 649 ei
907 624 1078 659 regnum

416 660 611 706 praedicit
636 660 717 704 452,
733 661 765 695 3.
809 671 832 695 a
859 664 974 706 patre
1007 673 1079 698 rex

416 708 643 753 appellatur
653 708 734 752 453,
748 708 778 742 1.
804 719 894 743 eum
906 708 1079 745 Alexan-

417 756 487 790 der
514 755 600 790 vult
618 759 796 790 castrare
821 756 901 801 456,
917 757 948 791 9.
991 757 1079 793 Ale-

415 803 572 838 xander
607 804 781 838 moriens
816 814 888 839 sex
915 805 951 839 ei
978 808 1079 840 tuto-

414 861 478 886 res
505 851 711 885 constituit
731 850 883 895 457,15.
911 853 1079 898 impera-

414 902 477 933 tor
488 899 568 942 458,
578 899 610 933 6.
639 897 926 935 Constantinus
941 899 1078 937 Ducas

415 946 488 988 (13)
530 946 604 980 sub
644 956 691 981 eo
735 947 933 983 seditione
970 949 1079 984 facta

414 997 582 1028 necatur
616 994 784 1039 eiusque
827 996 923 1030 socii
966 998 1078 1032 varie

416 1042 638 1087 puniuntur
663 1041 744 1083 458,
759 1042 911 1085 8—461,
926 1044 958 1078 9.
992 1045 1078 1080 eius

414 1092 568 1124 tutores
608 1089 871 1125 crudelissimi
904 1095 942 1127 et
974 1092 1078 1127 inter

414 1146 457 1172 se
490 1137 771 1172 dissentientes
805 1138 958 1182 460,17.
995 1140 1077 1182 461,

413 1185 445 1219 2.
461 1185 493 1220 9.
536 1185 611 1220 sub
639 1194 686 1220 eo
708 1184 883 1230 Symeon
919 1198 942 1222 a
966 1186 1078 1233 Cpoli

413 1233 563 1268 infecta
604 1242 648 1267 re
687 1232 856 1269 discedit
889 1234 1077 1278 461‚14—

414 1280 495 1325 462,
509 1280 542 1315 8.
570 1281 656 1316 eius
674 1284 804 1316 mater
831 1285 869 1317 et
888 1282 1079 1318 Constan—

413 1329 520 1363 tinus
548 1329 682 1363 omnia
710 1329 992 1366 administrant
1020 1342 1079 1367 ce-

412 1377 507 1411 teris
534 1376 678 1411 amotis
709 1376 994 1422 462,9-—463‚2
1026 1382 1078 1422 (v.

412 1422 705 1469 Καρβωνοψΐνα).
745 1425 786 1459 in
811 1435 854 1461 se
879 1429 1079 1471 potestate

412 1472 608 1506 translata
652 1471 846 1508 Ioannem
887 1473 1077 1510 Garidam

413 1520 510 1554 facit
552 1519 814 1555 domesticum
853 1523 1079 1558 scholarum

411 1567 493 1611 466,
516 1567 689 1612 11—467,
712 1567 768 1603 15.
818 1568 1078 1616 Lacapenum

414 1615 508 1649 dicit
535 1625 728 1660 magnum
748 1616 1077 1661 hetaeriarcham,

412 1662 588 1698 Phocam
620 1663 761 1699 litteris
799 1665 896 1699 lenit
936 1666 1078 1710 467,15

413 1710 541 1752 -468,
556 1711 587 1745 7.
637 1710 792 1746 Helena
817 1712 1024 1759 Laoapeni
1051 1716 1077 1749 f.

414 1758 535 1793 ducta
554 1768 737 1794 socerum
761 1759 858 1794 facit
876 1762 985 1806 regis
1012 1773 1077 1807 pa-

412 1810 526 1848 trem,
537 1805 867 1852 Christophorum
881 1819 1077 1855 magnum

412 1853 731 1890 hetaeriarcham
781 1855 862 1900 468,
889 1856 921 1891 8.
978 1856 1077 1892 Leo-

412 1911 504 1936 nem
530 1901 704 1936 Phocam
731 1902 965 1939 seditiosum
992 1914 1077 1940 cae-

413 1952 478 1984 cat
513 1948 594 1994 468,
622 1949 795 1994 12—469‚
823 1950 854 1986 8.
906 1952 1077 1988 insidiae

411 1998 453 2031 in
482 2007 574 2032 eum
613 1997 796 2033 detectae
833 1998 914 2044 469,
929 1999 960 2035 8.
1019 2001 1076 2035 in-

411 2045 474 2079 fra
487 2044 747 2090 Lacapenum
764 2046 982 2085 collocatur
995 2047 1077 2091 470,

411 2092 539 2127 5—11.
600 2093 706 2127 infra
748 2096 829 2129 tres
871 2094 1077 2141 Lacapeni

411 2140 513 2175 filios
561 2140 781 2176 collocatur
820 2141 902 2187 474,
924 2143 1076 2186 8-475,

411 2187 444 2222 4.
494 2187 677 2224 Romano
705 2199 795 2224 cum
831 2190 921 2225 filiis
948 2201 1076 2237 regno

412 2235 527 2280 pulso
570 2235 613 2270 fit
655 2246 699 2271 re
731 2247 831 2272 vera
856 2238 1076 2283 imperator

411 2282 493 2325 480,
515 2283 664 2328 1-482,
688 2283 719 2319 5.
786 2284 1010 2321 Romanum
1050 2288 1075 2322 f.

413 2340 562 2365 corona
601 2334 717 2366 ornat
753 2331 834 2377 482,
853 2333 885 2368 6.
941 2334 1077 2369 Phoca

411 2377 545 2412 Barda
580 2379 748 2424 eiusque
780 2380 869 2416 filiis
906 2381 1076 2417 honora-

412 2426 462 2460 tis
504 2424 751 2471 Stephanum
803 2431 843 2463 et
884 2428 1076 2464 Basilium

413 2476 574 2515 castrat,
591 2473 824 2510 Michaelem
838 2476 978 2512 tondet
994 2477 1075 2522 482,

411 2520 538 2556 6—16.
583 2521 668 2556 eius
704 2526 851 2558 natura
878 2527 917 2559 et
942 2525 1076 2560 studia

411 2567 494 2611 482,
515 2568 688 2613 17—483‚
710 2570 766 2606 16.
828 2571 1000 2608 insidiae
1039 2573 1076 2608 ei

413 2618 609 2660 parantur
626 2616 707 2662 483,
723 2617 898 2661 16—484,
912 2619 944 2654 6.
984 2630 1075 2655 cum

413 2663 555 2698 Turcis
570 2664 783 2709 baptizatis
802 2666 934 2712 iungit
952 2668 1075 2703 socie-

412 2712 533 2745 tatem
548 2710 628 2755 484,
644 2712 769 2748 7—19.
797 2714 849 2748 ad
867 2724 959 2750 eum
974 2715 1075 2760 Elga

413 2758 524 2793 venit
573 2763 611 2793 et
652 2760 882 2805 baptizatur
921 2762 1073 2806 484‚19.

412 2805 754 2851 Theophanonem
793 2809 872 2844 filio
907 2809 1074 2855 despon-

414 2854 480 2888 det
504 2853 586 2895 485,
600 2854 632 2888 3.
684 2856 758 2890 sub
786 2866 832 2891 eo
860 2857 1073 2903 Theophy-

413 2899 517 2935 lacto
539 2902 719 2937 succedit
731 2902 976 2949 Polyeuctus
991 2905 1073 2948 485,

415 2947 588 2992 11—487,
602 2949 635 2984 2.
661 2950 736 2986 sub
763 2960 810 2986 eo
837 2951 1075 2989 Praecurso-

977 254 1250 295 Κωνσταντῖνος.

1202 376 1255 411 ris
1274 385 1418 411 manus
1437 374 1589 422 Cpolim
1610 375 1767 422 perlata
1782 377 1863 423 487,

1200 423 1232 458 9.
1284 424 1335 458 ab
1375 423 1575 470 Agarenis
1608 423 1864 462 Cretensibus

1201 472 1287 506 eius
1307 471 1390 506 dux
1410 474 1578 517 sugatur
1591 471 1672 517 487,
1690 473 1743 508 11.
1767 473 1864 509 Bar-

1193 519 1272 554 rdas
1299 519 1455 554 Phocas
1487 520 1574 555 eius
1600 520 1684 555 dux
1709 519 1863 566 Agare-

1199 576 1274 602 nos
1318 567 1533 602 orientales
1575 567 1693 613 fugat
1734 568 1816 612 488,
1830 569 1862 604 3.

1199 614 1404 649 Romanus
1438 624 1530 649 eum
1563 615 1703 651 tollere
1729 617 1865 652 studet

1198 662 1322 704 488,8.
1351 662 1750 706 obit488,18-—489,7.
1778 665 1864 700 eius

1199 711 1307 745 vitae
1335 714 1373 745 et
1399 710 1516 755 regni
1535 712 1706 755 spatium
1734 711 1816 754 489,
1831 712 1862 747 7.

1198 767 1328 802 usque
1355 758 1407 792 ad
1434 759 1542 792 vitae
1568 758 1688 793 finem
1716 759 1766 794 de
1790 759 1864 795 Po-

1198 805 1358 850 lyeucto
1372 805 1608 850 expellendo
1621 807 1774 851 cogitat
1781 807 1863 850 488,

1199 853 1253 887 18.
1275 853 1356 897 489,
1371 853 1421 887 12.
1450 855 1648 888 ostentum
1669 858 1762 890 ante
1777 855 1864 890 eius

1198 901 1351 935 obitum
1377 901 1458 942 489,
1477 900 1532 935 14.
1572 921 1614 926 —
1649 900 1709 936 ΙΙΙ
1734 901 1815 945 490,
1829 902 1862 938 3.

1197 948 1277 992 527,
1292 949 1324 983 5.
1352 948 1432 990 675,
1447 949 1501 983 20.

1154 1014 1188 1020 -—
1224 996 1276 1030 16.
1305 996 1474 1031 Romani
1493 996 1521 1030 I.
1549 995 1754 1041 Lacapeni
1781 996 1806 1030 f.
1838 1007 1862 1031 a

1199 1043 1459 1080 Constantino
1475 1043 1560 1079 VII.
1586 1047 1726 1079 tonsus
1746 1047 1785 1079 et
1803 1053 1862 1079 re-

1196 1092 1356 1137 legatus
1377 1091 1594 1135 1114so,14.
1621 1091 1767 1136 481,16.
1794 1101 1862 1127 ne-

1198 1146 1312 1175 catur
1337 1139 1419 1182 482,
1434 1139 1466 1175 1.

1150 1205 1192 1211 —
1214 1188 1268 1222 17.
1284 1187 1388 1222 VIII.
1407 1187 1579 1222 Romani
1597 1185 1646 1222 ΙΙ.
1665 1186 1691 1221 f.
1705 1186 1764 1221 III
1781 1186 1863 1230 490,

1198 1236 1252 1270 11.
1287 1235 1492 1270 Tzimiscis
1518 1235 1635 1280 regni
1661 1235 1863 1280 particeps

1197 1284 1278 1326 519,
1297 1284 1350 1317 11.
1403 1293 1493 1317 cum
1524 1283 1648 1317 fratre
1678 1282 1864 1317 Tzimisci

1198 1331 1392 1373 succedit,
1419 1330 1490 1366 sed
1518 1331 1652 1365 omnia
1679 1333 1773 1366 sunt
1798 1341 1863 1376 pe-

1198 1390 1269 1415 nes
1295 1379 1487 1413 Basilium
1521 1378 1747 1423 praesidem
1781 1377 1862 1423 537,

1199 1427 1255 1462 17.
1282 1426 1427 1471 538,15.
1441 1426 1495 1460 18.
1523 1426 1610 1461 eius
1623 1429 1770 1460 natura
1780 1425 1861 1470 539,

1198 1475 1230 1510 7.
1258 1474 1338 1519 555,
1353 1474 1482 1509 9-15.
1516 1474 1652 1508 fratris
1670 1474 1802 1508 socius
1820 1474 1862 1508 in

1197 1523 1452 1568 reprimendo
1489 1521 1650 1556 Phocae
1686 1521 1863 1556 tumultu

1197 1571 1277 1614 553,
1292 1570 1443 1614 4—554‚
1459 1570 1490 1604 6.
1517 1569 1614 1603 nihil
1639 1568 1761 1603 habet
1785 1569 1862 1603 nisi

1197 1628 1344 1654 nomen
1363 1619 1519 1663 regium
1545 1617 1627 1658 555,
1642 1616 1674 1651 9.
1713 1615 1861 1652 Basilio

1196 1666 1244 1700 ΙΙ.
1260 1666 1440 1704 succedit
1458 1665 1538 1709 569,
1554 1665 1585 1700 7.
1614 1665 1700 1699 eius
1713 1668 1862 1699 natura

1196 1714 1278 1756 569,
1290 1714 1463 1755 10—570‚
1476 1713 1530 1747 13.
1549 1712 1631 1754 571,
1643 1712 1746 1746 1—8.
1774 1712 1862 1747 eius

1195 1762 1347 1796 familia
1373 1761 1452 1805 570,
1470 1759 1644 1804 14—571‚
1660 1759 1690 1794 1.
1730 1759 1811 1802 573,
1826 1759 1858 1794 9.

1195 1809 1276 1852 574,
1293 1809 1346 1844 13.
1379 1810 1453 1844 sub
1473 1819 1520 1843 eo
1536 1808 1777 1842 Patzinacae
1802 1808 1862 1842 fu-

1195 1858 1281 1903 gati
1299 1856 1522 1899 571,9—14.
1555 1855 1706 1890 tributa
1733 1855 1861 1900 exigit

1195 1905 1346 1949 571,14.
1398 1904 1579 1950 Agareni
1611 1903 1686 1938 sub
1720 1912 1768 1938 eo
1802 1905 1861 1938 fu-

1196 1954 1281 1999 gati
1307 1953 1389 1995 572,
1403 1953 1435 1988 2.
1486 1951 1668 1987 Romano
1695 1950 1857 1996 Argyro

1196 2001 1301 2036 Zoae
1358 2001 1571 2036 coniuncto
1628 2008 1860 2034 successore

1196 2049 1279 2084 obit
1297 2048 1378 2091 572,
1393 2047 1545 2091 6-573,
1563 2047 1615 2081 14.
1644 2047 1730 2081 eius
1748 2047 1858 2081 vitae

1196 2099 1235 2132 et
1268 2097 1385 2141 regni
1425 2096 1598 2141 spatium
1636 2094 1788 2136 573,11.
1817 2114 1859 2119 —

1194 2144 1254 2179 III
1279 2144 1358 2188 574,
1374 2145 1406 2179 7.
1433 2143 1512 2187 575,
1530 2143 1582 2177 15.
1613 2142 1693 2186 576,
1708 2141 1812 2177 2—8.

1148 2211 1190 2216 —
1219 2193 1274 2227 18.
1301 2193 1321 2226 ό
1336 2192 1471 2236 Χάρων
1488 2194 1657 2226 necatur
1683 2200 1707 2224 a
1725 2189 1860 2225 Barda

1196 2240 1331 2275 Phoca
1357 2239 1414 2274 III
1440 2239 1522 2281 526,
1536 2238 1663 2273 5—16.

1148 2306 1191 2311 --
1220 2288 1274 2322 19.
1302 2288 1323 2322 o‘
1345 2287 1510 2332 Διογένης
1535 2286 1774 2321 Patzinacas
1800 2286 1858 2321 fu-

1195 2338 1266 2381 gat
1290 2335 1348 2370 III
1373 2335 1454 2377 571,
1473 2333 1599 2369 9—14.
1635 2333 1763 2368 affinis
1785 2332 1859 2368 Ro-

1193 2384 1302 2418 mani
1329 2382 1398 2417 111.
1425 2383 1476 2417 ab
1497 2381 1635 2417 eodem
1657 2383 1697 2416 in
1717 2382 1858 2417 turrim

1194 2431 1399 2466 coniectus
1425 2429 1504 2474 574,
1522 2429 1575 2464 13.
1603 2429 1683 2471 684,
1697 2430 1729 2465 5.
1775 2429 1858 2463 obit

1194 2478 1369 2522 579,10.“
1390 2478 1595 2513 Romanus
1621 2477 1684 2512 IV.
1712 2477 1858 2523 Dioge-

1193 2536 1265 2562 nes
1290 2527 1377 2561 eius
1403 2526 1428 2560 f.
1455 2524 1615 2569 684,4s.

1147 2593 1191 2599 —
1217 2574 1274 2609 20.
1301 2574 1321 2608 ὁ
1344 2574 1569 2617 Δαλασσηνός
1601 2582 1720 2617 quem
1756 2571 1857 2607 Con-

1194 2622 1393 2656 stantinus
1435 2620 1540 2656 VIII.
1591 2620 1678 2655 vult
1720 2620 1856 2655 facere

1194 2679 1311 2705 suum
1337 2678 1533 2714 generum
1570 2667 1628 2702 III
1654 2667 1781 2711 572,8.
1833 2677 1858 2701 a

1192 2717 1386 2751 Michaele
1404 2715 1467 2751 IV.
1494 2717 1627 2751 iussus
1648 2716 1798 2760 degere
1816 2715 1858 2749 in

1192 2765 1293 2799 urbe
1309 2764 1388 2807 588,
1401 2763 1527 2798 3—12.
1555 2763 1761 2808 relegatus
1775 2762 1856 2805 589,

1191 2813 1224 2847 6.
1242 2813 1284 2846 in
1297 2812 1398 2847 turri
1408 2811 1585 2846 inclusus
1595 2812 1742 2854 589,10.
1771 2811 1856 2846 eius

1191 2859 1615 2942 {anelicssnsnantistt‘us
1630 2859 1765 2941 {2113}ch
1775 2859 1856 2901 589,

1217 2934 1224 2942 .
1251 2917 1275 2942 a
1332 2917 1380 2942 oe
1406 2916 1540 2952 sperni
1561 2917 1608 2942 ur
1642 2921 1654 2940 ⁴»
1704 2933 1712 2951 ,
1764 2917 1791 2941 s.

1147 2973 1189 2980 -
1216 2954 1273 2990 21.
1299 2955 1320 2990 ὃ
1343 2956 1484 2994 Δοῦκας
1512 2954 1762 2991 Constantini
1778 2953 1854 2989 Da-
