2054 3282
319 201 391 240 484
676 198 856 239 ZONAR.
884 198 1013 236 ΕΡΙΤ.
1040 196 1131 236 XVI
1158 198 1213 244 21,
1242 195 1392 244 11-22‚
1418 195 1451 235 2.

320 340 399 377 ρας
427 325 594 378 ἔχοντος
625 323 695 364 καὶ
725 322 986 376 βουλομένου
1017 320 1088 361 τὸν
1109 319 1329 373 Ῥωμανὸν
1361 320 1633 374 ἐπαναγαγεῖν
1665 321 1711 362 ἐκ
1742 324 1814 376 τῆς

262 391 505 446 12Πρώτης
536 393 592 437 εἰς
622 391 670 431 τὰ
702 391 905 445 βασίλεια·
944 390 968 443 ἡ
1003 388 1048 429 δὲ
1078 386 1178 442 παρ’
1212 389 1381 442 ἑτέρων,
1412 387 1484 430 τὸν
1514 388 1735 443 Στέφανον
1766 389 1813 430 ἐκ

322 460 487 514 Λέσβου
531 460 669 514 λαβεῖν
708 457 1019 512 μελετησάντων
1056 456 1126 497 καὶ
1169 456 1506 511 ἀποκαταστῆσαι
1537 461 1586 511 τῇ
1615 457 1864 512 βασιλείᾳ.1)
1883 460 1935 498 lV
1949 462 1996 497 68
2038 464 2039 468 ’

263 533 306 567 13
320 527 421 568 ἀλλὰ
465 527 533 568 καὶ
571 528 705 580 ἄμφω
744 525 816 570 τὰς
857 524 1080 578 ἐπιβουλὰς
1111 525 1135 566 ὁ
1167 525 1484 571 Κωνσταντῖνος
1515 525 1713 580 ἐφώρασε
1743 525 1814 567 καὶ

319 595 414 640 τοὺς
444 595 522 648 μὲν
554 593 802 647 συνωμότας
834 592 1020 646 ἐκόλασε,
1053 591 1150 638 τοὺς
1182 593 1227 634 δὲ
1257 593 1551 648 βασιλειῶντας
1582 591 1652 635 ὑπ’
1676 594 1850 648 ἄστρα-ἶ)

318 663 510 716 λεστέραν
541 663 661 703 ἔθετο
692 662 873 715 τήρησιν.

262 737 304 770 14
440 730 534 771 Τῶν
569 730 773 782 Τούρκων
805 729 852 770 δέ
885 728 998 782 (τοὺς
1030 727 1066 770 δ’
1102 729 1323 784 Οὕγγρους
1354 730 1465 771 οὕτω
1497 731 1714 772 καλεῖσθαι
1744 729 1815 772 καὶ

317 797 468 852 πρῴην
505 796 747 851 εἰρήκαμεν)
793 797 841 837 τὰ
875 797 1099 851 Ῥωμαίων
1142 798 1402 852 ληιζομένων
1442 798 1510 839 ἐπί
1543 814 1629 840 τινα
1666 798 1815 852 καιρὸν

263 868 522 921 Ῑῦἠρεμῆσαι
554 866 600 906 τὸ
632 866 758 911 ἔθνος
789 866 1065 919 συμβέβηκεν.
1128 866 1152 907 ὁ
1179 866 1258 920 γὰρ
1280 867 1441 907 τούτων
1462 867 1705 921 ἀρχηγετῶν
1726 866 1814 908 Bo-

275 934 524 988 Βλοσουὸὴς
561 934 816 988 κεκλημένος
854 933 924 974 καὶ
962 935 1101 988 ἕτερος
1140 932 1176 974 δ’
1216 934 1340 980 αὖθις
1375 934 1420 975 Γ
1415 935 1529 988 υλᾶς,
1574 935 1644 976 καὶ
1689 934 1816 981 αὐτὸς
1831 942 1876 977 10

263 1010 304 1043 16
316 1003 474 1056 μέρους
505 1003 664 1056 ἄρχων,
709 1002 1000 1056 προσηλθέτην
1030 1008 1091 1057 τῷ
1121 1003 1297 1057 βασιλεῖ·
1342 1003 1414 1044 καὶ
1458 1004 1633 1049 ἕκαστος
1675 1004 1816 1045 αὐτῶν

317 1075 390 1111 τοῦ
422 1071 541 1112 θείου
573 1076 644 1125 τῆς
675 1071 982 1124 παλιγγενεσίας
1014 1072 1181 1125 ἠξιώθη
1213 1071 1392 1125 λουτροῦ
1419 1071 1491 1112 καὶ
1510 1071 1557 1113 τὸ
1578 1069 1680 1114 καθ’
1704 1072 1817 1126 ἡμᾶς

112 1145 224 1181 WIII
238 1146 304 1180 156
318 1139 486 1194 ἐμυήθη
517 1140 761 1193 μυστήριον,
793 1139 863 1181 καὶ
885 1140 1101 1193 πατρίκιος
1125 1140 1302 1194 ἐτιμήθη
1326 1140 1535 1195 ἑκάτερος,
1567 1140 1638 1181 καὶ
1663 1155 1814 1194 κατην-

316 1208 531 1262 τλήθησαν
561 1209 746 1262 χρήμασι
775 1207 846 1249 καὶ
879 1209 1015 1252 οὕτως
1047 1208 1368 1262 ε’πανῆλθον”ει’ς
1388 1207 1436 1249 τὰ
1459 1209 1546 1263 ἤθη
1568 1207 1616 1249 τὰ
1639 1209 1815 1261 ἑαυτῶν,

295 1276 513 1330 λαβόντες
544 1276 615 1317 καὶ
646 1276 854 1330 ἀρχιερέα,
889 1275 939 1317 δι’
974 1274 1025 1317 οὗ
1057 1276 1202 1325 πολλοὶ
1233 1276 1341 1330 πρὸς
1373 1277 1593 1330 ε’πίγνωσιν
1613 1281 1687 1318 τοῦ
1708 1277 1815 1318 θεοῦ
1831 1284 1876 1319 15

262 1351 303 1387 17
317 1344 646 1399 μετηνέχθησαν.
710 1343 796 1385 ἀλλ’
831 1344 855 1384 ὁ
885 1344 963 1398 μὲν
994 1344 1134 1390 Γυλᾶς
1164 1344 1235 1386 καὶ
1274 1350 1323 1399 τῇ
1361 1345 1487 1391 πίστει
1525 1345 1703 1399 ἐνέμεινε
1745 1344 1817 1387 καὶ

261 1419 304 1453 ’18
318 1412 391 1466 τὴν
429 1413 596 1467 εἰρήνην
633 1413 841 1467 ἐτήρησεν.
903 1413 928 1453 ὁ
961 1412 1006 1453 δὲ
1036 1412 1182 1458 λοιπὸς
1211 1412 1284 1458 τὰς
1314 1412 1422 1467 πρὸς
1457 1412 1562 1455 θεὸν
1598 1414 1817 1469 συνθήκας

319 1480 542 1535 ἠιθετηκὼς
573 1479 697 1526 αὖθις
727 1480 832 1522 κατὰ
860 1480 1085 1535 Ῥωμαίων
1117 1481 1331 1535 ὡπλίζετο,
1375 1485 1497 1523 τοῦτο
1531 1482 1577 1523 δὲ
1607 1481 1678 1523 καὶ
1709 1481 1814 1524 κατὰ

261 1555 305 1590 19
325 1548 536 1603 Φράγγων
572 1553 739 1604 ποιῆσαι
780 1550 1042 1603 ἐπιχειρήσας
1074 1549 1184 1590 ἑάλω
1217 1549 1287 1590 καὶ
1319 1550 1623 1604 ἄνεσταύρωτο.
1686 1550 1757 1591 καὶ
1789 1551 1814 1605 ἡ

319 1675 340 1711 7
365 1675 445 1719 περὶ
477 1675 649 1720 Οὔγγρων
676 1675 739 1711 CE

392 1795 424 1830 1.
450 1795 473 1830 2
498 1794 538 1829 ἔκ
566 1808 594 1830 τ,
619 1808 680 1838 πρ.
703 1795 709 1837 Ι
731 1793 956 1840 ἐπαναγαγεῖν
974 1794 1009 1844 D
1135 1794 1158 1830 2
1184 1798 1277 1830 ante
1301 1796 1351 1833 εἷς
1377 1795 1468 1830 add.
1495 1795 1604 1841 νήσου
1631 1795 1738 1842 Ewp,
1766 1796 1815 1830 cf.

391 1841 505 1877 Cedr.
533 1841 723 1887 (Scylitz.)
748 1842 786 1876 ΙΙ
813 1853 849 1888 p.
868 1842 948 1887 327,
974 1844 1018 1876 18
1114 1842 1136 1877 4
1162 1843 1314 1888 ἒῳόρασε
1339 1846 1537 1878 mutatum
1565 1853 1617 1878 ex
1641 1843 1816 1888 ἕφόρασεν

391 1893 443 1931 (V.
459 1890 511 1924 ad
525 1889 621 1924 XIII
638 1889 719 1934 l,5)
748 1890 778 1924 E
887 1890 909 1924 5
934 1891 1127 1935 συνομότας
1154 1890 1299 1936 DEwp‚
1327 1892 1578 1935 συνωμοκότας
1603 1890 1634 1926 C
1730 1891 1752 1926 7
1778 1890 1817 1925 δὲ

390 1937 472 1982 AR,
500 1947 575 1972 om.
603 1938 687 1983 W*p
785 1937 817 1972 δ’
843 1937 1018 1983 οὔγκρους
1045 1936 1091 1980 A,
1117 1937 1286 1983 οῐῗγγρους
1313 1938 1344 1973 δ’
1371 1937 1480 1984 pr‚
1506 1938 1677 1984 οὔγγρους
1702 1938 1741 1973 δὲ
1767 1937 1815 1980 D,

390 1984 430 2020 δὲ
454 1985 625 2030 οὕγγρους
651 1985 730 2029 Dw,
757 1985 791 2019 δ’
817 1985 988 2031 οῧγγρους
1014 1985 1071 2019 Di
1177 1987 1209 2022 7.
1237 1986 1258 2021 8
1284 1985 1344 2020 καὶ
1367 1986 1494 2031 πρώην
1519 1986 1712 2032 εἰρήκαμεν
1739 1996 1815 2021 om.

389 2032 437 2077 D,
465 2032 594 2078 suppl.
620 2032 687 2070 Dw
715 2033 800 2075 (sed
828 2036 1035 2078 ειρηκαμεν)
1132 2034 1155 2068 8
1178 2033 1319 2078 πρῴην]
1346 2033 1438 2069 XVI
1467 2034 1520 2078 12,
1549 2034 1593 2069 19
1690 2033 1712 2068 9
1736 2033 1815 2078 ᾔρε-

387 2086 496 2163 ’ὁῖᾎαιῖ
525 2080 723 2170 (3332)
748 2127 785 2162 11
804 2139 828 2173 p
839 2080 1059 2163 βὲἕὲσῗδὴς
1079 2080 1411 2174 ῧΒᾶρῖοέἑῗιγὲἷῗήῖς
1428 2080 1550 2174 fgwp’
1575 2081 1816 2174 ῗὲυέἷὲἷῖἷὲζ

498 2156 505 2163 .
600 2165 608 2174 ,
701 2156 707 2163 .
833 2156 839 2163 .
931 2155 939 2172 ,
1285 2154 1292 2163 .

391 2175 421 2210 Β
522 2176 565 2212 15
590 2175 650 2211 καὶ
677 2186 751 2211 om.
780 2175 815 2210 D

261 2294 305 2329 13
319 2296 387 2340 qui
407 2294 654 2342 Stephanum
682 2306 730 2330 ex
756 2294 888 2331 Lesbo
915 2297 955 2331 in
982 2306 1153 2341 regnum
1181 2297 1393 2331 restituere
1420 2296 1684 2332 conabantur.
1735 2295 1814 2332 Sed

318 2353 390 2378 rex
409 2344 592 2389 utrisque
610 2343 764 2378 insidiis
784 2343 1045 2389 deprehensis
1063 2348 1103 2379 et
1121 2344 1424 2379 insidiatoribus
1443 2343 1638 2389 supplicio
1659 2344 1814 2379 affectis

319 2391 378 2433 iis,
405 2392 474 2436 qui
500 2392 551 2426 im
585 2392 655 2426 erii
683 2391 819 2437 cupidi
846 2395 971 2436 erant,
1001 2391 1297 2437 diligentiorem
1324 2391 1548 2426 custodiam
1575 2391 1768 2427 adhibuit.

261 2436 306 2471 14
439 2437 518 2474 Sed
551 2402 673 2473 qurci
715 2438 892 2484 (Ungros
933 2442 1067 2475 autem
1102 2439 1158 2474 sie
1192 2439 1331 2474 vocari
1363 2448 1486 2484 supra
1520 2438 1708 2480 diximus)
1739 2438 1814 2474 Ro-

262 2484 305 2519 15
319 2496 461 2522 manas
488 2486 719 2531 provincias
743 2487 952 2522 incursare
971 2487 1074 2522 soliti
1095 2486 1148 2521 ad
1165 2490 1323 2532 tempus
1343 2486 1467 2530 quieti
1487 2486 1662 2520 fuerunt.
1713 2485 1813 2521 Nam

320 2533 404 2568 dux
433 2543 573 2569 eorum
598 2533 821 2569 Bolosudes
848 2538 886 2569 et
913 2535 1038 2580 partis
1069 2534 1279 2569 cuiusdam
1310 2534 1496 2579 princeps
1523 2533 1648 2579 Gylas
1674 2543 1812 2579 regem

261 2579 306 2614 16
320 2584 612 2624 convenerunt,
637 2582 838 2626 amboque
865 2585 1122 2617 sacrosancto
1145 2582 1465 2627 regenerationis
1485 2581 1646 2616 lavaero
1667 2582 1811 2616 initiati

320 2631 359 2662 et
385 2629 545 2664 areanis
570 2631 733 2664 nostrae
759 2628 967 2675 religionis
993 2629 1134 2664 imbuti
1161 2639 1209 2663 ac
1235 2629 1404 2674 patricia
1436 2628 1635 2674 dignitate
1669 2630 1811 2672 ornati,

321 2676 453 2710 onusti
479 2676 661 2721 pecuniis
687 2677 728 2711 in
759 2686 854 2712 suas
885 2677 1002 2712 sedes
1034 2676 1253 2722 redierunt,
1291 2676 1467 2711 adducto
1502 2676 1702 2721 pontifice,
1741 2685 1813 2721 per

262 2722 305 2757 17
321 2732 439 2767 quem
465 2724 578 2758 multi
606 2723 658 2758 ad
682 2723 745 2758 dei
773 2724 1046 2769 cognitionem
1074 2726 1358 2770 pervenerunt.
1409 2722 1468 2758 Ae
1495 2723 1619 2768 Gylas
1650 2724 1811 2768 quidem

262 2769 307 2804 18
319 2770 360 2804 in
387 2769 466 2806 fide
492 2772 712 2816 permansit
738 2781 960 2816 pacemque
987 2772 1177 2807 servavit.
1228 2770 1340 2806 Alter
1366 2771 1542 2814 foedere,
1582 2770 1689 2816 quod
1721 2780 1810 2805 cum

321 2816 397 2852 deo
424 2818 561 2862 iceret,
594 2822 714 2864 rupto
742 2829 854 2854 arma
879 2818 1070 2854 Romanis
1094 2818 1228 2854 intulit
1253 2818 1440 2863 idemque
1468 2823 1608 2854 eontra
1634 2817 1811 2853 Francos

263 2863 308 2899 19
321 2864 455 2900 faeere
482 2875 703 2911 aggressus
730 2868 872 2912 eaptus
899 2870 958 2902 est
984 2869 1023 2902 et
1055 2867 1096 2902 in
1129 2875 1289 2902 crucem
1322 2869 1446 2902 actus.
1497 2866 1598 2911 Elga
1636 2874 1810 2911 quoque,
