2054 3282
2036 0 2054 160 1

380 248 449 282 252
773 247 952 284 zoNAR.
980 247 1111 283 EPIT.
1139 246 1210 283 xv
1241 246 1268 291 1,
1297 245 1424 290 20-2‚
1452 246 1484 280 ε).
2051 241 2054 261 ·

2048 317 2054 334 1

380 370 605 423 ἐνιαυτούς,
651 369 730 423 ὀψὲ
763 369 834 410 καὶ
864 368 983 422 μόλις
1015 368 1310 421 ἐπανελήλυθε,
1354 368 1458 422 μήτε
1489 367 1559 409 τὸν
1593 366 1875 410 Ἰουστινιανὸν
2044 333 2054 482 i

2044 483 2054 562 Ξ

2047 675 2054 709 ἢ

1007 437 1105 490 ιιήτε
1135 436 1221 490 μὴν
1252 435 1323 476 τὸν
1359 436 1605 477 Φιλιππικόν
1639 436 1875 492 (καθῄρητο

1001 475 1007 490 Ι

380 438 574 492 εὑρηκώς
613 437 812 492 (ἀνῄρητο
846 436 957 491 γάρ),

319 507 361 542 21
382 506 460 560 γὰρ
482 507 710 560 πηρωθείς,
744 507 805 551 ὡς
831 507 998 559 εἴρηται,
1031 504 1102 545 καὶ
1122 504 1170 545 τὰ
1195 503 1394 558 ὄμματα).
1456 505 1665 558 πρόσεισιν
1686 503 1762 546 οὗν
1784 505 1874 558 Ἀρ-

379 576 507 628 τεμίῳ
551 575 805 628 βασιλεύοντι
844 574 950 614 τότε·
997 573 1020 613 ὁ
1054 573 1098 613 δὲ
1135 572 1205 613 καὶ
1242 573 1486 627 προσήκατο
1525 573 1651 614 αὐτὸν
1689 574 1877 627 εὐμενῶς

380 643 451 684 καὶ
497 642 725 696 στρατηγὸν
771 646 844 683 τοῦ
891 645 975 683 τῶν
1022 641 1280 682 ἀνατολικῶν
1326 642 1636 695 προεχειρίσατο
1680 642 1911 696 θέματος.5

320 713 366 747 22
379 711 514 764 τούτῳ
554 715 667 764 γοῦν,
713 711 774 756 ὡς
813 711 980 764 εἴρηται,
1027 710 1158 764 δῆθεν
1197 710 1373 763 ἀμύνων
1416 711 1564 764 ἀντῆρε
1607 715 1723 765 χεῖρα
1769 710 1875 752 κατὰ
2052 754 2054 761 ,

385 778 616 820 Θεοδοσίου
648 779 719 819 καὶ
749 783 834 819 τῶν
866 780 1093 833 σκήπτρων
1125 779 1291 832 γέγονεν
1323 779 1526 834 ἐγκρατής
1563 778 1617 833 (ὦ
1648 780 1753 821 ’θεοῦ
1785 787 1925 834 κρι-Ι)
1944 766 2054 830 ΙΙΙδὲ

378 847 526 900 μάτων
569 847 753 901 ἄβυσσος
797 846 1101 901 ἀκατάληπτος)
1148 847 1219 888 καὶ
1262 848 1408 889 αὐτίκα
1454 848 1527 902 τὴν
1564 848 1777 902 θυγατέρα
1814 853 1876 901 τῷ

319 918 365 952 23
381 915 651 969 Ἄρταβάσδῳ
684 910 900 969 συνῴκισε,
938 917 1260 970 κουροπαλάτην
1291 916 1417 958 αὐτὸν
1447 918 1634 972 τιμήσας.
1698 917 1874 959 ΙΙῙάσαλ-

378 999 463 1037 ,ιιας
496 983 540 1025 δὲ
573 984 596 1024 ὁ
628 987 713 1025 τῶν
736 984 928 1038 Ἀράβων
960 984 1146 1039 ἀρχηγὸς
1167 986 1212 1032 ἐξ
1235 985 1412 1039 Ἀβύδου
1445 985 1520 1027 σὺν
1549 986 1721 1040 μεγάλῳ
1752 1001 1875 1040 στρα-
1892 989 1937 1024 10

379 1052 545 1106 τεύματι
576 1052 683 1106 πρὸς
706 1051 882 1107 Θρᾴκην
912 1053 1167 1106 περαιωθεὶς
1197 1053 1304 1095 πολὺ
1335 1054 1412 1107 μὲν
1439 1058 1512 1109 τῆς
1534 1053 1748 1108 Θρᾳκῴας
1770 1055 1876 1109 ἐληί-

321 1123 366 1158 ‘24
380 1136 481 1161 σατο
510 1121 669 1175 χώρας,
701 1126 751 1176 τῇ
775 1121 819 1163 δὲ
840 1122 1116 1177 βασιλευούσῃ
1139 1126 1224 1163 τῶν
1244 1122 1410 1164 πόλεων
1431 1122 1687 1177 προσβαλὼν
1708 1123 1876 1177 χάρακα

379 1188 495 1242 παρὰ
527 1193 611 1235 τοῖς
647 1190 752 1231 κατὰ
790 1191 941 1245 χέρσον
978 1192 1105 1245 αὐτῆς
1144 1191 1324 1245 ἐπήξατο
1363 1192 1518 1245 τείχεσι,
1563 1191 1634 1232 καὶ
1670 1190 1722 1246 ἦν
1752 1190 1878 1237 αὐτὸς

379 1257 457 1312 μὲν
496 1259 687 1300 ἐντεῦθεν
725 1259 877 1314 ταύτην
919 1259 1174 1313 πολιορκῶν,
1220 1260 1266 1300 ἐκ
1307 1259 1352 1301 δὲ
1389 1259 1605 1314 θαλάσσης
1636 1258 1711 1301 σὺν
1742 1259 1877 1312 στόλῳ

381 1387 403 1421 9
435 1389 484 1422 ὅτι
516 1389 552 1423 οἶ
581 1392 671 1432 (om.
701 1388 743 1433 C)
770 1390 916 1434 ’Ἄραβες
948 1390 987 1431 ἐξ
1009 1389 1154 1435 Ἀβύδου
1185 1390 1395 1433 περάσαντες
1427 1389 1488 1434 τὴν
1518 1389 1619 1424 πόλιν
1648 1389 1878 1433 ἐπολιόρκουν

381 1435 470 1470 κατὰ
495 1441 559 1480 γῆν
583 1450 617 1470 τε
643 1437 703 1471 καὶ
728 1437 919 1472 θάλατταν·
947 1438 1006 1472 καὶ
1032 1443 1157 1476 κακῶς
1183 1438 1432 1482 ἀπηλλάγησαν
1458 1437 1717 1482 ἀμφοτέρωθεν
1743 1436 1806 1473 ΟΕ

453 1555 475 1590 3
501 1555 648 1600 εἴρηται]
676 1555 766 1591 XIV
793 1556 850 1601 26,
874 1557 916 1591 10
988 1557 1009 1591 5
1037 1557 1228 1601 στρατηγὸν
1254 1554 1421 1602 prDi,
1450 1561 1653 1601 στρατηγῶν
1679 1555 1714 1590 Α
1787 1555 1808 1590 6
1833 1556 1877 1590 εἴ·

452 1603 565 1648 ρηται]
591 1603 682 1638 XIV
701 1603 756 1646 28,
772 1604 794 1638 ‘2
872 1607 962 1649 post
987 1604 1075 1639 κατὰ
1102 1604 1194 1639 add.
1221 1610 1281 1639 τοῦ
1308 1604 1403 1649 Ewp
1480 1605 1501 1639 7
1527 1603 1618 1646 ὦΑ,
1645 1604 1674 1638 ὢ
1692 1601 1875 1648 stpDi,

455 1661 491 1685 v.
520 1650 810 1696 Goettlingium
838 1652 860 1686 1.
889 1663 919 1686 o.
948 1663 984 1697 p.
1009 1652 1079 1687 362
1106 1657 1143 1687 et
1172 1663 1265 1687 ann.
1293 1662 1403 1696 sequ.
1545 1652 1566 1686 8
1593 1650 1758 1696 ἄβυσσος]
1785 1650 1876 1685 Huc

454 1699 669 1734 referenda
704 1702 798 1734 sunt
827 1710 884 1742 ea,
926 1710 1031 1744 quae
1058 1699 1249 1735 Suieerus
1281 1700 1399 1734 affert
1431 1700 1472 1733 in
1507 1700 1605 1734 thes.
1633 1699 1726 1734 oecl.
1757 1710 1790 1743 p.
1821 1698 1875 1733 11.

454 1746 492 1781 ΙΙ
517 1746 590 1791 Ξας
630 1751 843 1791 praeterea
869 1748 1143 1782 nominativus
1170 1758 1242 1792 pro
1270 1747 1458 1782 vocativo
1487 1747 1712 1790 adhibetur,
1739 1747 1877 1790 itaque

454 1794 712 1829 scribendum
740 1798 799 1829 est
818 1795 858 1838 ὦ,
888 1806 968 1830 non
989 1795 1018 1829 ὢ
1124 1796 1184 1829 καὶ
1212 1794 1290 1838 AE,
1316 1795 1523 1840 βασιλεύσας
1549 1794 1588 1829 δὲ
1612 1795 1724 1832 οὕτως
1750 1793 1878 1838 (οὕτῶς

455 1841 506 1883 D)
533 1841 612 1885 CD,
637 1842 846 1887 βασιλεύσας
872 1842 904 1877 δ’
930 1844 1022 1877 οὕτω
1050 1843 1091 1886 Β,
1118 1843 1326 1888 βασιλεύσας
1353 1842 1392 1877 δὲ
1417 1844 1510 1877 οὕτω
1537 1841 1622 1887 w*p
1721 1841 1753 1876 8.
1780 1841 1802 1876 9
1829 1847 1878 1885 τῷ

453 1889 668 1934 ἄρταβάσόῳ
693 1889 756 1935 τὴν
782 1890 955 1935 θυγατέρα
982 1890 1012 1925 O
1127 1891 1149 1925 9
1175 1890 1362 1934 συνώκησε
1388 1891 1475 1931 (Sic)
1502 1889 1536 1924 A
1649 1889 1794 1933 τιμήσας
1819 1889 1878 1924 αὖ·

454 1938 522 1972 τόν.
550 1936 581 1972 Ο
675 1938 860 1982 μάσαλμας
886 1937 1035 1981 ACDw,
1063 1937 1109 1973 G.
1136 1938 1183 1972 M.
1212 1949 1247 1982 p.
1267 1938 1347 1980 637,
1366 1937 1399 1980 2,
1427 1938 1497 1972 Th.
1523 1937 1572 1972 M.
1601 1948 1636 1982 p.
1657 1937 1735 1981 1⁵22,
1763 1936 1878 1972 Cedr.

454 1985 472 2019 I
498 1995 536 2030 p.
560 1984 640 2028 800,
667 1985 699 2027 5,
725 1986 910 2029 μασάλμας
937 1984 1092 2031 EwpDi
1118 1985 1161 2020 L.
1189 1985 1235 2021 G.
1263 1997 1298 2031 p.
1329 1985 1406 2029 177,
1433 1985 1491 2029 22,
1527 1985 1709 2029 μασάλδας
1735 1984 1776 2028 Β,
1813 1985 1878 2029 μά-

454 2033 582 2071 σαλόας
600 2031 636 2066 D
738 2033 778 2067 11
805 2033 983 2077 ἐληίσαντο
1002 2033 1031 2067 Β
1133 2033 1175 2067 12
1199 2032 1423 2078 προσβαλὼν]
1450 2032 1664 2077 περαιωθεὶς
1685 2043 1735 2067 ex
1757 2042 1878 2067 versu

454 2080 710 2115 antecedenti
736 2082 882 2125 repetit
910 2081 939 2116 C
1075 2081 1265 2125 χαράκακα
1292 2080 1339 2122 D,
1367 2091 1468 2115 corr.
1495 2080 1564 2118 Dw
1703 2080 1747 2114 13
1773 2079 1879 2124 αὐτῆς

454 2126 622 2173 prDi‚
648 2128 764 2167 αὐτοῖς
782 2127 848 2164 AC
948 2128 1002 2164 13.
1027 2128 1072 2163 14
1095 2129 1160 2173 μὲν
1178 2128 1279 2167 αὐτὸς
1301 2128 1415 2173 Bswp
1515 2129 1559 2163 14
1585 2128 1712 2172 ταύτην
1738 2127 1878 2171 πολιορ-

454 2180 549 2210 κῶν.
576 2175 737 2211 ἐντεῦθεν
764 2176 794 2210 Ε
940 2177 1096 2221 θαλάσης
1124 2177 1268 2211 omisso
1297 2175 1335 2211 δὲ
1361 2176 1408 2219 D,
1435 2176 1614 2219 θαλάσσης
1641 2174 1680 2210 δὲ
1707 2174 1775 2212 Dw

458 2222 504 2257 14
526 2233 555 2258 s.
599 2223 712 2267 στόλῳ
751 2224 892 2268 μεγάλῳ
935 2223 1082 2270 AEwp,
1124 2224 1310 2269 βαρυτάτῳ
1352 2223 1463 2268 στόλῳ
1504 2223 1650 2267 BCDw,
1691 2222 1879 2269 βαρυτάτῳ

457 2271 603 2306 omisso
629 2271 741 2316 στόλῳ
768 2271 804 2306 D

384 2395 530 2431 multos
555 2396 610 2431 ibi
637 2407 766 2432 annos
796 2401 1065 2433 commoratus
1091 2407 1181 2432 sero
1213 2406 1420 2442 aegreque
1445 2395 1574 2439 rediit,
1608 2405 1741 2440 neque
1766 2394 1881 2430 Iusti-

384 2444 506 2479 niano
533 2444 699 2480 invento
727 2447 834 2487 (nam
863 2445 1019 2480 occisus
1046 2447 1158 2488 erat),
1186 2454 1318 2489 neque
1343 2443 1564 2488 Philippico
1593 2443 1748 2488 (pulsus
1775 2443 1881 2478 enim

325 2489 367 2523 21
386 2494 484 2533 erat,
523 2494 569 2527 ut
596 2491 746 2527 dietum
774 2495 843 2536 est,
888 2492 1013 2527 oculis
1041 2493 1159 2527 etiam
1195 2492 1345 2532 erutis).
1396 2490 1618 2525 Artemium
1645 2491 1770 2535 igitur
1795 2494 1879 2525 tum

385 2543 624 2584 regnantem
653 2541 854 2584 convenit,
888 2550 911 2574 a
939 2550 1018 2585 quo
1048 2540 1225 2585 benigue
1251 2542 1442 2584 acceptus
1469 2541 1527 2573 est
1554 2542 1592 2572 et
1619 2537 1880 2573 Orientalium

326 2583 372 2618 22
385 2586 550 2621 themati
578 2588 821 2631 praefectus.
871 2587 950 2622 Pro
990 2598 1038 2623 eo
1064 2588 1200 2632 igitur,
1239 2590 1284 2621 ut
1318 2586 1469 2621 dietum
1503 2589 1573 2629 est,
1613 2595 1880 2631 propugnans

386 2634 537 2669 scilicet
563 2634 790 2670 Theodosio
819 2645 860 2670 se
889 2636 1078 2680 opposuit
1103 2634 1353 2680 sceptrisque
1379 2634 1529 2679 potitus
1555 2636 1593 2675 (o
1623 2633 1687 2668 dei
1712 2633 1881 2668 iudicio—

386 2691 474 2716 rum
513 2682 705 2726 abyssum
744 2682 1202 2728 incomprehensibilem)
1241 2682 1373 2717 statim
1400 2680 1629 2716 Artabasdo
1657 2681 1779 2715 filiam
1817 2680 1882 2715 de-

327 2725 372 2760 ‘23
387 2729 550 2773 spondit
577 2732 616 2764 et
642 2730 904 2775 curopalatae
931 2730 1123 2765 honorem
1143 2730 1332 2764 decrevit.
1384 2728 1596 2763 Masalmas
1611 2730 1757 2771 autem,
1783 2726 1883 2762 Ara-

390 2776 483 2810 bum
511 2776 607 2821 dux,
644 2775 791 2822 Abydo
832 2787 924 2812 oum
961 2778 1121 2823 magnis
1161 2777 1285 2822 copiis
1320 2777 1359 2810 in
1387 2776 1599 2810 Thraciam
1626 2778 1882 2810 transvectus

328 2820 375 2855 <24
389 2833 578 2868 magnam
599 2825 685 2859 eius
710 2825 946 2870 provinciae
971 2827 1126 2871 partem
1153 2824 1370 2870 populatus
1397 2827 1467 2868 est,
1493 2824 1726 2868 impetuque
1753 2823 1794 2857 in
1819 2832 1882 2857 ur—

391 2870 480 2905 bem
507 2872 661 2916 regiam
690 2872 797 2907 facto
824 2872 972 2907 vallum
1001 2873 1115 2907 iuxta
1139 2872 1345 2907 terrestria
1372 2872 1458 2906 eius
1483 2871 1642 2906 moenia
1668 2870 1802 2915 posuit
1828 2873 1883 2904 at—

392 2927 471 2962 que
497 2918 548 2952 ab
575 2929 623 2953 oa
650 2922 766 2964 parte
793 2920 879 2965 ipso
904 2920 1046 2955 urbem
1074 2919 1338 2965 oppugnavit,
1367 2917 1535 2954 Solimas
1562 2920 1696 2953 autem
1711 2917 1882 2952 archisa-
