2066 3230
534 214 809 256 CVTLVMVS
833 174 1174 255 Bo'rAr’uATAE
1199 212 1388 254 SOCIVS.
1641 213 1712 253 719

217 339 437 394 ἀξιόλογον
475 340 500 381 ὁ
538 340 816 396 Βοτανειάτης
857 340 957 395 μεθ’
999 340 1149 382 ἑαυτοῦ
1193 338 1368 381 ἔσπευδε
1410 338 1484 393 τὴν
1526 337 1711 379 Νίκαιαν

216 408 549 462 καταλήψεσθαι.
601 409 683 463 ἤδη
716 408 797 463 γὰρ
827 407 1089 463 προῦδέδοτό
1118 409 1158 450 οἱ
1177 408 1204 463 ῆ
1225 407 1344 454 πόλις
1364 407 1467 462 αὕτη
1489 405 1606 461 παρὰ
1627 409 1712 448 τῶν
1725 411 1748 446 9

216 477 478 531 τεταγμένων
508 476 637 531 αὐτῆς
667 476 735 518 ἐπὶ
766 477 950 532 φυλακῇ,
982 477 1167 519 κάκεῖνοι
1197 476 1315 530 αὐτῷ
1346 474 1559 517 ἐθελονταὶ
1578 490 1712 528 προσ-

218 544 454 599 εχώρησαν,
480 545 565 586 κάκ
586 549 659 599 τῆς
678 545 1003 599 μεγαλοπόλεως
1025 545 1071 587 δὲ
1090 545 1236 587 πολλοὶ
1256 542 1359 586 καθ’
1382 544 1560 598 ἑκάστην
1579 558 1711 598 προσ-
1726 547 1804 583 PII
1812 546 1927 584 291A

183 612 400 666 ὃεφοίτων
431 613 560 667 αὐτῷ.
623 613 736 655 οὕτω
766 612 844 667 μὲν
875 612 952 655 οὗν
981 618 1043 667 τῷ
1065 613 1317 668 Βοτανειάτῃ
1349 612 1456 654 κατὰ
1477 613 1582 667 ῥοῦν
1603 612 1712 667 ἒχώ-
1729 617 1774 652 10

220 696 326 734 ρουν
360 680 409 722 τὰ
445 681 671 735 πράγματα
681 692 697 705 ··
734 681 779 723 ἐν
810 680 856 722 δὲ
885 686 936 736 τῇ
966 685 1052 723 τῶν
1082 682 1250 724 πόλεων
1285 681 1560 736 ὑπερκειμένη]
1597 696 1712 735 παμ-

218 749 372 804 πληθεῖ
414 749 684 795 συνελθόντες
719 749 766 791 τό
803 765 846 791 τε
884 750 1035 805 ταύτης
1073 749 1300 805 δημοτικὸν
1330 750 1401 792 καὶ
1430 748 1478 791 τὸ
1508 750 1715 804 ὑπερέχον

219 817 264 858 ἓν
306 817 518 872 ἄρχουσιν,
562 817 614 859 οὗ
656 817 743 872 μὴν
786 817 888 859 ἀλλὰ
931 818 1003 860 καὶ
1045 822 1131 860 τῶν
1172 823 1223 874 τῇ
1261 818 1459 873 ἐκκλησίᾳ
1495 818 1714 873 κεκληρω-

218 886 362 940 μένων
404 885 451 928 τὸ
495 886 699 940 ἔκκριτον,
743 885 849 928 κατὰ
885 886 961 942 τὴν
996 888 1160 942 ἡμέραν
1196 891 1270 942 τῆς
1303 891 1377 928 τοῦ
1415 887 1714 942 εὐαγγελισμοῦ

162 963 208 998 10
218 954 497 1009 πανηγύρεως
527 954 818 1010 αὐτοκράτορα
846 954 919 997 τὸν
951 955 1228 1011 Βοτανειάτην
1259 955 1572 1010 ἀναγορεύουσι,
1607 971 1713 1009 προ-

219 1023 470 1078 εξάρχοντος
503 1026 578 1065 τοῦ
608 1024 798 1065 τοιούτου
830 1023 1034 1078 συλλόγου
1064 1028 1139 1066 τοῦ
1171 1024 1432 1079 πατριάρχου
1458 1023 1715 1078 Ἀντιοχείας,

218 1095 293 1133 τοῦ
336 1091 603 1146 καλουμένου
646 1092 908 1147 Αἰμιλιανοῦ,
951 1092 1023 1134 καὶ
1065 1097 1139 1135 τοῦ
1181 1093 1488 1148 μητροπολίτου
1522 1092 1713 1134 Ἰκονίου.

221 1159 495 1215 διαιρεθέντες
538 1159 615 1202 οὗν
657 1160 763 1202 κατὰ
807 1161 986 1216 φατρίας
1027 1165 1100 1216 τῆς
1141 1161 1345 1208 πολιτείας
1389 1161 1429 1203 οἱ
1468 1162 1607 1216 ἔξοχοι
1644 1161 1715 1203 καὶ
1731 1163 1772 1198 11

220 1228 325 1270 κατὰ
358 1228 578 1284 φάλαγγας
608 1229 930 1276 συνασπίσαντες
960 1230 1095 1271 ε’πίασι
1126 1233 1210 1272 τῶν
1233 1229 1483 1284 ἀνακτόρων
1503 1233 1588 1276 τοῖς
1607 1229 1716 1285 πρὸς

162 1304 207 1340 15
220 1297 440 1352 ἀνίσχοντα
477 1298 593 1352 ἥλιον
630 1298 702 1340 καὶ
740 1298 902 1340 τούτων
939 1299 1220 1353 κρατήσαντες
1254 1299 1507 1352 στρατιώτας
1538 1299 1716 1344 οἰκείους

220 1366 442 1421 ἕφιστῶσιν
484 1367 541 1413 εἰς
577 1366 719 1409 αὐτῶν
755 1367 962 1422 φυλακήν.
1022 1367 1094 1410 τὸν
1133 1367 1179 1409 δὲ
1209 1367 1379 1423 βασιλέα
1411 1367 1487 1409 σὺν
1517 1371 1566 1423 τῇ
1597 1368 1715 1422 βασι-
1731 1368 2011 1406 1213W111231

218 1434 335 1490 λίσσῃ
357 1434 508 1490 Μαρίᾳ
538 1434 611 1476 καὶ
641 1439 702 1490 τῷ
732 1437 815 1490 υἱῷ
845 1436 904 1483 εἷς
933 1435 982 1477 τὰ
1015 1436 1060 1478 ἒν
1081 1436 1341 1491 Βλαχέρναις
1371 1435 1715 1491 καταπεφευγότα

220 1503 432 1558 ἀνάκτορα
475 1504 730 1559 καθαιροῦσι
773 1508 846 1560 τῆς
888 1504 1096 1559 βασιλείας
1134 1505 1206 1546 καὶ
1243 1505 1378 1559 ῥάκος
1415 1505 1716 1560 ἀμφιεννύουσι

221 1633 242 1669 1
267 1634 319 1669 ὅτι
344 1634 365 1670 ὀ
388 1633 623 1680 Βοτανειάτης
646 1635 794 1680 κατέσχε
819 1634 882 1681 τὴν
906 1635 1062 1671 Νίκαιαν
1089 1634 1152 1672 ΟΕ
1260 1634 1283 1670 6
1308 1635 1358 1670 ὅτι
1386 1635 1408 1670 ὅ
1431 1634 1543 1680 δῆμος
1568 1638 1629 1681 τῆς
1653 1635 1716 1670 πό-

220 1682 311 1721 λεως
335 1681 478 1740 βασιλέα
502 1681 620 1717 ἀνεῖπε
646 1682 799 1727 (ἀνεῖπεν
815 1683 1057 1729 αὐτοκράτορα
1075 1683 1122 1726 Ε)
1148 1682 1207 1718 τὸν
1232 1682 1467 1728 Βοτανειάτην
1493 1682 1557 1719 ΟΕ
1582 1682 1717 1718 καὶτὸν

221 1729 369 1775 Μιχαηλ
395 1729 566 1766 καθεῖλον
591 1730 652 1766 καὶ
676 1730 867 1776 ἀπέκειραν
892 1730 922 1767 C

294 1857 312 1893 1
339 1857 423 1903 μεθ’
449 1858 574 1894 ἑαυτοῦ
600 1857 768 1904 prDi,
793 1858 868 1904 μετ’
894 1858 1002 1895 αὐτοῦ
1027 1858 1063 1895 Α
1176 1859 1200 1895 2
1222 1859 1418 1905 προδέδοτό
1443 1858 1472 1895 C
1583 1859 1662 1904 περὶ
1688 1858 1717 1895 C

292 1906 315 1941 3
331 1906 451 1951 αὐτῆς]
470 1905 587 1945 αὐτοῖς
601 1905 631 1942 C
727 1906 905 1942 ἐθελονταὶ
921 1907 1018 1943 αὐτῶ
1036 1907 1163 1953 E(wp)
1260 1907 1283 1942 4
1298 1907 1450 1952 μεγάλης
1466 1907 1602 1946 πόλεως
1621 1907 1716 1953 Ewp

292 1953 315 1988 5
339 1954 466 1999 ἐχώρει
494 1953 662 1999 BDEWP
817 1956 839 1990 6
862 1955 1068 2000 παμπληθεῖ
1094 1953 1196 1999 ΒΒί,
1221 1955 1431 2000 παμπληθεῖ
1450 1954 1601 2000 Apr‚
1626 1968 1717 1999 παμ-

290 2002 440 2047 πληθεῖς
464 2001 495 2037 Ε
610 2002 630 2037 7
657 2002 850 2047 δημοτικὸν
875 2003 1002 2047 ταύτης
1027 2002 1196 2048 BDEwp
1311 2003 1334 2037 8
1359 2003 1401 2038 οὐ
1425 2002 1498 2048 μὴν
1522 2002 1609 2038 ἀλλὰ
1635 2001 1717 2045 AR,

291 2049 378 2085 ἀλλὰ
401 2048 474 2095 μὴν
500 2048 636 2095 13pr
735 2054 825 2095 post
850 2054 920 2085 τῶν
946 2050 1038 2086 add.
1063 2050 1100 2085 ἐν
1124 2048 1353 2096 BDEwpDi
1449 2051 1471 2085 9
1498 2055 1557 2095 τῆς
1583 2060 1658 2085 om.
1687 2049 1717 2084 Ε

293 2096 337 2132 12
361 2097 558 2142 αἷμιλιανοῦ
589 2095 763 2143 B²⁵wpDi
795 2096 956 2143 Scylitz.
990 2108 1028 2143 p.
1055 2098 1136 2140 733,
1163 2097 1219 2140 19,
1258 2098 1454 2142 αἵμιλιανοῦ
1479 2097 1561 2142 AR,
1600 2108 1638 2132 v.
1665 2097 1717 2131 nd

291 2144 423 2181 XVIII
454 2145 508 2188 19,
535 2144 582 2179 25
695 2145 738 2180 13
763 2145 1002 2190 διακριθέντες
1024 2145 1094 2180 BD
1199 2146 1370 2191 φρατρίας
1394 2156 1428 2180 W
1484 2146 1621 2180 invitis
1647 2144 1718 2180 AR

338 2198 398 2238 τῆς
418 2192 590 2231 πολιτείας
617 2202 692 2228 om.
711 2191 747 2227 D
846 2192 891 2228 14
915 2193 1029 2228 ἐπίασι
1050 2192 1217 2239 prDi‚
1243 2193 1377 2228 ἐπίασιν
1399 2193 1404 2236 Ι
1465 2220 1473 2238 ,
1501 2203 1538 2228 v.
1553 2192 1606 2227 ad
1620 2191 1717 2227 XIII

292 2241 324 2282 1,
342 2241 365 2276 5
462 2243 554 2287 post
577 2240 664 2285 πρὸς
689 2240 781 2275 add.
808 2239 865 2275 τὸν
887 2239 1010 2286 wpDi
1028 2241 1164 2276 invitis
1182 2239 1253 2275 AR
1352 2240 1397 2275 16
1422 2244 1629 2275 συνεστῶσιν
1647 2239 1716 2274 BD

336 2288 570 2334 βασιλευούσῃ
598 2288 726 2334 E(wp)
826 2288 871 2323 18
895 2292 1100 2333 καταιροῦσι
1125 2288 1172 2334 p*
1269 2288 1405 2333 ῥάκκσς
1431 2287 1462 2323 Β

219 2420 399 2453 structus
432 2416 623 2453 Nicaeam
657 2426 858 2463 occupare
894 2416 1151 2463 properabat.
1203 2416 1286 2452 Iam
1321 2416 1426 2452 enim
1462 2412 1754 2462 praesidiarii9

219 2464 395 2501 Nicaeae
421 2465 564 2500 milites
591 2464 751 2510 prodita
775 2464 877 2500 urbe
903 2465 1010 2500 ultro
1037 2475 1080 2500 se
1106 2474 1197 2499 cum
1221 2465 1308 2510 ipso
1336 2464 1645 2507 coniunxerant,
1678 2466 1718 2499 et

220 2522 245 2547 a
270 2522 422 2559 magna
447 2513 550 2548 urbe
576 2512 722 2547 cotidie
749 2511 861 2547 multi
888 2511 941 2547 ad
967 2511 1077 2547 illum
1104 2512 1374 2547 confluebant.
1425 2511 1486 2546 lta
1516 2511 1639 2546 rebus
1665 2521 1715 2546 ex
1736 2509 1778 2544 10
1843 2528 1845 2530 ·

220 2561 421 2596 sententia
447 2559 760 2596 succedentibus
787 2559 1019 2595 Botaniates
1053 2561 1093 2594 in
1126 2559 1228 2594 urbe
1261 2560 1442 2605 principe
1479 2559 1718 2604 frequentis-

221 2608 320 2643 simo
347 2611 552 2644 conventu
579 2607 707 2654 plebis
729 2611 768 2642 et
787 2607 1005 2653 primorum
1025 2617 1075 2642 ex
1095 2606 1401 2652 magistratibus
1420 2610 1460 2642 et
1477 2606 1715 2642 selectorum

220 2655 477 2691 sacerdotum
497 2655 644 2691 celebri
663 2655 984 2690 annuntiationis
1003 2655 1220 2690 festivitate
1239 2664 1310 2690 rex
1330 2653 1568 2700 appellatur,
1588 2653 1718 2689 Aemi-

221 2702 329 2738 liano
368 2703 599 2749 patriarcha
636 2701 890 2738 Antiocheno
932 2706 972 2737 et
1010 2702 1265 2747 metropolita
1304 2701 1428 2737 Iconii
1467 2701 1716 2736 auctoribus.

222 2749 354 2796 Igitur
385 2750 632 2797 reipublicae
694 2750 860 2785 rimor-ea
892 2750 1072 2785 tributim
1109 2748 1227 2784 divisi
1262 2753 1302 2785 et
1340 2748 1554 2795 phalangis
1591 2748 1772 2784 instarll

222 2797 454 2843 conglobati
475 2799 629 2844 regiam
684 2798 801 2833 rienti
825 2798 1038 2833 obversam
1066 2797 1266 2832 invadunt
1291 2800 1330 2832 et
1355 2805 1522 2832 suorum
1549 2796 1715 2831 militum

250 2845 424 2882 raealdlo
451 2846 621 2882 firmant.
672 2845 824 2891 Regem
862 2855 972 2888 vcro,
1010 2845 1075 2891 qui
1117 2854 1207 2880 cum
1244 2845 1388 2891 regina
1414 2843 1541 2879 Maria
1571 2847 1611 2879 et
1637 2843 1716 2879 fillo
1734 2843 1778 2879 12

221 2855 261 2929 fn
281 2892 557 2929 Blacherniam
582 2894 736 2940 regiam
764 2894 1017 2938 confugerat,
1044 2898 1183 2938 erepto
1212 2902 1338 2939 regno
1365 2891 1610 2939 lucernaque
1635 2901 1717 2928 mo·
