2066 3230
550 218 779 260 ALEXIVS
804 221 834 258 Ι.
859 219 1135 261 COMNENVS
1158 222 1471 261 IMPERATOR.
1687 226 1755 264 ‘131

265 339 314 383 τὰ
344 342 529 397 βασίλεια
558 344 872 398 μετεστείλαντο.
933 344 1107 387 ἐκείνων
1137 343 1218 400 γὰρ
1249 346 1623 402 ἐπικεχειρηκότων
1648 348 1755 390 ἀπο-
1771 351 1794 387 2

265 411 421 466 οτασίᾳ,
464 411 595 459 εὐθὺς
630 413 675 454 αἱ
712 417 903 468 γυναῖκες
941 414 999 460 εἷς
1027 413 1075 455 τὸ
1104 414 1213 469 μέγα
1243 414 1415 470 τέμενος
1443 419 1517 471 τῆς
1546 419 1619 459 τοῦ
1649 417 1756 459 θεοῦ
1770 419 1806 455 D

263 479 392 533 λόγου
422 480 590 536 Σοφίας
618 483 1039 537 προσπεφοιτήκασιν.
1101 482 1205 525 ὅθεν
1233 482 1350 538 παρὰ
1380 487 1455 526 τοῦ
1475 483 1755 526 Βοτανειάτου
1769 489 1792 524 3

264 548 323 594 εἰς
351 548 426 603 τὴν
456 549 659 605 ῥηθεῖσαν
688 550 826 605 μονὴν
849 551 1178 606 μετηνέχθησαν,
1209 552 1274 594 ἵνα
1295 551 1355 607 μὴ
1378 553 1511 607 ἔχοιεν
1531 552 1640 607 πρὸς
1659 552 1756 600 τοὺς

229 619 252 655 5
265 616 631 673 ἀποστατήσαντας
662 619 983 674 διαπέμπεσθαι,
1015 619 1140 662 οὐδὲν
1168 619 1207 662 δ’
1229 621 1370 676 ἕτερον
1389 620 1563 676 ἀνιαρὸν
1583 621 1757 669 ἐκείναις

266 684 479 741 ἐπήνεγκε.
540 687 743 742 μήπωδὲ
763 687 915 743 σχεδὸν
940 687 1039 735 τοὺς
1068 688 1205 736 πόδας
1234 693 1285 745 τῇ
1315 690 1499 745 βασιλείᾳ
1530 690 1792 745 ἔρείσαντες4

265 754 413 796 αὐτίκα
433 756 603 798 πολλῶν
623 760 697 799 τοῦ
715 756 993 799 Βοτανειάτου
1009 757 1207 811 πράξεων
1228 757 1384 813 σχολὴν
1403 759 1755 814 κατεψηφίσαντο,

263 822 335 865 καὶ
357 820 449 865 οὐδ’
472 824 618 874 ἐξότου
639 825 747 881 ἦσαν
767 826 1119 880 ἐπικεχειρηκότες
1138 831 1189 882 τῇ
1219 827 1426 881 τυραννίδι
1455 827 1530 882 τὴν
1561 827 1756 882 ἀθέτησιν

263 895 349 939 τοῖς
377 892 479 947 παρ’
502 893 662 935 ἐκείνου
692 894 941 949 πραχθεῖσιν
966 894 1213 949 ἐπήνεγκαν,
1245 894 1347 937 ἀλλὰ
1369 895 1440 937 καὶ
1460 900 1606 938 τοῦτον
1625 896 1753 950 ὕπερ-

204 961 252 997 10
265 960 417 1015 ήλαντο
447 960 519 1004 τὸν
549 962 709 1017 καιρόν,
741 962 812 1004 καὶ
841 962 974 1005 πολλὰ
1006 966 1091 1005 τῶν
1121 963 1267 1019 ἐκείνῳ
1297 965 1606 1019 πεπραγμένων
1635 965 1754 1020 βασι-

263 1028 393 1076 λικῶς
435 1030 695 1086 ἀνῃρήκασιν
741 1029 855 1073 οὗτοι
900 1031 1054 1086 ῥήματι
1099 1032 1437 1087 βραχυσυλλάβῳ
1482 1035 1753 1087 τυραννικῶς.

263 1096 347 1140 εἶτα
369 1098 394 1140 ὁ
413 1098 492 1153 μὲν
507 1099 687 1148 Ἀλέξιος
706 1098 921 1155 βασιλικὸν
946 1100 1153 1142 ἀναδεῖται
1185 1100 1384 1155 διάδημα,
1415 1106 1476 1156 τῷ
1498 1101 1536 1143 δ’
1557 1100 1754 1155 Ἰσαακίῳ
1767 1104 1790 1141 5

263 1165 312 1208 τὰ
345 1166 551 1223 δευτερεῖα
583 1169 821 1223 νενέμηνται
842 1172 914 1224 τῆς
933 1173 1065 1223 τιμῆς,
1097 1173 1245 1211 καινοῦ
1266 1169 1384 1223 αὐτῷ
1405 1169 1755 1224 ἕπιφημισθέντος
1769 1171 1968 1209 P11296A

264 1234 489 1289 ὀνόματος·
523 1237 873 1291 σεβαστοκράτωρ
905 1236 984 1291 γὰρ
1017 1237 1230 1293 ἐπεκλήθη
1252 1237 1322 1279 καὶ
1343 1238 1533 1292 ὑπερεῖχε
1553 1241 1626 1280 τοῦ
1648 1236 1753 1279 Καί-

204 1305 249 1342 15
263 1319 404 1358 σαρος.
465 1306 491 1359 ἡ
525 1305 571 1347 δὲ
599 1306 739 1361 μήτηρ
770 1306 943 1360 τούτων,
988 1307 1258 1362 παρασήμων
1287 1306 1347 1362 μὴ
1379 1309 1644 1361 μετασχοῦσα
1674 1306 1790 1360 βα-6

262 1372 432 1416 σιλικῶν
470 1372 537 1415 διὰ
573 1372 620 1416 τὸ
659 1374 819 1429 ἔνδυμα
855 1374 902 1416 τὸ
932 1374 1165 1430 μοναχικὸν
1194 1375 1299 1430 μήτε
1328 1374 1414 1430 μὴν
1444 1374 1653 1429 εὐφημίας
1683 1372 1754 1416 καὶ

262 1442 550 1497 ἀναρρήσεως,
583 1442 719 1497 μόνου
748 1447 908 1498 μετεῖχε
938 1447 1011 1485 τοῦ
1043 1448 1115 1499 τῆς
1145 1443 1354 1498 βασιλείας
1385 1443 1604 1498 ὀνόματος,
1648 1441 1752 1497 αὐτὴ

263 1509 309 1553 δὲ
339 1510 414 1566 τὴν
443 1513 529 1553 τῶν
558 1511 820 1566 πραγμάτων
846 1514 986 1554 πᾶσαν
1009 1512 1208 1567 διοίκησιν
1229 1512 1480 1562 ἀνεζώσατο.
1543 1512 1654 1554 οὕτω
1674 1510 1789 1566 μὲνἹ
1807 1514 2000 1553 Wn1235

263 1577 340 1622 οὖν
378 1578 427 1621 τὰ
465 1584 537 1636 τῆς
571 1579 780 1635 βασιλείας
815 1580 932 1635 παρὰ
968 1585 1018 1636 τῇ
1053 1580 1179 1636 μητρὶ
1217 1581 1439 1636 νενέμηντο
1481 1579 1553 1622 καὶ
1595 1579 1755 1635 ἀμφοῖν

333 1739 356 1775 2
379 1738 468 1785 πρὸς
484 1739 555 1775 BD
650 1740 799 1785 θέμενος
817 1740 865 1787 ρ*
962 1740 985 1776 5
1010 1740 1049 1776 δὲ
1066 1740 1096 1778 C
1191 1741 1214 1775 6
1240 1745 1299 1787 τῆς
1315 1741 1490 1787 βασιλείας
1506 1739 1538 1776 Β
1634 1739 1657 1776 7
1675 1753 1755 1785 σχο-

333 1787 398 1832 λὴν
419 1787 586 1832 πράξεων
609 1788 749 1824 πολλῶν
774 1793 834 1824 τοῦ
857 1789 1080 1834 βοτανειάτου
1105 1803 1233 1835 κατε-ψ.
1260 1788 1292 1824 Ο
1400 1789 1423 1824 8
1446 1788 1754 1833 ἕπικεχωρηκότες

335 1834 367 1870 Β
464 1835 587 1871 ἤθεσιν
603 1835 636 1870 E
732 1836 755 1871 9
779 1836 1016 1882 ὖπερήλλαντο
1033 1836 1180 1883 Apr,
1207 1847 1308 1872 corr.
1323 1834 1380 1871 Di
1478 1836 1524 1871 10
1548 1840 1607 1871 τοῦ
1626 1840 1754 1880 καιροῦ

335 1882 431 1928 Ewp
516 1882 575 1918 ὑπ’
588 1883 723 1919 ἐκείνου
740 1883 836 1930 Ewp
931 1884 1125 1930 βασιλικῶς
1140 1894 1215 1920 orn.
1231 1883 1338 1920 OWO
1352 1883 1418 1919 lat.
1517 1883 1559 1918 ll
1575 1883 1753 1929 ἀνηρήκα-

335 1944 391 1965 σιν
415 1930 509 1966 οὗτοι
536 1930 663 1975 ῥήματι
690 1931 879 1976 (γράμματι
906 1930 1009 1978 w*p)
1033 1932 1316 1977 βραχυσυλλάβω
1342 1935 1559 1975 τυραννικῶς
1577 1930 1751 1976 AE(wp),

333 1978 616 2024 βραχυσυλλάβω
634 1979 809 2023 γράμματι
826 1979 1047 2024 ἀνηρήκασιν
1066 1980 1210 2015 omisso
1233 1983 1448 2023 τυραννικῶς
1474 1978 1506 2014 O
1604 1977 1649 2013 12
1673 1978 1752 2013 ἀνα·

334 2026 441 2062 δεῖται
465 2025 641 2072 βασιλικῶ
666 2026 853 2071 διαδήματι
880 2025 950 2061 BD
1074 2026 1118 2062 13
1143 2026 1328 2071 νενέμηντο
1353 2025 1434 2070 BD,
1460 2025 1625 2071 νενέμητο
1651 2024 1681 2062 C

380 2073 487 2110 αὐτοῦ
513 2073 609 2120 Ewp
708 2074 752 2110 17
777 2074 866 2119 αὐτῇ
890 2073 1004 2120 Bsswp
1103 2073 1148 2110 18
1172 2074 1265 2109 οὕτω
1287 2074 1293 2115 Ι
1313 2073 1350 2109 ὲν
1376 2072 1406 2110 C

263 2231 304 2265 et
321 2229 517 2275 coniuges
535 2239 587 2265 ex
606 2227 781 2266 Canielei
799 2230 1044 2266 monasterio
1063 2229 1104 2265 in
1123 2229 1277 2275 regiam
1295 2229 1606 2265 arcessiverunt.
1651 2227 1752 2265 Nam
1766 2227 1790 2263 2

263 2286 356 2313 cum
393 2277 468 2323 ipsi
501 2276 754 2321 defecissent,
792 2276 981 2313 mulieres
1013 2277 1145 2313 statim
1178 2278 1218 2312 in
1251 2286 1444 2322 magnum
1476 2276 1602 2312 divini
1638 2277 1752 2312 verbi

264 2323 498 2371 Sapientiae
536 2325 726 2371 templum
766 2325 1049 2370 confugerunt.
1111 2324 1228 2361 Unde
1266 2334 1290 2359 a
1327 2321 1540 2359 Botaniata
1577 2324 1616 2359 in
1655 2323 1789 2360 illud3

265 2373 555 2408 monasterium
597 2375 691 2408 sunt
728 2372 960 2415 translatae,
998 2382 1051 2408 ne
1089 2372 1141 2407 ad
1178 2371 1390 2408 seditiosos
1427 2372 1591 2407 nuntios
1633 2372 1754 2407 missi·

266 2423 354 2456 tare
381 2423 556 2466 possent,
594 2419 704 2455 nulla
729 2419 809 2455 alia
834 2419 887 2454 ab
914 2429 961 2455 eo
987 2419 1170 2455 molestia
1196 2419 1377 2455 affectae.
1428 2419 1641 2455 Enimvero
1668 2418 1789 2455 fere4

265 2467 500 2514 priusquam
534 2467 677 2514 pedem
715 2467 755 2503 in
790 2477 919 2513 regno
951 2467 1167 2511 firmarent,
1205 2467 1336 2502 statim
1363 2466 1489 2502 multa
1515 2466 1753 2503 Botaniatae

266 2518 359 2551 aeta
384 2515 639 2562 abrogarunt
664 2525 744 2551 non
773 2515 825 2551 ab
850 2515 897 2550 iis
923 2515 1120 2561 auspicati
1148 2514 1408 2560 temporibus,
1447 2514 1593 2559 quibus
1619 2519 1752 2560 tyran·

266 2562 399 2598 uidem
431 2563 677 2606 invaserant,
715 2562 785 2598 sed
819 2562 885 2598 illa
916 2562 1168 2608 supergressi
1203 2562 1318 2597 brevi
1350 2562 1425 2597 scri
1458 2565 1499 2598 to
1534 2561 1751 2608 complura,

266 2620 373 2657 quae
398 2610 451 2646 ab
477 2610 543 2647 iilo
570 2611 683 2657 regie
709 2610 872 2646 decreta
899 2613 1025 2654 erant,
1064 2610 1088 2645 ii
1115 2610 1325 2655 tyrannico
1351 2609 1429 2645 abo
1446 2613 1627 2645 everunt.
1678 2608 1749 2644 De·
1765 2605 1788 2641 5

265 2657 360 2694 inde
397 2656 542 2694 Alexio
582 2669 624 2694 re
658 2658 697 2694 ia
735 2667 887 2694 corona
925 2661 1079 2701 ornato,
1121 2656 1325 2693 secundae
1368 2656 1575 2703 dignitatis
1617 2660 1752 2703 partes

267 2704 425 2741 Isaacio
451 2709 546 2742 sunt
571 2706 620 2741 tri
652 2709 759 2748 ntae,
785 2715 892 2741 novo
920 2705 1046 2740 indito
1072 2705 1405 2740 sebastocratoris
1431 2705 1603 2748 nomine,
1642 2703 1750 2749 quod

267 2752 512 2790 Caesariano
533 2758 639 2790 esset
657 2753 930 2789 excellentius
980 2752 1128 2788 Eorum
1148 2761 1245 2787 vero
1264 2755 1392 2787 mater
1410 2751 1461 2787 ob
1486 2751 1750 2787 monasticum
1765 2749 1788 2783 6

267 2800 446 2837 habitum
474 2804 514 2837 et
538 2801 693 2847 imperii
720 2801 936 2846 insignium
963 2804 1003 2835 et
1034 2799 1315 2835 celebrationis
1346 2809 1395 2834 ae
1427 2798 1752 2846 proclamationis

267 2858 414 2894 expers
438 2848 562 2884 solius
588 2849 761 2884 nominis
794 2848 894 2892 reg-ii
927 2848 1004 2883 i‘uit
1037 2847 1250 2893 particeps,
1288 2846 1410 2883 nihilo
1448 2850 1582 2883 tamen
1620 2846 1751 2882 secius

269 2897 444 2932 omnium
464 2906 598 2932 rerum
618 2895 1001 2932 administrationem
1021 2895 1207 2941 suscepit.
1256 2893 1316 2930 Ita
1335 2905 1461 2941 reguo
1481 2895 1585 2930 inter
1604 2898 1750 2930 utrum·
1765 2891 1787 2928 7
