2066 3230
366 224 436 260 760
745 223 924 260 ZONAR.
952 224 1082 259 EPIT.
1109 223 1240 259 XVIII
1266 223 1322 268 28,
1349 223 1476 259 7—19.

330 345 617 399 8πρόγνωσιν.
681 345 918 399 γεγράφθαι
950 344 1029 398 γάρ
1060 360 1143 384 που
1175 343 1269 397 περὶ
1300 344 1428 385 αὑτοῦ
1454 347 1538 390 τοῖς
1558 344 1764 399 πονήσασι
1783 342 1858 390 τὰς

157 416 354 453 W111244
366 413 460 467 περὶ
490 416 574 454 τῶν
604 413 810 468 βασιλέων
841 412 1155 466 αἰνιγματώδεις
1187 411 1354 466 γραφὰς
1386 413 1447 459 ὡς
1476 413 1659 467 “ἀγκῆρι
1683 412 1857 459 καυθεὶς

367 482 592 534 πεσεῖται”,
638 482 787 536 ἀγκῆρι
825 481 1010 534 λέγοντες
1040 479 1136 526 τοὺς
1168 485 1420 535 συγγραφεῖς
1451 481 1635 527 ἐκείνους
1664 480 1710 522 τὸ
1741 481 1857 536 σιδή-

369 566 459 604 ριον
490 549 722 602 ἀπεικάσαι,
756 546 806 590 δι’
842 546 892 589 οὗ
924 548 994 590 τὸν
1026 548 1237 603 στόμαχον
1269 549 1646 604 καυστηριάζεσθαι
1676 550 1858 598 εἴθισται,

334 617 438 659 9ὂιὰ
469 617 514 659 τὸ
546 617 795 671 κεκάμφθαι
825 616 933 670 πρὸς
963 616 1009 658 τό
1041 617 1174 671 ἀκρον
1200 617 1312 658 αὐτό.
1375 615 1462 659 ἀλλ’
1487 617 1583 660 οὔθ’
1607 619 1632 672 ἠ
1654 618 1894 672 καυτηρίαὸ

320 687 464 727 Βοῦτε
494 685 580 740 μὴν
611 686 636 740 ἡ
669 689 741 726 τοῦ
774 685 898 739 ἀέρος
930 685 1131 739 ἕναλλαγὴ
1165 691 1226 740 τῷ
1256 686 1458 740 κάμνοντί
1492 703 1527 728 τι
1561 686 1857 741 ἕλυσιτέλησαν,

312 758 358 793 10
370 755 507 808 ἠρέμα
541 753 585 795 δὲ
616 753 724 807 πρὸς
754 753 800 795 τὸ
831 754 945 799 τέλος
967 754 1128 808 ἐχώρει.
1193 755 1286 796 οὔτε
1309 754 1353 796 δὲ
1376 756 1416 796 οἷ
1436 755 1567 809 ἰατροὶ
1589 755 1860 809 ἀπεγνῶσθαι

370 823 487 877 αὐτῷ
517 822 563 864 τὸ
593 823 799 877 βιώσιμον
831 823 989 876 ἔλεγον·
1034 824 1109 864 καί
1138 840 1241 870 τινες
1269 825 1451 879 μοναχοὶ
1480 825 1713 879 προῦλεγον
1744 825 1863 879 αὐτῷ

369 891 428 945 μὴ
462 891 599 937 ἄλλως
631 891 806 932 ἐκλιπεῖν
838 892 876 932 εἰ
901 890 960 945 μὴ
993 891 1199 946 πρότερον
1229 892 1337 947 πρὸς
1361 892 1633 947 Ἰερουσαλὴμ
1664 893 1861 948 ἀφίκηται

371 960 427 1005 εἰς
457 959 740 1014 προσκύνησιν
771 963 844 1001 τοῦ
877 959 1109 1014 ζωηφόρου
1140 960 1277 1015 τάφου
1309 965 1382 1003 τοῦ
1408 962 1557 1016 κυρίου
1579 961 1650 1003 καὶ
1671 966 1862 1016 σωτῆρος
1877 967 1922 1002 10

371 1028 509 1082 ἡμῶν,
554 1027 663 1069 ὅπου
702 1027 773 1069 καὶ
811 1027 857 1069 τὸ
896 1028 1079 1082 διάδημα
1117 1027 1244 1070 αὐτὸν
1275 1030 1516 1071 ἀποθέσθαι
1546 1029 1706 1084 μέλλειν
1737 1031 1860 1084 ε’χρη-

314 1096 619 1150 11σμολόγουν.
681 1095 752 1137 καὶ
785 1097 825 1137 οἷ
853 1096 931 1151 μὲν
966 1100 1092 1138 ταῦτα
1135 1098 1252 1151 αὐτῷ
1290 1098 1602 1152 ἐπηγγέλλοντο,
1647 1099 1670 1140 ὁ
1703 1098 1748 1140 δὲ
1778 1103 1863 1145 τοῖς

371 1165 609 1218 λεγομένοις
640 1164 864 1206 ἐπίστευεν·
911 1166 934 1207 ὃ
967 1165 1046 1220 γὰρ
1078 1166 1176 1220 ἡμῖν
1206 1166 1314 1220 πρὸς
1344 1167 1512 1221 βουλῆς,
1557 1170 1678 1209 τοῦτο
1715 1166 1863 1222 ῥᾴδιον

315 1236 359 1271 12
374 1234 430 1279 εἷς
472 1233 602 1274 πίστιν
645 1234 1039 1288 καταγγελλόμενον.
1103 1235 1214 1276 οὕτω
1254 1234 1299 1276 δὲ
1335 1234 1615 1289 κλεπτόμενος
1645 1235 1772 1278 ἔλαθε
1801 1241 1863 1290 τῷ

373 1302 472 1343 τέλει
502 1302 777 1356 προσεγγίσας
807 1307 879 1357 τῆς
909 1304 1050 1357 βιοτῆς
1081 1303 1151 1344 καὶ
1181 1302 1265 1357 πρὸ
1296 1308 1368 1358 τῆς
1400 1305 1455 1350 εἷς
1479 1304 1752 1359 Ἰερουσαλὴμ
1780 1305 1862 1358 ἀφ-
1879 1310 1924 1346 15

164 1372 359 1409 P11308A
374 1368 495 1418 ίξεως
526 1370 804 1425 ἀποθέμενος,
850 1368 936 1411 ἀλλ’
971 1371 1049 1426 οὐχ
1081 1372 1206 1425 ἑκών,
1250 1371 1296 1413 τὸ
1335 1371 1531 1427 διάδημα,
1576 1374 1636 1428 εἴη
1670 1370 1708 1414 δ’
1741 1374 1865 1415 εἰπεῖν

373 1437 482 1491 πρὸς
512 1437 585 1493 τὴν
616 1439 706 1480 ἄνω
733 1438 1007 1493 Ἰερουσαλὴμ
1046 1440 1300 1494 ἐκδημήσας,
1345 1440 1418 1495 τὴν
1455 1444 1541 1482 τῶν
1578 1442 1866 1495 πρωτοτόκων

318 1511 362 1546 13
374 1506 629 1561 μητρόπολιν
650 1510 735 1548 τῶν
756 1507 1146 1562 ἀπογεγραμμένων
1169 1508 1212 1549 ἒν
1234 1508 1442 1563 οὐρανοῖς.
1498 1509 1867 1564 πεντεκαιδεκάτην

449 1661 468 1695 1
495 1661 676 1706 γέγραπται
703 1661 772 1695 BD
868 1675 936 1696 που
964 1672 1038 1697 om.
1065 1661 1100 1696 D
1204 1661 1236 1697 2.
1264 1662 1286 1696 3
1311 1661 1433 1708 ἀγγῆρι
1460 1662 1496 1696 D
1598 1662 1621 1697 3
1645 1662 1780 1697 ἐκεῖνον
1802 1663 1807 1706 Ι
1830 1662 1866 1697 D

448 1708 470 1743 4
495 1709 789 1753 καυτηριάζεσθαι
816 1707 918 1752 RDi‚
945 1709 1249 1754 καυθηριάζεσῦαι
1276 1709 1362 1754 w*p
1446 1709 1468 1745 5
1494 1709 1679 1755 κεκόφθαι
1706 1709 1786 1754 Ew,
1812 1710 1866 1745 κέ·

448 1757 590 1801 καφθαι
617 1756 664 1802 p*
784 1756 863 1801 περὶ
889 1756 918 1792 C
1043 1757 1127 1792 αὐτὸ
1151 1756 1233 1799 AR,
1260 1757 1360 1792 ταύτὸ
1386 1756 1428 1801 Β,
1455 1757 1558 1792 αὐτὸν
1584 1757 1668 1802 W*p
1789 1757 1812 1792 6
1837 1771 1867 1792 τι

450 1803 609 1857 omLBD
699 1803 720 1839 7
746 1805 767 1838 ὅ
789 1803 905 1849 ἰατρὸς
931 1807 970 1839 et
995 1805 1031 1839 οἵ
1053 1804 1163 1849 ἰατροὶ
1190 1815 1260 1849 per
1280 1805 1443 1850 dIttogr.
1462 1805 1492 1839 E
1584 1805 1606 1839 9
1630 1803 1730 1850 πρὸς]
1757 1805 1806 1844 εἷς
1831 1804 1867 1839 D

497 1862 580 1908 ἲλὴμ
607 1862 637 1897 Ε
747 1863 912 1908 ἀφίκοιτο
938 1863 981 1907 Β,
1009 1863 1173 1908 ἀφοίκιτο
1200 1863 1247 1907 D,
1275 1875 1311 1898 V.
1327 1863 1379 1898 ad
1397 1863 1489 1899 XIV
1505 1864 1619 1908 10,11
1741 1864 1785 1899 12
1809 1864 1869 1899 καὶ

451 1944 526 1969 om.
555 1933 583 1969 o
747 1925 833 1969 mass
859 1933 894 1968 A
921 1934 973 1979 (v.
1001 1934 1053 1969 ad
1079 1934 1210 1970 XVm
1236 1935 1293 1978 27,
1322 1935 1391 1978 17),
1419 1935 1514 1970 αὐτῶ
1540 1934 1726 1981 fflwpDz)

452 1981 497 2016 13
522 1981 582 2016 καὶ
609 1980 649 2025 C,
678 1983 698 2016 ὃ
724 1992 824 2017 corr.
845 1981 906 2020 Cw
1005 1982 1050 2016 14
1075 1981 1126 2027 δὲ]
1153 1982 1213 2017 καὶ
1235 1982 1263 2018 C
1363 1982 1406 2018 15
1433 1983 1481 2022 εἷς
1508 1993 1582 2018 om.
1598 1982 1638 2027 C,
1665 1983 1795 2029 suppl.
1810 1982 1871 2021 Cw

454 2029 498 2063 16
523 2028 590 2064 οὐκ
617 2029 652 2063 D
753 2030 797 2065 18
823 2029 884 2075 τὴν
910 2029 1222 2075 ἀπογεγραμμένην
1247 2030 1317 2064 BD

344 2173 556 2211 Sdictione
582 2178 621 2211 et
646 2176 925 2221 praescientia.
975 2175 1076 2212 Nam
1104 2176 1251 2212 alicubi
1279 2176 1471 2221 scriptum
1501 2186 1589 2212 esse
1621 2176 1672 2211 ab
1705 2176 1763 2220 iis,
1803 2177 1871 2222 qui

379 2233 524 2269 regum
550 2224 635 2258 fata
662 2224 904 2269 ambagibus
930 2224 1113 2259 involuta
1141 2224 1451 2270 descripserunt,
1480 2233 1570 2259 eum
1597 2224 1714 2259 hamo
1735 2227 1870 2259 ustum

381 2281 580 2315 casurum,
619 2271 727 2316 quod.
758 2271 814 2306 illi
847 2272 1064 2317 scriptores
1100 2273 1262 2316 ferrum,
1304 2282 1383 2316 quo
1415 2272 1643 2306 stomachus
1669 2272 1733 2306 uri
1759 2272 1870 2315 solet,

345 2316 433 2354 901)
466 2328 637 2354 acumen
668 2319 862 2354 inflexum
894 2319 1012 2354 hamo
1044 2322 1356 2365 comparassent.
1407 2319 1555 2354 Verum
1594 2329 1727 2364 neque
1764 2319 1870 2354 ustio

381 2376 514 2411 neque
539 2365 617 2401 loci
642 2367 811 2402 mutatio
839 2367 1053 2412 quiequam
1079 2370 1246 2412 aegroto
1266 2367 1428 2412 profuit,
1456 2366 1664 2411 paullatim
1682 2366 1734 2401 ad
1752 2366 1872 2402 finem

324 2410 368 2445 10
382 2414 490 2448 vitae
515 2414 804 2459 progredienti.
854 2413 1070 2460 Negabant
1098 2418 1234 2450 tamen
1259 2414 1403 2449 medici
1430 2415 1554 2449 vitam
1581 2415 1666 2449 eius
1691 2423 1778 2449 esse
1805 2413 1872 2449 de-

381 2460 597 2506 ploratam3
636 2471 684 2496 ac
716 2462 902 2496 monachi
934 2462 1098 2507 quidam
1133 2463 1169 2497 ei
1194 2461 1486 2508 praedicebant
1511 2472 1592 2497 non
1619 2461 1730 2507 prIus
1756 2462 1870 2497 mori-

381 2511 528 2553 turum,
567 2519 686 2553 quarn
723 2509 1004 2554 Hierosolyma
1043 2509 1094 2544 ad
1133 2510 1362 2555 sepulerum
1401 2509 1605 2544 vivificum
1644 2509 1794 2543 domini
1831 2511 1871 2544 et

382 2556 600 2591 servatoris
625 2557 750 2592 nostri
779 2556 1031 2593 adorandum
1057 2558 1300 2603 perveniret,
1329 2556 1399 2591 ubi
1427 2567 1516 2592 eum
1543 2556 1872 2591 vaticinabantur

325 2601 367 2636 11
383 2603 569 2653 diadema
596 2613 683 2639 esse
710 2604 997 2649 depositurum.
1048 2605 1227 2647 Quorum
1253 2604 1318 2639 ille
1341 2604 1524 2649 pollicitis
1544 2603 1751 2648 credebat3
1777 2614 1871 2638 nam

324 2649 369 2684 12
384 2651 617 2694 orationem,
657 2662 762 2697 quae
797 2652 913 2687 nobis
948 2652 1091 2698 placet,
1130 2652 1248 2687 facile
1281 2652 1545 2696 comprobare
1576 2651 1758 2686 solemus.
1809 2651 1871 2685 Ita

383 2708 455 2743 per
492 2699 754 2744 imposturam
790 2710 872 2734 non
909 2700 1194 2735 animadvertit
1225 2710 1268 2735 se
1304 2699 1410 2734 vitae
1437 2699 1556 2733 finem
1583 2699 1764 2743 attigisse
1791 2697 1872 2733 dia-

384 2745 552 2791 demate,
579 2749 796 2791 antequam
815 2746 1096 2793 Hierosolyma
1115 2748 1356 2793 perveniret,
1384 2756 1628 2791 quamquam
1654 2756 1736 2780 non
1754 2745 1871 2790 ultro,

383 2793 526 2838 posito,
565 2795 638 2829 etsi
675 2794 753 2829 dici
790 2797 912 2839 queat
945 2794 996 2829 ad
1029 2805 1205 2840 superna
1230 2794 1510 2839 Hierosolyma
1541 2794 1746 2838 profectus
1773 2803 1871 2837 esse,

326 2839 370 2874 13
384 2841 743 2886 primogenitorum
770 2842 1034 2887 metropolim,
1073 2843 1142 2887 qui
1168 2845 1262 2878 sunt
1286 2842 1326 2875 in
1354 2841 1475 2876 caelis
1500 2841 1691 2886 inscripti.
1742 2840 1872 2885 Igitur

383 2886 558 2932 Augusti
586 2888 649 2924 die
663 2888 745 2924 XV.
773 2889 1011 2925 undecimae
1041 2889 1270 2926 indictionis
1296 2891 1518 2924 extremum
1546 2889 1727 2934 spiritum
1755 2887 1872 2923 duee-
