1968 3302
571 258 862 306 INCENDIVM
888 259 1052 305 CPOLI'.
1102 264 1384 304 RVSTICIVS.
1659 263 1729 304 125

226 406 358 433 καυσε
394 390 504 445 πρὸς
538 395 623 438 τοῖς
654 391 792 438 ἄλλοις
821 390 893 432 τόν
923 406 965 432 τε
996 390 1040 432 ἓν
1070 394 1132 444 τῷ
1163 389 1338 443 Σενάτῳ
1369 389 1622 444 καλουμένῳ
1652 390 1728 443 με’·
1744 392 1773 429 C

227 475 364 514 γιστον
395 459 526 514 οἷκον,
559 461 616 506 εἷς
647 461 696 501 ὃν
727 461 754 514 ἥ
785 475 827 501 τε
859 459 1053 514 γερουσία
1082 458 1154 500 καὶ
1175 459 1216 500 οἶ
1235 458 1411 512 λογάδες
1433 458 1730 512 συνερχόμενοι

21 524 50 577 ⁴]
70 531 127 568 ΙΙΙ
142 531 212 567 253
226 528 511 583 ἐβουλεύοντο,
544 528 615 570 καὶ
647 528 773 574 αὐτὸς
805 528 829 569 ὁ
859 527 1108 582 βασιλεύων,
1140 527 1207 569 ὅτε
1238 526 1388 581 στολὴν
1409 527 1614 581 ὑπατικὴν
1635 527 1728 568 ἀνε-

224 597 449 651 λάμβανεν,
494 598 618 651 ἔργον
657 597 884 651 περιφανὲς
922 596 993 638 καὶ
1030 596 1346 650 ὑπέρλαμπρον,
1392 596 1463 637 καὶ
1493 595 1540 637 τὸ
1572 595 1727 637 καλού-
1744 601 1789 636 18

189 675 353 719 ὅμενον
383 665 630 719 Νυμφαῖον,
676 665 794 706 οἷκον
833 666 974 719 ἕτερον
1010 663 1180 718 ἀντικρὺ
1210 664 1402 719 κείμενον
1432 668 1506 706 τοῦ
1537 680 1728 719 προρρη-

224 734 373 779 θέντος
395 734 528 787 οἴκου,
562 734 619 779 εἷς
639 733 686 774 τὸ
707 732 804 779 τοὺς
827 734 990 787 γάμους
1012 733 1197 787 γίνεσθαι
1219 733 1262 774 ἕν
1284 733 1401 787 αὐτῷ
1421 733 1728 788 χρηματίζοντα

223 805 309 843 τῶν
338 802 398 856 μὴ
431 803 702 856 κεκτημένων
734 803 878 847 οἴκους
908 805 1156 856 χωροῦντας
1185 801 1352 856 πλῆθος
1380 802 1424 843 ἒν
1445 803 1625 848 ἑαυτοῖς·
1659 802 1730 844 καὶ
1744 807 1789 843 19

224 871 364 925 ἕτερον
395 870 513 912 οἷκον
544 871 588 912 ἒν
618 875 680 925 τῷ
704 870 859 925 Ταύρῳ
880 870 1095 925 βασιλικὸν
1115 870 1319 925 πολυτελῆ
1345 886 1387 912 τε
1417 870 1489 912 καὶ
1518 871 1728 925 μέγιστον·
1743 876 1927 913 W11142

225 939 295 981 καὶ
334 939 400 980 ἐπὶ
438 939 598 985 τούτοις
636 939 765 985 ναοὺς
804 939 1184 994 περιφανεστάτους
1226 940 1297 980 καὶ
1341 939 1553 987 ἰδιωτικὰς
1596 940 1730 987 οἰκίας

167 1017 212 1052 10
225 1011 310 1049 τῶν
340 1008 648 1062 λαμπροτέρων
679 1008 847 1054 πολλάς.

352 1077 514 1118 Τούτου
546 1081 800 1131 κρατοῦντος
830 1077 986 1131 λέγεται
1017 1077 1088 1118 καὶ
1120 1077 1290 1132 σεισμὸν
1321 1078 1514 1132 γενέσθαι
1540 1077 1728 1133 σφοδρό-
1743 1084 1790 1120 20

224 1161 346 1187 τατον
374 1147 417 1187 ἓν
434 1146 669 1201 Ἀντιοχείᾳ,
703 1147 766 1193 ὡς
795 1151 952 1201 μικροῦ
983 1146 1058 1201 τὴν
1088 1147 1207 1188 πόλιν
1239 1147 1400 1202 ἐκείνην
1430 1151 1569 1189 πᾶσαν
1600 1153 1779 1189 κατα-1)

224 1219 372 1257 πεσεῖν.
434 1216 615 1270 ὑσθῆναι
648 1216 693 1257 δὲ
724 1216 795 1257 καὶ
827 1215 988 1258 σποδὸν
1019 1217 1063 1258 ἓν
1094 1220 1143 1271 τῇ
1166 1216 1389 1265 Βυζαντίδι
1419 1217 1590 1272 πολλήν,
1622 1217 1730 1258 ὥστε
1743 1222 1788 1257 21

225 1284 296 1325 καὶ
328 1285 385 1330 εἷς
414 1284 643 1339 παλαιστὴν
674 1285 805 1339 αὐτὴν
831 1285 1077 1340 ὑψωθῆναι.
1140 1285 1187 1326 ἐκ
1208 1285 1357 1327 τούτου
1381 1285 1427 1327 δὲ
1450 1285 1728 1327 ὃεόειλιακότα
1743 1291 1790 1327 22

170 1362 213 1397 15
225 1352 296 1394 τὸν
326 1353 497 1407 βασιλέα
528 1358 601 1408 τῆς
631 1353 797 1400 πόλεως
828 1354 1010 1402 ἐξελθεῖν
1040 1354 1111 1395 καὶ
1143 1354 1364 1408 διατρίβειν
1395 1354 1460 1395 ἐπὶ
1491 1354 1599 1396 πολὺ
1622 1354 1729 1395 κατὰ

225 1420 296 1463 τὸν
327 1422 446 1475 ἅγιον
474 1421 702 1476 Μάμαντα.

343 1489 479 1537 Οὗτος
514 1491 763 1545 βασιλεύσας
802 1491 1170 1546 στρατοπεδάρχην
1206 1492 1520 1547 προεχειρίσατο
1551 1491 1728 1534 Ῥουστί-
1743 1498 1790 1534 23

224 1575 328 1607 κιον,
360 1558 494 1613 ἄνδρα
528 1559 715 1613 γενναῖόν
739 1576 781 1601 τε
802 1560 873 1601 καὶ
895 1561 1298 1615 στρατηγικώτατον·
1331 1560 1539 1607 θανόντος
1563 1561 1600 1602 δ’
1625 1561 1728 1602 ἑκεί-

228 1708 269 1744 11
299 1707 378 1754 περὶ
404 1713 464 1743 τοῦ
490 1708 679 1754 γενομένου
705 1708 742 1744 ἐν
765 1708 952 1755 Ἀντιοχείᾳ
978 1714 1123 1754 σεισμοῦ
1151 1708 1213 1745 ΟΕ
1326 1709 1370 1745 17
1395 1710 1445 1744 ὅτι
1471 1709 1491 1744 o‘
1515 1708 1730 1748 Βασιλίσκος

223 1757 533 1802 στρατοπεδάρχης
558 1757 774 1803 προβληθεὶς
799 1757 859 1792 καὶ
884 1757 1099 1803 προσβαλὼν
1124 1763 1195 1796 τοῖς
1223 1762 1283 1793 τοῦ
1309 1758 1494 1802 Πζερίχου
1519 1757 1655 1804 ἡττήθη
1684 1757 1713 1794 C

300 1895 317 1930 1
345 1895 477 1940 σενάτῳ
503 1893 674 1941 prDi‚
701 1895 853 1931 σεννάτω
882 1894 982 1938 A(R)
1164 1895 1394 1941 καλλουμένω
1417 1895 1423 1940 Ι
1447 1894 1487 1939 C,
1513 1895 1730 1942 καλούμετόν

298 1943 384 1989 Dw‚
410 1944 619 1988 καλουμένῳ
645 1943 742 1990 ARp
846 1944 869 1979 3
892 1944 1056 1990 βασιλεύς
1079 1943 1179 1990 pr
1276 1944 1299 1979 5
1324 1945 1441 1989 ἕτερον
1459 1964 1503 1969 -
1523 1945 1544 1979 6
1571 1945 1728 1990 γίνεσθαι

301 2002 376 2027 om.
406 1991 436 2026 E
558 1992 581 2026 8
605 1991 789 2037 βασιλικὸν
816 2002 891 2027 om.
920 1992 963 2036 O,
993 1992 1085 2028 add.
1113 1991 1178 2030 Dw
1299 1993 1344 2028 10
1369 1997 1439 2028 τῶν
1463 1992 1728 2038 λαμπροτέρων]

298 2039 608 2085 περιφανεστάτων
635 2039 676 2083 E,
704 2050 741 2074 v.
768 2039 821 2074 ad
846 2039 941 2074 XIII
968 2040 1001 2083 3,
1028 2040 1050 2075 6
1192 2040 1246 2075 ll.
1277 2041 1321 2076 12
1346 2041 1407 2076 καὶ
1432 2040 1576 2085 σεισμὸν
1601 2042 1729 2086 σφοόρ.

298 2087 335 2122 ἒν
358 2087 612 2171 ἱίἒτόὲγενέσὲὁιὸι
636 2087 765 2178 λζ’γεται
784 2087 819 2122 D
846 2087 934 2170 οἷς.
954 2087 1199 2148 VindObLGS„
1216 2089 1270 2134 (v.
1289 2089 1326 2124 B
1337 2090 1404 2172 -EW
1418 2087 1729 2172 ByffhZeiJS-xchs).

299 2145 335 2170 a.
507 2162 515 2170 .
543 2160 562 2169 ...
627 2145 655 2170 S.
698 2146 733 2170 w
942 2149 1151 2172 καταπεσειν
1176 2150 1314 2173 απασαν
1556 2150 1602 2171 πο
1624 2151 1667 2172 υν

300 2183 345 2218 14
370 2182 409 2218 δὲ
435 2146 510 2218 ΟῐῐΙὶ).
539 2182 639 2228 pr
736 2146 784 2219 Ι1)8
809 2184 1153 2228 στρατιωτικώτατον
1179 2183 1214 2218 D

228 2327 442 2362 liberatum
477 2330 516 2362 et
548 2327 634 2372 ipsc
667 2337 740 2362 rex
778 2327 1033 2363 consularem
1072 2330 1226 2364 vestem
1265 2331 1501 2374 sumpturus
1540 2348 1584 2353 —-
1627 2338 1730 2374 opus

227 2375 380 2410 illustre
399 2378 439 2410 et
457 2374 823 2420 splendidissimum
843 2395 886 2400 —
906 2379 945 2410 et
971 2375 1091 2410 aliam
1118 2376 1281 2411 domum
1308 2378 1553 2412 contrariam
1580 2376 1728 2421 domui,
1746 2378 1790 2414 18

228 2423 279 2458 de
306 2432 386 2467 qua
413 2428 507 2458 ante
534 2422 720 2467 diximuS,
759 2422 1052 2469 Nymphaeum,
1090 2424 1253 2459 nomine
1279 2434 1331 2459 ex
1362 2435 1409 2460 eo
1442 2424 1581 2468 indito,
1619 2424 1730 2470 quod

228 2471 395 2516 nuptiae
421 2471 476 2505 ibi
505 2470 817 2506 celebrabantur
844 2481 996 2515 eorum,
1038 2472 1107 2516 qui
1146 2472 1318 2517 propriis
1350 2472 1522 2507 aedibus
1555 2473 1731 2508 multitu·

230 2518 363 2553 dinem
402 2518 657 2564 capientibus
696 2519 901 2563 carebant,
941 2523 978 2554 et
1015 2519 1135 2554 aliam
1171 2519 1334 2554 domum
1369 2521 1409 2555 in
1443 2519 1579 2555 Tauro
1613 2521 1729 2555 sitam
1746 2523 1789 2558 19

229 2567 384 2611 regiam
411 2566 629 2611 pretiosam
657 2570 696 2602 et
723 2577 987 2613 permagnam
1014 2570 1052 2602 et
1084 2568 1249 2613 insuper
1282 2567 1431 2613 templa
1462 2568 1730 2603 illustrissima

230 2617 268 2648 et
296 2614 476 2660 privatas
503 2614 643 2649 domos
669 2614 883 2650 illustrium
909 2615 1114 2650 hominum
1140 2615 1297 2650 multas.

347 2661 436 2697 Hoc
467 2662 692 2707 imperante
726 2662 873 2697 dicitur
904 2663 1024 2698 etiam
1055 2662 1270 2698 Antiochia
1304 2666 1438 2698 terrae
1469 2665 1582 2698 motu
1620 2664 1728 2699 facto
1743 2667 1790 2702 20

230 2709 582 2745 vehementissimo
618 2719 749 2755 paene
780 2713 865 2745 tota
901 2710 1135 2755 concidisse,
1176 2714 1215 2746 et
1247 2715 1384 2746 tantus
1417 2711 1562 2746 cineris
1601 2711 1729 2747 imber
1742 2714 1788 2750 21

231 2757 449 2793 defluxisse
474 2757 515 2792 in
542 2767 688 2803 agrum
714 2757 967 2803 Byzantium,
1004 2761 1049 2794 ut
1075 2759 1194 2794 etiam
1221 2759 1262 2794 in
1290 2759 1448 2805 palmae
1475 2758 1728 2795 altitudinem

231 2805 330 2840 cinis
357 2805 560 2840 emineret.
613 2804 702 2847 Qua
721 2815 764 2841 re
783 2807 1021 2851 perterritus
1040 2816 1111 2842 rex
1134 2807 1262 2842 fertur
1280 2806 1382 2842 urbe
1401 2806 1541 2842 relicta
1558 2807 1728 2843 multum
1742 2809 1790 2846 22

231 2862 304 2899 per
330 2853 521 2898 temporis
549 2852 659 2898 apud
685 2851 722 2890 S.
749 2852 991 2890 Mamantem
1019 2854 1233 2890 habitasse.

349 2900 426 2936 Hic
465 2910 539 2936 rex
577 2901 828 2947 praefectum
872 2901 1079 2948 legionum
1124 2902 1356 2949 designavit
1394 2901 1629 2947 Rustieium,
1674 2903 1730 2938 vi·
1743 2906 1790 2943 23

231 2958 320 2986 rum
347 2949 492 2986 fortem
518 2952 557 2986 et
586 2949 643 2986 rei
669 2949 850 2987 militaris
875 2950 1179 2998 peritissimum3
1214 2951 1330 2988 cuius
1357 2951 1504 2988 mortui
1529 2951 1570 2987 in
1596 2951 1730 2990 locum
