2054 3282
467 241 780 280 MONOMACHI
804 239 1110 280 RAPACITAS.
1159 232 1284 279 zoi-:S
1311 240 1508 278 OBITVS.
1596 254 1599 258 ·
1665 239 1735 279 647

239 367 338 419 μῶν
383 364 555 420 (λέγεται
599 365 645 408 δὲ
681 369 753 421 τῆς
791 365 1023 420 οἰκοδομῆς
1060 365 1272 419 ἄρξασθαι
1311 363 1378 407 διὰ
1409 363 1484 419 τὴν
1515 364 1736 419 ἐρωμένην

241 434 371 488 αὐτῷ,
414 433 490 489 τὴν
524 434 795 489 Σκλήραιναν
830 434 953 488 λέγω,
996 431 1046 476 ἵν’
1084 433 1219 488 ἐκείνῃ
1256 437 1496 488 προσφοιτᾷ
1534 435 1734 487 συνεχῶς,

241 502 286 543 ἐν
305 507 367 557 τῷ
389 504 496 557 οἴκῳ
515 507 590 545 τοῦ
611 501 826 558 Κυνηγίου
848 503 1001 557 ἐχούσῃ
1033 502 1123 544 τότε
1154 501 1206 557 δὴ
1237 501 1312 556 τὴν
1342 501 1596 556 κατοίκησιν,
1627 500 1733 556 πρό·
1748 501 1780 538 Β

240 586 368 625 φασιν
398 572 511 626 ἔχων
540 575 615 613 τοῦ
647 571 837 626 σεμνείου
875 571 950 626 τὴν
987 569 1182 626 δόμησιν)
1227 570 1446 625 ἑξήντλησε
1483 569 1580 616 τοὺς
1614 571 1733 625 βασι-

203 639 374 686 5λείους
409 643 435 695 ἢ
472 639 642 687 κοινοὺς
679 640 940 695 θησαυρούς,
985 640 1088 681 ὅθεν
1130 638 1361 694 χρημάτων
1398 638 1598 693 δεόμενος
1634 638 1735 681 οὐδὲ

238 711 325 750 τῶν
345 709 639 764 ἀπειρημένων
658 709 932 763 πορισμάτων
952 708 1152 763 ἀπείχετο.
1185 706 1287 750 ἀλλὰ
1306 706 1378 749 καὶ
1399 710 1558 762 χωρῶν
1579 707 1733 756 οὐσῶν,
1748 708 1793 745 19

239 778 287 818 αΐ
311 781 396 824 τοῖς
425 778 659 832 βασιλεῦσιν
697 778 749 819 οὐ
787 777 976 832 δασμοὺς
1012 777 1316 830 συνεισέφερον,
1360 773 1447 818 ἀλλ’
1481 776 1569 818 ἀντὶ
1597 776 1736 831 πάσης

239 845 534 901 δασμοφορίας
555 846 794 901 δυσχωρίας
825 845 1066 901 ἐφρούρουν
1095 845 1166 886 καὶ
1196 849 1281 892 τοῖς
1310 845 1544 900 βαρβάροις
1574 843 1649 899 τὴν
1679 844 1737 891 εἰς

238 914 311 961 τὰς
327 914 550 970 Ῥωμαίοις
572 915 848 969 ὑποκειμένας
877 915 1024 969 χώρας
1055 914 1308 969 ἀπετείχιζον
1337 913 1543 967 πάροδον,
1576 913 1735 960 ἐκεῖνος

178 986 225 1022 10
237 983 403 1039 φόρους
422 987 510 1030 ταῖς
530 984 691 1038 χώραις
712 983 904 1032 ἐπιτάξας
925 982 1124 1038 ἒσχόλασε
1145 982 1217 1029 τὰς
1238 982 1443 1037 φρουράς.
1505 982 1794 1024 κάντεῦθεν20

237 1053 263 1108 ἡ
299 1052 409 1107 πρὸς
444 1051 517 1099 τὰς
541 1051 781 1107 Ῥωμαΐδας
818 1052 966 1106 χώρας
1003 1050 1133 1106 ῥᾴστη
1171 1055 1255 1097 τοῖς
1297 1050 1532 1106 βαρβάροις
1574 1051 1732 1105 ἐγένετο

235 1121 439 1176 πάροδος.
502 1121 658 1167 ἐκεῖνος
693 1121 831 1162 τοίνυν
861 1120 886 1162 ὁ
917 1119 1025 1174 ἀνὴρ
1065 1121 1191 1166 αἴτιος
1227 1123 1312 1166 τοῖς
1347 1119 1532 1166 ἀπαθῶς
1569 1118 1732 1173 λογιζο-
1745 1120 1791 1156 21

236 1191 378 1246 μένοις
407 1190 650 1245 κριθήσεται
679 1193 753 1231 τοῦ
785 1189 859 1244 τὴν
880 1188 993 1243 ἑῴαν
1013 1193 1168 1243 μοῖραν
1190 1187 1311 1243 δουρὶ
1332 1188 1606 1243 κυριευθῆναι
1626 1188 1732 1243 βαρ-
1747 1187 1778 1226 C

235 1261 415 1315 βαρικῴ.

25 1326 64 1369 D
82 1329 136 1367 IV
155 1328 224 1366 179
360 1328 442 1384 Τῆς
485 1327 531 1370 δὲ
570 1327 782 1383 βασιλίδος
818 1328 947 1383 Ζωῆς
990 1327 1034 1369 ἕν
1078 1327 1193 1381 γήρει
1235 1326 1367 1381 βαθεῖ
1407 1324 1529 1380 (ὑπὲρ
1567 1324 1647 1380 γὰρ
1683 1324 1733 1367 τὰ
1746 1320 1803 1364 28

236 1397 530 1453 ἑβδομήκοντα
569 1397 637 1452 ἔτη
668 1396 932 1451 παρεξετάθη
965 1396 1071 1451 αὐτῇ
1102 1395 1148 1438 τὸ
1179 1393 1402 1450 βιώσιμον)
1443 1394 1734 1450 καταλυσάσης

237 1466 311 1522 τὴν
346 1466 477 1521 ζωήν,
521 1466 601 1508 οὐκ
638 1466 852 1520 ἀνδρικῶς
890 1466 1048 1511 ἐκεῖνος
1087 1465 1333 1519 ἒθρήνησεν,
1378 1462 1481 1505 ἀλλὰ
1517 1463 1658 1517 μέντοι
1689 1478 1734 1517 γε
1746 1468 1940 1506 W111207

234 1535 547 1591 μειρακιωδῶς.
608 1535 763 1590 λέγεται
786 1534 831 1577 δὲ
851 1534 923 1576 καὶ
945 1534 1132 1589 ἀγγέλοις
1153 1533 1283 1589 αὐτὴν
1302 1535 1568 1588 παρεξισοῦν,
1591 1531 1731 1587 ἐπειδή
1746 1538 1769 1575 2

237 1665 283 1702 12
307 1667 501 1712 σημείωσαι
528 1666 561 1703 Ε
658 1665 703 1702 15
728 1664 868 1712 τελευτὴ
893 1669 953 1712 τῆς
977 1665 1155 1712 βασιλίδος
1180 1665 1287 1710 Ζωῆς
1311 1662 1380 1700 AC

309 1798 328 1834 1
357 1798 486 1844 λέγεται
513 1797 552 1834 δὲ
569 1802 628 1844 τῆς
645 1798 839 1843 οἷκοδομῆς
856 1795 1024 1843 prDi,
1053 1807 1128 1832 om.
1146 1795 1182 1831 A
1278 1795 1302 1832 3
1327 1796 1536 1841 κυνηγεσίου
1563 1794 1650 1841 w*p
1676 1796 1732 1831 in-

308 1847 403 1883 vitis
427 1845 499 1882 AR
619 1845 664 1893 δὴ
692 1856 767 1881 om.
793 1844 858 1882 BC
979 1845 1195 1890 καθοίκησιν
1222 1843 1269 1890 p*
1384 1843 1409 1879 4
1431 1842 1636 1889 βασιλικοὺς
1663 1842 1731 1879 CD

309 1894 330 1931 7
356 1899 427 1933 τοῖς
450 1894 649 1940 βασιλεῦσιν
673 1892 719 1938 A,
756 1893 845 1938 πρὸς
870 1892 908 1928 τὸ
933 1892 1006 1934 (τὸν
1031 1891 1078 1937 Β)
1101 1893 1272 1938 δημόσιον
1298 1890 1342 1935 Ο,
1378 1891 1467 1936 πρὸς
1493 1891 1531 1926 τὸ
1562 1891 1732 1935 δημόσιον

308 1948 379 1982 τοῖς
403 1943 604 1988 βασιλεῦσιν
631 1942 726 1987 Ewp
823 1942 847 1977 8
871 1940 1050 1986 ἔφρόρουν
1071 1940 1106 1975 D
1204 1939 1227 1975 9
1251 1939 1432 1984 ῥο)μαίους
1458 1938 1494 1974 D
1594 1939 1635 1974 11
1662 1939 1732 1984 ῥω·

309 1991 412 2029 μαίας
427 1989 524 2036 Ewp
603 1989 647 2024 12
664 1989 814 2028 ἀπαθῶς
827 1987 1039 2032 ARwap,
1054 1988 1174 2032 ὀρθῶς
1188 1986 1252 2023 ΒΟ
1262 1988 1328 2023 Wo
1345 1987 1411 2022 lat.
1488 1986 1532 2021 15
1549 1987 1647 2039 γήρει
1661 1985 1732 2022 AR

0 2058 4 2090 f
308 2038 423 2073 Pseu.
449 2048 485 2084 p.
515 2037 665 2081 19o,12,
691 2037 780 2081 γήρᾳ
807 2034 1041 2082 (DE)wpDi,
1068 2047 1106 2071 v.
1132 2034 1356 2071 Usenerum
1383 2035 1468 2070 Der
1492 2034 1581 2069 hezl.
1615 2034 1731 2070 Theo-

309 2083 446 2121 dosios
473 2096 508 2132 p.
525 2085 594 2121 125
620 2089 659 2121 et
690 2081 1089 2120 Wiener-Schmiedel
1116 2083 1297 2118 Gramm.
1317 2083 1354 2117 d.
1373 2082 1538 2117 neutest.
1558 2080 1731 2127 Sprach-

307 2131 470 2217 Ξάὶοᾝεὸ
497 2132 676 2179 Gotting.
703 2131 797 2168 1894
823 2134 842 2173 ἓ
869 2131 901 2176 9,
927 2131 951 2167 2
1049 2131 1093 2166 16
1116 2130 1365 2176 παρεξητάσθη
1392 2130 1423 2164 Ε
1527 2129 1570 2165 17
1595 2130 1731 2175 ἀνδρω-

330 2195 380 2221 ως

235 2311 379 2338 norum
406 2300 693 2336 monasterium
721 2299 966 2342 aedificaret,
1001 2298 1110 2344 quod
1138 2298 1189 2334 ob
1215 2297 1445 2334 adamatam
1473 2295 1730 2334 Seleraenam

236 2349 446 2385 incohasse
478 2350 618 2390 fertur,
656 2351 702 2382 ut
727 2357 816 2383 eam
843 2351 927 2382 tum
959 2348 998 2382 in
1035 2345 1154 2381 domo
1181 2345 1353 2392 Cynegii
1383 2345 1632 2381 habitantem
1658 2355 1731 2390 per

236 2397 411 2443 speciem
429 2399 658 2431 structurae
682 2394 958 2441 inspiciendae
977 2394 1158 2430 crebrius
1185 2393 1432 2436 conveniret,
1459 2393 1583 2438 regiis
1602 2395 1641 2428 et
1660 2402 1730 2438 pu-

235 2444 350 2480 blicis
368 2443 568 2480 thesauris
586 2443 806 2487 exhaustis,
825 2442 876 2477 ad
896 2442 1095 2488 pecuniae
1115 2441 1292 2487 inopiam
1311 2440 1500 2476 redactus
1518 2450 1570 2475 ne
1584 2439 1730 2476 illicitis

237 2491 397 2538 quidem
413 2491 649 2537 quaestibus
663 2491 902 2526 abstinebat.
929 2488 1007 2526 Sed
1023 2499 1114 2524 cum
1130 2489 1364 2534 provinciae
1378 2487 1579 2534 quaedam
1597 2490 1732 2524 essent
1747 2485 1790 2521 19

236 2540 445 2582 immunes,
473 2549 579 2584 (quae
606 2548 679 2584 pro
708 2538 893 2573 omnibus
924 2536 1192 2582 vectigalibus
1219 2536 1398 2572 locorum
1416 2546 1468 2571 an
1503 2535 1629 2571 ustias
1646 2538 1730 2572 tue-

236 2591 376 2623 rentur
403 2591 442 2622 et
468 2586 665 2621 barbaros
692 2585 805 2620 aditu
832 2585 1104 2620 Romanarum
1132 2584 1327 2619 ditionum
1356 2583 1469 2629 prohi
1501 2586 1627 2627 erent,
1665 2592 1730 2619 cu-

237 2634 377 2670 stodiis
414 2634 575 2669 abolitis
612 2634 764 2668 tributa
797 2634 843 2667 iis
883 2633 1100 2678 provinciis
1139 2631 1363 2676 imperavit,
1401 2630 1511 2666 unde
1545 2627 1790 2666 barbarism

238 2683 325 2718 sine
359 2681 441 2717 ullo
476 2681 642 2726 negotio
682 2685 913 2727 patuerunt.
964 2679 1067 2715 Illud
1106 2682 1214 2714 certe
1253 2678 1426 2724 quidem,
1469 2678 1502 2712 si
1529 2678 1619 2723 quis
1645 2675 1787 2714 sine2l

238 2729 372 2765 studio
399 2733 439 2765 et
464 2729 524 2764 ira
551 2729 790 2771 consideret,
829 2729 864 2763 ei
898 2731 1107 2773 acceptum
1142 2726 1235 2761 ferri
1272 2729 1413 2772 potest,
1453 2725 1562 2771 quod
1588 2724 1731 2762 Oriens

238 2776 365 2813 Marte
392 2777 606 2812 barbarico
634 2780 693 2811 est
719 2776 925 2811 subactus.

356 2824 413 2860 28.
463 2823 621 2870 Regina
653 2823 731 2858 Ζοὲἐ
767 2827 960 2869 provecta
998 2826 1132 2858 aetate
1171 2825 1329 2857 mortua
1371 2821 1731 2867 (septuagesimum

238 2873 343 2908 enim
381 2881 531 2907 annum
571 2872 828 2915 excesserat),
868 2871 955 2906 eius
991 2870 1142 2905 obitum
1177 2879 1256 2904 non
1284 2872 1329 2904 ut
1355 2869 1443 2904 viro
1475 2868 1645 2914 dignum
1671 2871 1732 2903 est

238 2919 339 2962 tulit,
377 2919 447 2955 sed
478 2919 686 2966 pueriliter
717 2918 838 2963 luxit3
876 2927 1047 2963 eamque
1079 2917 1235 2963 angelis
1266 2917 1555 2962 aequiperasse
1593 2914 1768 2960 sertur‚2
