2054 3282
420 255 522 296 LEO
549 254 786 296 CAPITVB..
835 251 1062 296 schzvs
1087 251 1245 294 eAPrr
1266 251 1517 294 NICAEAM.
1643 251 1714 292 543
1766 264 1769 266 ·

219 384 357 436 χωρεῖ
380 380 452 423 καὶ
482 380 760 435 συρρήγνυται
789 383 840 435 τῇ
870 378 960 434 μετ’
998 378 1128 420 αὐτοῦ
1165 382 1333 433 στρατιᾷ
1370 377 1442 419 καὶ
1478 381 1584 431 νικᾷ.
1644 376 1716 418 καὶ
1728 382 1777 417 30
1802 380 1831 417 C

221 449 247 490 6
276 449 355 504 μὲν
385 448 752 503 στρατοπεδάρχης
781 446 947 502 Πέτρος
977 446 1174 502 ἀνῄρητο,
1207 446 1232 489 6
1264 446 1310 488 δὲ
1338 446 1717 502 πρωτοβεστιάριος

217 517 410 566 ἑαλώκει.
473 517 576 571 αὕτη
609 517 635 571 ἡ
667 517 760 571 νίκη
792 515 858 557 ἐπὶ
887 516 996 570 μέγα
1026 515 1105 570 μὲν
1135 514 1212 571 ἦρε
1241 514 1291 556 τὰ
1321 518 1396 557 τοῦ
1419 514 1636 570 Σκληροῢ,
1667 513 1715 555 τὰ
1730 519 1773 554 31

223 584 268 627 δὲ
298 588 384 627 τῶν
418 585 626 640 βασιλέων
662 585 720 631 εἰς
757 583 998 639 ἀπόγνωσιν
1034 585 1194 638 ἤνεγκε,
1237 583 1309 625 καὶ
1350 583 1510 638 μᾶλλον
1549 583 1609 625 ὅτι
1647 582 1718 624 καὶ

186 658 209 693 5
222 652 575 707 ἕθαλασσοκράτει
612 652 637 694 6
668 652 913 707 ἀποστάτης.
974 651 1121 694 στόλον
1159 650 1236 693 οὖν
1272 651 1298 694 6
1333 652 1719 706 παρακοιμώμενος
1731 656 1778 691 32

222 722 444 776 ἑτοιμάσας
475 722 675 775 ἐκπέμπει
705 720 812 762 κατὰ
842 725 916 762 τοῦ
948 720 1097 762 στόλου
1128 724 1202 761 τοῦ
1234 720 1483 774 ἀποστάτου,
1515 721 1586 762 καὶ
1618 736 1718 762 ναυ-

221 790 378 844 μαχίας
409 789 635 843 γενομένης
665 789 690 830 ὁ
721 789 867 836 στόλος
898 789 923 831 6
950 793 1023 830 τοῦ
1045 789 1246 843 Σκληροῦ
1267 789 1625 844 κατεναυμαχήθη
1647 789 1719 831 καὶ

224 858 502 900 διεσκέδαστσ.
565 857 627 903 ὡς
658 855 735 899 οὗν
765 858 909 912 ἠρέμει
940 856 988 898 τὰ
1019 856 1126 898 κατὰ
1156 856 1231 911 τὴν
1261 857 1493 911 θάλασσαν,
1532 857 1581 899 τὰ
1612 857 1718 899 κατὰ
1731 862 1779 898 33

222 926 297 981 τὴν
336 926 508 980 ἤπειρον
545 925 570 967 6
605 926 994 980 παρακοιμώμενος
1033 925 1228 967 διετίθετο
1271 925 1342 967 καὶ
1386 925 1456 967 τὸν
1489 925 1720 980 Ἐρωτικόν

165 1001 211 1037 10
223 994 281 1040 εἷς
300 993 484 1035 Νίκαιαν
515 993 679 1047 ἔπεμψε
699 992 773 1047 τὴν
793 997 865 1047 τῆς
887 992 1090 1040 Βιθυνίας
1109 993 1379 1048 μητρόπολιν,
1410 994 1562 1048 ταύτην
1583 1010 1718 1048 φρου-

224 1063 422 1117 ρήσοντα·
453 1059 482 1116 ᾗ
512 1061 770 1116 προσβαλὼν
798 1061 822 1102 6
844 1060 1042 1116 Σκληρός
1072 1061 1360 1116 ἀπεκρούσθη,
1393 1062 1463 1103 καὶ
1493 1062 1604 1117 λιμῷ
1624 1062 1720 1108 τοὺς
1732 1069 1780 1105 34
1805 1069 1841 1105 D

224 1131 268 1172 ἓν
305 1130 409 1185 αὐτῇ
445 1129 679 1183 προδοῦναι
715 1129 868 1183 ταύτην
904 1129 1064 1184 ἠλπίκει
1102 1130 1173 1171 καὶ
1210 1130 1349 1184 μέντοι
1387 1130 1719 1186 ἓχρονοτριβήθη

224 1199 321 1253 ἐκεῖ,
361 1198 539 1252 σιτοδείᾳ
569 1197 666 1244 τοὺς
696 1198 819 1239 ἔνδον
849 1198 1063 1246 πιέζεσθαι
1093 1199 1415 1252 παρεσκεύασεν.
1478 1199 1586 1253 ἔγνω
1619 1203 1721 1253 γοῦν
1733 1206 1780 1242 35

225 1268 249 1309 6
267 1266 502 1322 Ἐρωτικὸς
532 1266 668 1321 ἀπάτῃ
701 1271 1085 1321 καταστρατηγῆσαι
1115 1266 1186 1308 τὸν
1219 1267 1403 1308 ἐναντίον
1433 1267 1503 1309 καὶ
1534 1267 1630 1314 τοὺς
1661 1275 1928 1312 01-w111174

171 1343 212 1378 15
225 1339 363 1382 τῶνας
403 1335 589 1390 ψάμμου
632 1335 852 1390 ἐπλήρωσε
890 1334 962 1375 καὶ
1000 1334 1074 1389 τὴν
1109 1335 1292 1390 ψάμμον
1329 1336 1429 1389 σίτῳ
1468 1336 1720 1391 ἕπέχρωσεν,

227 1405 290 1451 ὡς
321 1404 461 1446 δοκεῖν
490 1403 562 1445 τὸν
593 1403 724 1458 ὄγκον
755 1404 916 1445 ἅπαντα
939 1407 1050 1444 σῖτον
1071 1402 1185 1445 εἶναι.
1247 1405 1359 1459 ἔχων
1381 1403 1457 1445 οὖν
1477 1420 1587 1450 τινας
1608 1404 1720 1446 ἁλω-
1734 1413 1781 1449 36

24 1486 42 1525 ⁷⁸
74 1480 124 1517 lv
146 1480 214 1516 108
226 1473 324 1519 τοὺς
355 1473 402 1514 ἐκ
433 1476 507 1514 τοῦ
538 1472 822 1527 στρατοπέδου
858 1475 944 1513 τῶν
983 1472 1194 1526 ἐναντίων,
1239 1473 1379 1518 αὐτοῖς
1414 1472 1510 1518 τοὺς
1547 1476 1724 1519 σιτῶνας

230 1644 271 1680 ll
296 1645 422 1684 πῶς-,ὅ
443 1643 609 1692 Σκληρός
633 1649 692 1691 τῆς
717 1645 872 1685 Νικαίας
897 1644 1090 1692 ἐκράτησεν
1114 1644 1144 1682 C

301 1806 320 1842 1
347 1806 580 1853 συρρύγνηται
602 1806 699 1853 Ewp
797 1807 955 1852 στρατιᾶξ·
986 1809 1045 1850 (=
1065 1812 1206 1854 στρατιᾶ
1221 1807 1296 1851 καὶ)
1315 1807 1362 1851 D,
1389 1807 1460 1844 sed
1486 1808 1646 1854 punctis
1672 1807 1725 1844 ad

299 1855 461 1900 στρατιᾶὲ
491 1855 638 1890 additis
665 1856 810 1901 repetit
836 1855 908 1894 Dm
933 1860 1083 1901 στρατιᾶ,
1124 1867 1176 1891 ne
1203 1857 1292 1901 quis
1323 1861 1481 1901 στρατιᾶς
1515 1856 1725 1902 intellegat

301 1903 322 1939 7
348 1904 530 1948 γενομένης
555 1902 651 1949 Ewp
809 1907 904 1939 ante
928 1904 988 1939 καὶ
1014 1903 1107 1939 add.
1133 1903 1168 1939 τὲ
1193 1903 1229 1938 D
1387 1905 1410 1939 8
1435 1903 1497 1949 τὴν
1523 1914 1598 1939 om.
1625 1904 1724 1950 pr

303 1950 349 1985 10
365 1949 427 1996 τὴν
441 1960 518 1987 om.
532 1950 629 1996 Ewp
725 1951 890 1997 βιθυνίας
903 1950 1013 1997 ARp,
1031 1951 1204 1997 βηθυνίας
1222 1951 1295 1986 DW
1394 1951 1449 1986 12.
1468 1951 1511 1986 13
1536 1951 1596 1986 καὶ
1609 1952 1724 1996 μέντοι

255 2002 257 2004 ’
301 1998 362 2033 καὶ
385 1997 663 2044 χρονοτριβῆσας
686 1997 764 2034 ε’κεῒ
785 1997 896 2045 pr,
933 1999 993 2035 καὶ
1023 1999 1141 2043 μέντοι
1175 1999 1456 2045 ἐχρονοτριβήθη
1483 1999 1567 2043 ἐκεῖ,
1608 1999 1722 2043 <ἒπεὶ>

302 2046 404 2081 coni.
419 2045 534 2081 B-W
626 2046 670 2082 13
695 2045 758 2081 οὖν
777 2045 906 2092 Csswp
1006 2046 1051 2081 14
1075 2051 1147 2082 τῶν
1173 2047 1337 2082 ἐναντίων
1358 2047 1393 2082 D
1494 2046 1548 2082 14.
1577 2046 1619 2081 15
1646 2046 1725 2085 τοὺς

301 2097 449 2133 σιτῶνας
478 2093 632 2139 ψάμμου
663 2092 848 2139 ἐπλήρωσε
880 2093 1014 2140 AEwp
1054 2097 1108 2137 (v.
1135 2093 1249 2131 Cedr.
1285 2093 1475 2140 (Scylitz.)
1507 2094 1544 2129 11
1580 2105 1617 2140 p.
1642 2094 1724 2137 428,

304 2140 375 2185 12),
401 2141 450 2180 εἰς
475 2140 555 2180 τοὺς
580 2145 727 2181 σιτῶνας
752 2141 903 2187 ψάμμον
928 2142 1140 2187 συνεκόμισε
1166 2141 1198 2178 O
1305 2141 1350 2177 15
1375 2143 1460 2186 σίτῳ
1485 2146 1580 2177 ante
1603 2141 1665 2188 τὴν
1693 2141 1724 2177 Ο

347 2188 529 2235 ἐπέχρωσέ
550 2202 585 2224 τε
610 2188 670 2224 καὶ
694 2188 918 2236 ἐπεκάλυψεν
944 2189 976 2225 O
1076 2190 1120 2225 16
1145 2189 1207 2225 οὖν
1234 2200 1309 2225 orn.
1336 2188 1377 2234 C,
1402 2189 1494 2224 add.
1521 2189 1582 2227 Cw

231 2366 453 2404 aggressus
478 2357 575 2393 vicit
600 2357 822 2403 vivumque
847 2357 963 2404 cepit,
994 2356 1114 2393 Petro
1141 2356 1474 2402 stratopedarcha
1501 2356 1725 2392 interfecto.
1739 2357 1786 2393 30

234 2405 290 2440 Ea
315 2405 486 2441 victoria
510 2409 556 2440 ut
581 2403 706 2441 Scleri
733 2415 830 2451 opes
855 2405 1023 2440 multum
1050 2406 1177 2447 auxit,
1207 2405 1264 2439 sic
1291 2404 1444 2449 regiam
1474 2414 1555 2439 rem
1583 2404 1635 2439 ad
1662 2404 1783 2439 ‹le-31

231 2453 501 2499 sperationem
535 2452 742 2499 depressit,
783 2453 1018 2499 praesertim
1047 2462 1136 2488 cum
1165 2456 1363 2497 tyrannus
1389 2452 1508 2486 etiam
1537 2462 1647 2487 mare
1673 2456 1726 2487 te-

231 2503 357 2536 neret.
407 2500 676 2542 Quamobrem
707 2501 963 2546 praepositus
990 2499 1162 2535 cubiculi
1191 2499 1318 2534 classe
1344 2499 1475 2542 miss-ta,
1514 2500 1725 2534 commisso
1739 2500 1786 2535 32

232 2557 322 2583 cum
354 2547 477 2584 Scicri
510 2548 685 2583 navibus
718 2548 883 2594 proelio,
921 2548 1008 2583 eius
1041 2547 1207 2582 classem
1247 2547 1395 2582 devicit
1429 2550 1469 2581 ct
1503 2546 1726 2592 dissipavit,

232 2596 419 2641 idemque
445 2595 545 2631 mari
571 2600 716 2642 pacato
743 2596 1045 2642 provinciarum
1073 2597 1261 2640 suscepta
1287 2604 1397 2635 cura,
1437 2594 1639 2629 Eroticum
1674 2594 1725 2630 ad
1739 2595 1786 2630 33

231 2642 420 2679 Nicaeam
447 2642 660 2688 Bithyniae
687 2643 938 2689 metropolim
966 2642 1158 2677 tuendam
1191 2642 1311 2686 misit3
1352 2651 1472 2687 quam
1500 2640 1659 2677 seierus
1687 2643 1786 2678 vi34

232 2700 473 2737 expugnare
500 2691 651 2726 frustra
676 2694 856 2734 conatus,
896 2692 1002 2725 fame
1035 2690 1168 2734 subigi
1204 2699 1275 2734 per
1309 2688 1573 2734 proditionem
1610 2700 1726 2735 posse

233 2743 345 2774 ratus
377 2738 626 2773 obsidionem
661 2741 794 2773 tamen
830 2738 952 2772 traxit
985 2741 1022 2772 ct
1053 2738 1205 2771 incolas
1234 2739 1338 2771 samo.
1367 2746 1518 2771 vexare
1546 2738 1726 2772 instituit.

235 2785 417 2821 Eroticus
443 2795 540 2821 vero
568 2785 660 2821 ‹lolo
688 2785 980 2821 circumvenire
1009 2785 1159 2819 hostem
1187 2785 1326 2819 statuit
1355 2784 1543 2829 inlataque.
1572 2784 1610 2819 in
1637 2785 1787 2830 gra-35

233 2833 349 2868 naria
385 2843 510 2868 arena
541 2838 580 2868 ct
613 2834 815 2868 frumento
848 2843 1022 2878 superne
1055 2833 1109 2866 ita
1141 2832 1298 2875 iniecto,
1339 2836 1381 2866 ut
1414 2836 1521 2866 totus
1555 2842 1728 2867 acervus

235 2880 442 2916 videretur
460 2882 716 2925 frumentum,
744 2881 926 2927 captivis,
954 2889 1055 2925 quos
1074 2889 1122 2913 cx
1147 2879 1318 2914 hostium
1339 2879 1520 2915 exercitu
1541 2879 1727 2924 habebut,
1741 2881 1788 2917 30

234 2928 427 2976 granaria
454 2927 702 2964 demonstrat
729 2938 778 2964 ne
797 2927 1016 2974 semiplena
1036 2926 1196 2974 quidem
1217 2936 1367 2973 eosque
1384 2926 1519 2963 Scivro
1540 2928 1728 2966 nuntiare
