1968 3302
307 250 440 287 XVIII
452 241 455 243 ’
943 248 1160 284 Praefatio.

306 373 389 415 hoc
421 372 633 415 volumine
666 371 948 423 continentur,
982 367 1141 411 fontes
1174 368 1302 412 hodie
1334 383 1418 412 non
1444 373 1628 426 exstant,
1661 375 1805 415 tamen

307 460 389 489 non
422 443 547 487 modo
586 444 797 485 maximae
830 443 964 498 partis
997 443 1210 497 epitomae
1244 442 1463 486 Zonareae
1495 448 1692 488 auctores
1733 459 1802 488 no-

306 521 404 563 stris
435 519 478 560 in
509 517 703 560 manibus
735 520 845 569 sunt,
891 514 967 558 sed
1010 515 1139 557 etiam
1179 521 1403 571 supersunt
1436 517 1599 572 aliquot
1630 521 1805 576 scripto-

305 606 373 635 res
406 591 644 648 Byzantini,
693 592 762 645 qui
802 591 1011 632 Zonaram
1053 590 1134 632 sibi
1179 591 1387 646 elegerint
1428 593 1756 637 exscribendum
1774 597 1802 638 ¹.

303 665 455 719 Neque
489 668 631 706 tamen
664 676 687 705 e
719 662 908 704 fontibus
931 662 1125 705 Zonarae
1156 664 1456 719 comparandis
1485 669 1650 708 tantum
1683 680 1802 710 usum

304 738 525 793 percipere
556 749 794 792 possumus,
841 739 1046 789 quantuni
1080 735 1174 789 quis
1206 738 1455 791 speraverit,
1505 737 1619 792 quod
1652 739 1706 782 ab
1752 753 1802 783 eo

303 813 499 852 auctores
537 822 621 850 non
661 807 716 851 ad
756 808 931 851 verbum
965 820 1057 851 esse
1092 807 1329 864 descriptos
1361 809 1437 852 sed
1470 810 1683 854 liberrime
1730 810 1802 855 ad-

303 881 458 924 hibitos
492 894 585 924 esse
617 884 798 936 apparet
829 881 886 933 (v.
920 881 1058 923 B-W
1091 885 1315 924 comment.
1349 882 1564 925 Fleckeis.
1597 897 1639 939 p.
1677 883 1800 938 125);

303 954 577 1008 quamobrem
610 957 808 995 auctores
830 954 1024 996 Zonarae
1058 957 1100 996 et
1132 953 1321 997 asseclas
1355 953 1683 1010 diligentissime
1707 969 1802 999 eon-

300 1025 453 1068 ferenti
497 1028 678 1081 apparet
723 1024 778 1067 ad
823 1026 1018 1068 Zonarae
1063 1026 1196 1069 verba
1241 1026 1506 1070 restituenda
1551 1028 1624 1071 vix
1670 1028 1800 1071 ullum

300 1097 485 1140 fructum
530 1097 630 1140 inde
677 1098 773 1153 capi
818 1111 944 1154 posse
987 1102 1158 1153 praeter
1199 1112 1267 1142 res
1300 1103 1342 1141 et
1382 1099 1544 1143 formas
1583 1099 1800 1143 nominum

298 1169 564 1225 propriorum
581 1170 610 1224 ²,
660 1183 768 1224 quae
808 1171 846 1213 ei
879 1183 1046 1224 quoque
1086 1184 1253 1226 semper
1290 1170 1380 1213 fere
1419 1176 1540 1214 erant
1573 1171 1798 1216 tenendae.

300 1241 388 1284 Sed
419 1255 472 1284 ne
506 1241 561 1284 (le
594 1242 739 1284 formis
773 1241 944 1296 quidem
977 1243 1192 1285 nominum
1225 1244 1505 1299 propriorum,
1539 1257 1649 1298 quae
1673 1259 1700 1287 a
1722 1245 1800 1288 Zo-

296 1327 427 1356 narae
460 1314 704 1357 auctoribus
726 1314 794 1356 vel
817 1314 990 1357 asseclis
1017 1313 1240 1357 adhibitae
1272 1319 1381 1369 sunt,
1416 1315 1666 1372 saepissime
1685 1316 1799 1370 quic-

298 1399 424 1440 quam
466 1387 571 1429 certi
613 1390 793 1440 constat,
843 1388 1040 1441 quoniam
1081 1401 1219 1441 neque
1258 1387 1458 1443 Scylitzis
1497 1401 1636 1442 neque
1668 1388 1799 1431 Pselli

299 1458 442 1512 verba,
475 1472 528 1501 ne
562 1458 815 1513 Oedrenum,
858 1459 1088 1513 Georgium
1121 1459 1390 1514 Monachum,
1431 1459 1618 1502 Leonem
1652 1460 1800 1503 Gram-

298 1530 513 1584 matieum,
548 1530 655 1573 alios
687 1531 913 1585 nominem,
957 1531 1018 1573 ita
1050 1535 1147 1573 sunt
1180 1531 1311 1586 edita,
1356 1535 1415 1583 ut,
1462 1545 1571 1586 quae
1604 1532 1647 1574 in
1678 1532 1799 1576 libris

295 1615 422 1644 manu
448 1602 618 1658 seriptis
639 1601 724 1644 fide
757 1601 1020 1657 dignissimis
1053 1607 1232 1646 exarata
1264 1604 1362 1657 sint,
1395 1604 1581 1659 perspici
1604 1604 1739 1660 possit
1758 1606 1794 1647 ³:

415 1674 581 1729 Restat,
615 1679 661 1717 ut
694 1678 969 1731 conspectum
1002 1679 1210 1730 notarum,
1246 1676 1397 1730 quibus
1418 1677 1484 1719 usi
1513 1689 1670 1732 sumus,
1702 1690 1797 1733 pro-

327 1759 517 1789 onamus.

295 1760 385 1861 pA:
418 1819 635 1862 Parisinus
668 1819 829 1875 Regius
873 1819 986 1862 1715
1023 1820 1207 1875 scriptus
1239 1834 1278 1862 a.
1316 1820 1429 1863 1289
1464 1822 1521 1874 (v.
1556 1820 1612 1863 ad
1644 1821 1795 1864 XVIII

413 1891 593 1945 29,30)‚
639 1906 665 1934 a
708 1905 775 1934 me
814 1896 912 1948 post
943 1893 1150 1935 Haasium
1192 1893 1346 1935 iterum
1380 1893 1560 1935 collatus
1593 1894 1648 1945 (v.
1681 1893 1792 1950 Byz.

412 2019 426 2044 1
453 2020 552 2057 Cum
588 2021 638 2057 de
671 2022 853 2057 fontibus
880 2033 903 2057 a
932 2022 1089 2057 Zonara
1125 2023 1314 2058 adhibitis
1350 2023 1481 2068 iisque
1517 2023 1793 2068 scriptoribus,

294 2081 362 2126 qui
389 2081 586 2117 Zonaram
623 2085 849 2127 sequuntur
884 2086 1103 2126 auctorem,
1143 2083 1179 2118 h.
1205 2083 1227 2117 l.
1256 2083 1348 2118 ideo
1380 2083 1508 2118 verba
1540 2083 1677 2118 faeere
1711 2093 1794 2118 non

292 2141 503 2186 possimus,
546 2142 656 2188 quod
699 2142 865 2178 editioni
908 2146 1070 2179 nostrae
1113 2144 1212 2178 fines
1256 2143 1444 2178 artissimi
1488 2146 1582 2178 sunt
1628 2143 1794 2179 eircum-

292 2201 440 2246 scripti,
476 2211 551 2237 nos
583 2201 715 2238 libello
749 2212 931 2238 seorsum
958 2203 1222 2248 exprimendo
1251 2206 1290 2238 et
1318 2203 1449 2248 patrio
1476 2213 1662 2238 sermone
1689 2213 1791 2238 eom-

291 2261 480 2306 ponendo
509 2271 567 2306 ea,
595 2273 701 2307 quae
731 2263 771 2297 in
801 2263 1209 2298 commentationibus
1224 2263 1566 2299 Fleckeisenianis
1593 2263 1791 2298 disserere

291 2321 508 2367 coepimus,
547 2325 587 2357 et
613 2322 839 2368 suppleturi
866 2326 905 2358 et
931 2323 983 2357 ad
1010 2323 1129 2358 finem
1157 2323 1393 2368 perducturi
1420 2332 1570 2365 sumus,
1606 2323 1791 2368 quamvis

291 2390 363 2426 per
389 2391 432 2416 se
459 2383 597 2426 pateat
622 2381 698 2417 hae
723 2383 764 2417 in
795 2382 972 2418 editione
999 2383 1184 2428 paranda
1211 2393 1234 2417 a
1261 2383 1378 2418 nobis
1405 2392 1562 2427 semper
1590 2385 1629 2417 ct
1655 2384 1791 2417 aucto·

289 2450 354 2476 res
379 2440 562 2477 Zonarae
594 2444 633 2477 et
667 2442 754 2478 eius
787 2443 973 2486 asseclas,
1014 2443 1082 2488 qui
1115 2445 1343 2488 supersunt,
1382 2444 1637 2487 comparatos
1668 2444 1719 2485 et,
1757 2443 1790 2477 si

290 2509 392 2545 opus
419 2501 564 2546 fuerat,
591 2501 733 2536 allatos
760 2512 859 2537 esse.
897 2501 1039 2547 Neque
1058 2512 1155 2536 vero
1174 2501 1518 2546 praetereundum
1538 2506 1598 2536 est
1617 2511 1666 2536 ea
1685 2512 1789 2547 quae

290 2557 326 2595 S.
353 2559 595 2596 Roeckelius
636 2563 687 2603 (v.
720 2561 1071 2597 Krumbaeherum
1108 2561 1244 2597 Gesch.
1281 2561 1317 2596 d.
1354 2561 1438 2607 byz.
1473 2559 1568 2596 Litt.
1605 2560 1788 2597 Mona-eh.

291 2618 381 2654 1891
410 2630 445 2664 p.
474 2620 556 2662 145)
586 2621 810 2667 disputavit
846 2621 896 2657 de
928 2622 1093 2665 ratione,
1133 2631 1238 2666 quae
1268 2621 1372 2656 inter
1398 2621 1571 2656 Psellum
1601 2624 1639 2657 et
1665 2620 1788 2657 Zona-

288 2688 375 2713 ram
402 2679 637 2726 intercedat,
665 2692 688 2716 a
715 2681 833 2717 nobis
858 2685 941 2717 non
967 2682 1148 2727 potuisse
1174 2681 1327 2726 inspici.

408 2736 425 2761 2
449 2738 510 2774 De
535 2741 768 2776 nominibus
795 2742 970 2787 propriis
997 2741 1269 2776 conferendus
1292 2741 1367 2776 erit
1403 2739 1526 2776 index
1553 2738 1785 2783 historicus,

290 2806 409 2841 quem
436 2798 478 2832 in
504 2799 583 2834 fine
611 2800 826 2836 voluminis
853 2801 1085 2836 adiecimus

407 2854 422 2878 3
448 2856 636 2893 Ceterum
663 2862 775 2904 patet
810 2861 1026 2906 scriptores
1052 2859 1300 2905 Byzantinos
1332 2872 1355 2896 a
1381 2861 1499 2896 nobis
1527 2869 1614 2896 esse
1642 2859 1784 2894 citatos

287 2916 509 2951 secundum
548 2918 743 2955 editiones
770 2919 1005 2955 Bonnenses
1028 2923 1190 2966 praeter
1215 2920 1504 2966 Theophanem
1534 2922 1574 2955 et
1590 2918 1784 2963 Nicepho-

288 2985 379 3010 rum
407 2974 661 3021 Cpolitanum
688 2979 763 3013 viri
791 2979 999 3015 clarissimi
1026 2979 1076 3016 de
1095 2979 1202 3015 Boor
1230 2980 1438 3026 diligentia
1469 2979 1616 3025 optime
1642 2977 1783 3013 editos.
