2054 3282
322 242 394 279 460
725 242 904 280 ZONAR.
933 243 1065 279 EPIT.
1092 243 1181 279 XVI
1211 245 1265 289 16,
1292 244 1420 280 9—19.

324 364 369 406 δὲ
411 369 485 406 τοῦ
529 364 717 418 ἐδάφους
759 364 906 412 πλαξὶν
949 364 1237 419 ’ὖπολισθήσας
1267 365 1292 406 ὁ
1323 366 1448 412 ἵππος
1485 367 1603 408 ἔπεσε
1640 365 1712 408 καὶ
1748 366 1820 408 τὸν

322 433 534 487 ἀναβάτην
555 434 800 487 κατήνεγκε·
833 433 907 474 καί
933 449 991 479 τις
1021 432 1150 479 εὐθὺς
1182 434 1298 487 αὐτῷ
1330 433 1523 475 ἐπελθὼν
1555 435 1716 488 ἐξέτεμε
1745 435 1820 490 τὴν

322 501 451 542 αὐτοῦ
483 501 671 555 κεφαλὴν
702 501 773 542 καὶ
804 506 864 554 τῷ
900 501 1062 555 βασιλεῖ
1090 503 1396 555 Κωνσταντίνῳ
1432 503 1706 557 προσήνεγκε,
1753 502 1819 544 διὰ

321 574 393 624 τῆς
438 570 605 623 δυτικῆς
647 573 720 610 τοῦ
760 569 1119 622 Χρυσοτρικλίνου
1163 570 1297 624 πύλης
1340 571 1553 619 εἰσελθών,
1597 571 1703 612 κατὰ
1746 571 1821 626 τὴν

265 643 309 677 10
321 637 554 691 πρόρρησιν
584 641 656 678 τοῦ
689 638 1008 691 βασιλεύσαντος
1031 638 1223 684 Λέοντος.
1287 639 1347 680 ὅτι
1380 638 1425 680 δὲ
1458 640 1509 680 οὒ
1539 639 1718 687 τεύξεται
1748 644 1855 694 τῆς5

320 705 529 759 βασιλείας
567 706 590 746 ὁ
623 705 736 754 Δοὺξ
768 705 1085 753 Κωνσταντῖνος
1124 707 1194 748 καὶ
1238 708 1447 761 ἑτέρωθεν
1490 711 1575 754 τοῖς
1614 707 1709 761 περὶ
1750 707 1822 749 τὸν

264 779 303 813 11
321 773 491 828 βασιλέα
524 774 772 828 ἓπέγνωστο.
834 774 886 829 ἦν
918 776 997 829 γάρ
1028 791 1086 821 τις
1116 775 1299 830 τελώνης
1331 775 1555 824 Νικόλαος,
1600 777 1647 822 ὃς
1685 776 1820 830 χρεώ-

322 858 419 896 στης
464 842 635 884 πολλῶν
680 843 911 897 χρημάτων
957 848 1018 897 τῷ
1065 844 1258 898 δημοσίῳ
1306 844 1529 898 γενόμενος
1572 843 1680 897 πρὸς
1724 843 1822 890 τοὺς

315 909 575 965 Ἰσμαηλίτας
605 912 814 965 κατέφυγε
846 911 917 953 καὶ
947 911 1021 965 τὴν
1051 913 1183 953 πίστιν
1215 912 1529 967 ἐξομοσάμενος
1551 912 1822 966 ἀστρολογίαν

48 982 125 1018 PII
136 981 247 1018 184A
264 983 308 1017 12
319 978 469 1034 μετῄει.
534 977 657 1025 οὗτος
684 985 744 1034 τῷ
766 980 968 1035 λογοθέτῃ
991 985 1064 1022 τοῦ
1089 980 1253 1035 δρόμου
1277 981 1518 1022 ἀπεστάλκει
1541 981 1820 1035 γραμμάτιον·
1837 987 1881 1024 10

116 1048 346 1102 W11114825
382 1047 426 1089 δὲ
457 1048 606 1089 τούτου
645 1049 866 1103 περίληψις
902 1049 954 1103 ἦν
992 1049 1176 1103 τοιαύτη·
1221 1049 1309 1104 “μὴ
1356 1050 1576 1104 φοβηθῆτε
1620 1048 1703 1090 ἀπὸ
1746 1053 1820 1090 τοῦ

322 1115 503 1163 Δουκός·
548 1117 916 1171 νεωτερισθήσεται
955 1117 1034 1171 γὰρ
1073 1118 1276 1172 ἀφρόνως
1313 1117 1384 1158 καὶ
1421 1118 1585 1164 εὐθέως
1615 1117 1869 1172 ὂλοθρευ-Ι)
1888 1124 1940 1161 IV
1954 1124 2001 1160 52

264 1189 308 1224 13
321 1185 534 1238 θήσεται.”
595 1184 666 1226 καὶ
705 1186 729 1240 ἡ
768 1186 846 1239 μὲν
886 1186 1115 1227 ἀποστασία
1160 1186 1386 1227 ἐπέπαυτο·
1435 1186 1458 1226 ὁ
1496 1186 1541 1227 δὲ
1579 1190 1653 1227 τοῦ
1690 1187 1818 1227 Κων-

322 1253 533 1295 σταντίνου
564 1253 772 1307 πενθερὸς
804 1254 827 1294 ὁ
857 1254 1084 1308 μάγιστρος
1104 1254 1149 1295 Γ
1143 1258 1329 1309 ρηγορᾶς
1358 1253 1429 1296 καὶ
1450 1254 1576 1295 Λέων
1607 1254 1632 1295 ὁ
1659 1253 1818 1308 Χοιρο-

321 1322 511 1376 σφάκτης
541 1327 591 1377 τῇ
621 1322 780 1377 μεγάλῃ
804 1323 1002 1376 ἐκκλησίᾳ
1022 1324 1446 1377 προσπεφοιτήκασιν,
1481 1324 1556 1368 οὓς
1577 1322 1820 1377 ἐκβαλόντες
1836 1327 1880 1364 15

320 1394 393 1432 τοῦ
437 1391 556 1432 θείου
599 1392 797 1445 τεμένους
839 1391 1055 1446 μοναχοὺς
1095 1392 1319 1446 ἀπέκειραν
1357 1393 1397 1432 οἳ
1438 1391 1649 1445 ἐπίτροποι
1687 1391 1731 1432 ἕν
1770 1395 1820 1446 τῇ

263 1464 308 1499 14
320 1463 393 1500 τοῦ
414 1459 623 1501 Στουδίου
649 1465 772 1515 μονῇ.
835 1461 987 1506 ἄλλους
1020 1460 1056 1502 δ’
1092 1461 1349 1514 αἰκισάμενοι
1381 1461 1704 1515 ἕθριάμβευσαν,
1736 1460 1818 1501 ἑτέ-

319 1544 410 1583 ροις
439 1528 488 1570 τὰ
521 1529 690 1583 ὄμματα
723 1529 1008 1584 ἒξεπήρωσαν,
1047 1529 1170 1571 ἕνίων
1203 1529 1247 1570 δὲ
1277 1528 1350 1575 τὰς
1381 1528 1569 1582 κεφαλὰς
1600 1529 1818 1583 ἀπέτεμον,

321 1676 441 1759 ΞΒΙῗτι
466 1675 616 1759 πολΕλοὺς
644 1678 681 1712 οἱ
706 1682 766 1712 τοῦ
789 1677 963 1724 βασιλέως
988 1676 1165 1722 ἐπίτροποι
1193 1681 1262 1712 τῶν
1288 1677 1539 1722 συναραμένων
1565 1681 1613 1721 τῷ
1642 1675 1820 1721 ἀποστάτῃ

318 1738 381 1759 εκο
405 1737 493 1759 ασαν

389 1843 412 1878 2
436 1843 532 1888 αὐτῷ·
558 1843 666 1882 εὐθὺς
691 1842 848 1889 EwpDi
979 1843 1086 1882 εὐθὺς
1117 1854 1191 1879 om.
1221 1843 1250 1879 C
1377 1843 1518 1887 ἐξέτομε
1544 1842 1592 1886 D,
1621 1853 1722 1878 corr.
1749 1842 1819 1880 Dw

389 1890 412 1926 4
436 1891 549 1936 πύλης
576 1895 666 1937 post
691 1892 836 1937 δυτικῆς
864 1891 892 1928 C
998 1892 1019 1926 5
1045 1892 1241 1933 συτεύξεται
1268 1891 1315 1934 D,
1343 1902 1444 1926 corr.
1472 1891 1540 1928 Dw
1652 1889 1684 1925 5.
1711 1891 1734 1926 6
1760 1895 1820 1935 τῆς

389 1939 470 1984 βασ.
498 1946 588 1984 post
614 1952 746 1974 κωνστ.
772 1939 868 1985 Ewp
999 1940 1021 1974 6
1047 1940 1178 1978 δοῦκας
1205 1939 1252 1984 D,
1279 1939 1410 1977 δοὺκας
1437 1939 1533 1984 Ewp
1657 1938 1818 1982 ἕτέρωὲθι

390 1986 487 2032 Ewp
585 1992 656 2025 τοῖς
681 1985 849 2032 prDi,
876 1992 935 2032 τῆς
962 1985 997 2022 Α
1105 1988 1128 2022 8
1153 1992 1274 2031 χρῆμα
1302 1986 1348 2030 D,
1377 1997 1478 2022 corr.
1505 1985 1572 2024 Dw
1689 1986 1733 2021 10
1757 1986 1819 2021 δωτ-

390 2033 539 2069 έσταλκα
564 2034 612 2078 D,
639 2034 831 2070 ἀπέσταλκε
856 2034 925 2072 Dw
1022 2035 1222 2080 γραμμάτια
1248 2033 1294 2078 D,
1323 2045 1423 2069 corr.
1448 2033 1516 2071 Dw
1615 2033 1658 2068 11
1685 2034 1819 2069 τούτων

391 2081 438 2126 D,
466 2092 566 2118 corr.
585 2081 654 2119 Dw
754 2082 798 2117 12
823 2083 938 2117 δούκα
964 2082 1060 2127 Ewp
1157 2082 1466 2126 νεωτερισθήσεται
1486 2079 1554 2116 ΑΕ
1575 2080 1688 2117 Cedr.
1709 2079 1819 2126 (Scy-

391 2129 485 2173 litz.)
512 2128 550 2164 II
576 2141 613 2175 p.
638 2130 719 2175 281,
746 2129 778 2174 2,
805 2131 1000 2175 νεωτερίσει
1027 2128 1184 2175 prDi
1325 2130 1368 2164 13
1393 2129 1588 2164 ἀποστάτου
1616 2127 1725 2164 OWO
1751 2128 1816 2164 lat.

393 2177 437 2212 17
463 2177 696 2223 αι’κησάμενοι
724 2177 771 2223 p*

320 2299 446 2332 strato
472 2297 672 2342 prolapso,
699 2297 1008 2342 praecipitatum
1043 2297 1107 2331 cui
1135 2297 1300 2341 quidam
1327 2297 1459 2331 statim
1487 2299 1609 2341 caput
1635 2298 1817 2341 amputat

320 2345 491 2390 regique
509 2343 772 2380 Constantino
793 2345 911 2379 offert
928 2354 1000 2390 per
1019 2344 1310 2379 occidentalem
1331 2344 1445 2378 aurei
1472 2343 1631 2378 triclinii
1659 2346 1816 2388 portam

265 2390 539 2437 loingressu3‚
579 2393 682 2427 sicut
714 2402 788 2427 rex
813 2391 896 2427 Leo
924 2392 1169 2427 vaticinatus
1197 2394 1294 2426 erat.
1346 2390 1654 2427 Constantinum
1681 2393 1816 2425 autem

319 2439 477 2474 Ducam
503 2449 631 2485 regno
658 2450 741 2474 non
767 2440 988 2485 potiturum
1015 2440 1103 2484 regi
1127 2442 1166 2474 et
1184 2439 1324 2474 aulicis
1342 2438 1506 2473 aliunde
1524 2447 1686 2482 quoque
1706 2438 1817 2473 inno·

262 2484 304 2520 11
321 2489 464 2522 tuerat.
516 2487 611 2522 Erat
630 2487 793 2532 quidam
813 2487 1053 2532 publicanus
1071 2486 1272 2530 Nicolaus,
1301 2487 1368 2531 qui
1391 2485 1538 2530 grandi
1565 2495 1659 2520 aero
1685 2485 1816 2520 alieno

320 2535 569 2579 reipublicae
596 2535 823 2576 obstrictus,
861 2535 1048 2570 abiurata
1082 2534 1291 2579 religione,
1331 2533 1382 2568 ad
1409 2532 1631 2567 Ismaelitas
1659 2543 1702 2567 se
1727 2543 1817 2567 con—

262 2581 307 2615 12
321 2582 468 2617 tulerat
500 2586 541 2617 et
576 2582 837 2627 astrologiam
876 2582 1089 2616 tractabat.
1141 2581 1178 2616 Is
1217 2591 1358 2616 cursus
1397 2580 1547 2625 publici
1586 2580 1818 2625 logothetae

320 2629 474 2664 litteras
491 2630 665 2672 miserat,
693 2639 864 2675 quorum
883 2629 983 2664 haee
1002 2639 1157 2664 summa
1176 2633 1279 2664 erat:
1305 2628 1461 2663 “Nolite
1480 2628 1620 2662 timere
1639 2637 1662 2661 a
1681 2627 1814 2672 Duca;

262 2676 307 2711 13
321 2687 414 2711 nam
440 2677 557 2712 novis
582 2677 705 2712 rebus
731 2680 881 2712 temere
907 2677 1084 2712 studebit
1110 2681 1150 2712 et
1182 2677 1315 2711 statim
1350 2674 1532 2720 pe1·ibit.”
1580 2674 1818 2710 Defectione

322 2734 525 2769 oppressa,
565 2723 817 2760 Constantini
848 2734 962 2759 socer
993 2724 1187 2769 magister
1221 2722 1425 2768 Gregoras
1462 2725 1500 2757 et
1535 2721 1618 2757 Leo
1647 2721 1817 2757 Choero-

321 2772 506 2816 sphactes
528 2772 569 2806 in
595 2782 786 2816 magnam
814 2771 1022 2807 eeclesiam
1050 2781 1092 2806 se
1119 2771 1387 2813 contulerunt,
1415 2780 1516 2815 quos
1543 2773 1696 2804 tutores
1723 2769 1817 2804 inde

263 2817 307 2852 14
322 2819 471 2854 eiectos
488 2819 766 2862 totonderunt,
782 2822 828 2854 ut
846 2819 886 2853 in
905 2819 1148 2854 monasterio
1166 2817 1296 2853 Studii
1314 2818 1500 2852 monachi
1521 2819 1664 2852 essent.
1706 2815 1816 2852 Alios

321 2866 459 2911 flagris
487 2877 625 2901 caesos
651 2867 692 2901 in
722 2866 925 2911 triumpho
946 2865 1314 2908 circumduxerunt,
1345 2864 1546 2900 nonnullis
1566 2864 1703 2899 oculos
1723 2864 1816 2898 effo-

321 2913 478 2958 derunt,
506 2914 702 2959 quosdam
731 2914 1036 2958 obtruncarunt,
1064 2913 1164 2949 alios
1181 2923 1206 2948 a
1226 2911 1463 2959 chrysopoli
1488 2921 1617 2958 usque
1644 2911 1694 2946 ad
1714 2910 1815 2947 Leu-
