2054 3282
179 171 416 210 SYNODVS
426 170 634 214 QVINTA.
656 169 962 209 BELISARIVS
973 170 1158 208 ROMAM
1170 170 1338 208 CAPIT.
1357 171 1391 207 N
1394 170 1565 208 ARSES.
1610 171 1679 207 169

181 294 348 336 Ἰταλίαν
385 295 616 341 ἐκπλεύσας
651 299 822 349 πρῶτον
858 294 938 349 μὲν
967 294 1188 349 πολιορκίᾳ
1219 294 1421 349 λαμβάνει
1452 294 1678 343 Νεάπολιν,

179 363 262 405 εἶτα
293 363 365 405 καὶ
396 365 453 410 εἷς
483 363 613 418 αὐτὴν
643 364 718 419 τὴν
737 363 906 419 Ῥώμην
933 364 1206 419 ἐπιδημήσας,
1239 363 1350 418 ὁμοῦ
1381 362 1460 418 μὲν
1492 363 1679 417 δυνάμει,

179 433 289 486 ὁμοῦ
322 433 367 475 δὲ
398 433 470 475 καὶ
500 437 550 488 τῇ
580 437 665 475 τῶν
696 433 835 475 ἀστῶν
871 433 1024 487 εὐνοίᾳ,
1070 433 1213 487 γέγονε
1251 432 1323 474 καὶ
1358 432 1510 487 ταύτης
1546 432 1678 479 ἐντός·

179 502 203 542 ὁ
236 501 315 556 γὰρ
347 506 432 544 τῶν
452 501 496 543 Γ
491 501 637 544 ότθων
661 503 809 556 ἄρχων
831 502 1044 548 Θευδάτος
1076 502 1120 544 ἐν
1140 501 1337 557 Ῥαβέννῃ
1371 502 1532 556 διάγων
1563 502 1678 555 ἐτύγ-
1695 505 1739 540 18
1760 504 1929 541 W11156

143 582 292 625 ᾗχανε.
355 571 427 613 καὶ
459 570 702 613 Μεδιόλανα
736 571 781 612 δὲ
812 572 838 626 ἠ
870 571 989 618 πόλις
1019 571 1254 626 κατεσχέθη
1293 571 1411 626 παρὰ
1443 571 1678 625 Ῥωμαίων.
1694 574 1739 609 19
1765 573 1796 608 Β

178 643 264 682 τῶν
301 640 346 682 δὲ
376 640 421 681 Γ
416 639 561 682 ότθων
603 639 730 686 αὖθις
758 640 1115 697 ’πολιορκούντων
1158 640 1288 695 αὐτὴν
1324 640 1349 682 ὁ
1379 639 1572 695 βασιλεὺς
1609 639 1680 682 τὸν
1693 643 1741 678 20

177 708 357 764 Ναρσῆν
398 709 502 763 μετὰ
548 709 772 763 δυνάμεως
816 710 1020 764 ἐπαρῆξαι
1058 715 1121 764 τῷ
1159 710 1396 764 Βελισαρίῳ
1435 709 1677 751 ἀπέστειλεν.

176 777 229 832 ἦν
261 778 306 820 δὲ
338 778 363 819 ὁ
386 777 562 833 Ναρσῆς
584 779 789 833 ἐκτομίας,
822 779 961 824 ἄλλως
990 780 1131 833 μέντοι
1163 779 1349 833 γενναῖός
1379 795 1421 820 τε
1452 778 1523 820 καὶ
1554 794 1678 832 στρα-
1693 781 1737 816 21

176 847 456 901 τηγικώτατος
486 847 557 889 καὶ
588 852 673 894 τοῖς
703 852 927 902 κρατοῦσιν
958 850 1240 903 ᾠκειωμένος.
1304 848 1496 902 ἀλλήλοιν
1522 847 1598 889 οὗν
1618 847 1678 902 μὴ
1693 851 1739 887 92

118 927 164 962 10
177 920 484 970 συμφωνοῦντε
514 916 650 958 τούτω
681 916 742 958 τὼ
772 917 893 958 διττὼ
919 918 1137 971 στρατηγώ
1173 916 1213 972 (ὁ
1234 917 1312 972 μὲν
1334 917 1414 972 γὰρ
1435 917 1681 972 Βελισάριος

178 985 318 1039 ἑαυτῷ
347 988 433 1027 τῶν
464 986 820 1040 κατορθωμάτων
852 986 979 1041 ἤθελε
1010 986 1056 1028 τὸ
1087 989 1172 1027 πᾶν
1211 987 1532 1041 ἐπιγράφεσθαι,
1577 986 1602 1027 ὁ
1635 986 1682 1028 δέ

178 1069 223 1107 γε
244 1053 423 1109 Ναρσῆς
445 1055 524 1096 οὐκ
551 1056 734 1110 ἠνείχετο
765 1052 835 1096 ὑπ’
870 1055 1029 1096 ἐκεῖνον
1059 1055 1255 1110 τετάχθαι
1288 1055 1443 1110 δοκεῖν)
1479 1057 1678 1111 διῃρέθη-

0 1131 79 1168 ἸΙΙ
93 1131 164 1168 282
177 1138 267 1177 σαν,
311 1123 384 1164 καὶ
415 1123 440 1164 ὁ
470 1123 549 1178 μὲν
585 1124 702 1179 ἄλλῃ,
747 1124 771 1165 ὁ
805 1121 842 1165 δ’
876 1125 977 1179 ἄλλῃ
1018 1124 1225 1166 διετίῦουν
1262 1124 1333 1167 τὸν
1369 1125 1568 1180 πόλεμον,
1614 1124 1678 1168 διὸ
1693 1126 1739 1162 23

176 1192 248 1234 καὶ
280 1193 521 1248 ἐσφάλησαν
553 1194 596 1234 ἔν
627 1209 712 1235 τισι.
774 1197 859 1235 τῶν
891 1193 971 1248 γὰρ
997 1192 1280 1235 Μεδιολάνων
1312 1195 1352 1236 οἳ
1381 1199 1508 1236 ταῦτα
1541 1210 1677 1249 φρου-
1692 1195 1739 1231 24

120 1270 164 1306 15
177 1265 347 1315 ροῦντες
389 1262 594 1315 βασιλικοὶ
636 1266 722 1304 τῶν
761 1263 1005 1316 ἀναγκαίων
1036 1263 1196 1304 ἔνδειαν
1226 1263 1564 1318 προβαλλόμενοι
1595 1267 1680 1311 τοῖς

176 1330 220 1371 Γ
215 1330 358 1377 ότθοις
395 1331 628 1386 ἐξέστησαν,
673 1331 744 1373 καὶ
780 1333 885 1386 τάχα
922 1331 994 1373 καὶ
1031 1332 1087 1378 εἰς
1116 1331 1261 1386 μεῖζόν
1289 1348 1324 1373 τι
1354 1332 1492 1374 κακὸν
1523 1333 1678 1375 ἐτελεύ·
1694 1333 1740 1370 25
1765 1333 1794 1370 C

175 1415 296 1454 τησεν
339 1401 391 1441 ἂν
421 1401 446 1455 ἡ
480 1401 565 1454 ἔρις
608 1401 781 1455 ἀμφοῖν,
827 1402 865 1442 εἰ
902 1400 962 1455 μὴ
1004 1401 1028 1442 ὁ
1059 1400 1251 1455 βασιλεὺς
1289 1400 1361 1443 τὸν
1391 1401 1572 1458 Ναρσῆν
1611 1402 1678 1444 διὰ

176 1468 438 1523 γραμμάτων
467 1469 577 1523 πρὸς
608 1468 758 1511 ἑαυτὸν
787 1470 1077 1524 μετεστείλατο.

246 1641 270 1676 3
295 1641 355 1676 καὶ
381 1642 506 1687 ταύτης
532 1641 679 1689 AEwp,
708 1642 878 1688 κάκείνης
905 1643 936 1679 Ο
1075 1643 1099 1679 4
1123 1643 1297 1684 θευδάτος
1323 1643 1471 1691 Apr‚
1501 1645 1679 1684 Θευδᾶτος

248 1688 315 1733 Di,
343 1701 380 1725 v.
407 1689 457 1725 ad
485 1689 577 1725 XIV
602 1691 635 1735 8,
665 1691 702 1734 13
733 1701 890 1727 errasse
917 1692 952 1726 h.
981 1692 1002 1726 l.
1030 1691 1228 1727 Zonaram
1256 1695 1427 1738 apparet
1454 1694 1677 1729 conferenti

249 1737 422 1773 Clintoni
449 1738 490 1774 F.
517 1738 560 1773 R.
588 1739 604 1774 I
632 1750 667 1784 p.
695 1739 764 1774 764
779 1750 829 1775 ss.
983 1740 1043 1775 καὶ
1068 1740 1198 1786 ῥαβένη
1227 1740 1275 1785 D,
1301 1741 1338 1776 ἐν
1364 1740 1516 1787 ῥαβέννῃ
1543 1741 1612 1779 Dw

249 1785 270 1821 7
296 1785 510 1831 Βελισαρίῳ]
538 1797 575 1821 v.
602 1787 654 1822 ad
680 1786 772 1822 XIV
799 1788 831 1831 7,
858 1787 902 1822 21
1007 1788 1205 1824 ἀπέστειλεν
1232 1787 1401 1834 prDi,
1427 1789 1605 1824 ἀπέστειλε
1632 1788 1676 1833 A,

251 1844 287 1867 v.
312 1833 364 1869 ad
390 1833 485 1869 XIII
515 1835 545 1878 1,
572 1834 594 1869 5
747 1835 780 1870 8.
809 1836 853 1870 12
878 1841 1008 1881 ναρσῆς
1034 1835 1106 1871 AR
1133 1836 1382 1879 (constanter
1409 1838 1520 1881 fere),
1546 1837 1678 1883 ναρσὴς

250 1881 345 1927 Ewp
375 1882 623 1923 (constanter
650 1883 761 1927 fere),
789 1894 825 1918 v.
854 1884 906 1919 ad
932 1884 1024 1919 XIV
1051 1885 1106 1928 11,
1133 1884 1180 1919 20
1319 1885 1342 1920 8
1366 1885 1482 1924 ἄλλως
1509 1884 1678 1931 prDi,

248 1929 350 1967 ἄλλος
377 1928 423 1972 Α,
449 1929 523 1964 ἀλλ’
550 1930 599 1969 ὥς
626 1930 657 1965 Ε
791 1931 813 1966 9
839 1932 1001 1967 ώκείωτο
1027 1932 1058 1968 Ο
1182 1933 1228 1967 10
1253 1932 1358 1968 διττὼ
1385 1933 1569 1979 στρατηγὼ
1596 1933 1678 1978 ΑΟ,

248 1976 429 2022 στρατηγὼ
441 1977 488 2013 τὼ
497 1977 600 2013 διττὼ
610 1978 777 2025 Ewap
871 1980 1093 2026 Βελισάριος]
1111 1991 1148 2015 V.
1163 1980 1212 2015 ad
1224 1980 1315 2016 XIV
1330 1981 1362 2025 7,
1377 1981 1420 2016 21
1512 1982 1551 2022 ll
1571 1982 1678 2027 ἤθελε

247 2029 319 2059 τῶν
348 2026 642 2070 κατορθωμάτων
669 2026 705 2062 D
804 2028 849 2062 12
874 2028 1010 2063 ἐκείνου
1038 2028 1073 2063 Ι)
1172 2028 1218 2063 14
1244 2034 1481 2074 φρουροῦντες
1508 2027 1676 2075 prDi‚

248 2078 458 2118 φρονοῦντες
484 2073 591 2109 ADE
721 2074 765 2110 15
789 2076 924 2111 ἔνδειαν
948 2076 1226 2123 προβαλλόμενοι
1253 2077 1400 2123 AEwp,
1426 2078 1539 2114 ἐνδεία
1563 2079 1678 2119 πιεζό-

246 2134 344 2166 μενοι
373 2120 405 2157 O
506 2121 559 2157 16.
589 2122 633 2158 17
659 2123 681 2168 ἡ
707 2123 778 2167 ἔρις
803 2123 846 2159 ἂν
870 2123 1005 2170 ἀμφοῖν
1029 2124 1249 2171 ἐτελεύτησεν
1277 2125 1372 2171 Ewp

177 2284 338 2327 potitus,
366 2283 508 2328 intrat3
535 2294 628 2319 nam
648 2283 889 2320 Gotthorum
906 2296 977 2321 rex
993 2286 1230 2322 Theudatus
1245 2287 1467 2323 Ravennae
1488 2287 1676 2334 degebat.
1696 2290 1738 2325 18

175 2330 446 2366 Mediolanum
481 2332 574 2366 item
600 2331 769 2368 Romani
811 2338 1017 2379 ceperunt.
1069 2336 1182 2376 Quae
1208 2335 1305 2370 urbs
1339 2345 1428 2370 cum
1468 2347 1492 2370 a
1519 2335 1677 2371 Gotthis
1694 2339 1749 2373 19.
1775 2338 1824 2374 20

177 2378 310 2413 denuo
339 2379 605 2423 obsideretur,
633 2390 703 2415 rex
728 2380 935 2416 Narsetem
956 2381 1150 2417 Belisario
1178 2393 1269 2418 eum
1297 2384 1481 2418 exercitu
1495 2383 1676 2419 subsidio

175 2427 291 2471 misit,
319 2427 549 2462 eunuchum
577 2428 685 2463 illum
716 2429 890 2474 quidem,
933 2433 1111 2465 ceterum
1140 2431 1271 2465 virum
1305 2434 1515 2466 strenuum
1554 2435 1593 2466 et
1619 2429 1735 2466 rei⁸21

175 2475 356 2510 militaris
383 2475 667 2520 peritissimum
695 2480 734 2511 et
772 2477 831 2521 iis,
870 2488 995 2523 penes
1031 2488 1132 2523 quos
1160 2488 1222 2513 res
1262 2482 1388 2521 erant,
1427 2479 1676 2514 familiarem.

175 2521 323 2557 Verum
351 2523 455 2558 inter
482 2523 553 2558 hos
572 2523 674 2559 duos
701 2524 826 2560 duces
852 2536 995 2570 parum
1024 2526 1312 2571 conveniebat3
1340 2537 1432 2561 nain
1461 2537 1549 2562 cum
1578 2525 1739 2562 Beli-22

174 2571 306 2605 sarius
337 2580 532 2606 sumniam
561 2581 693 2607 rerum
722 2572 826 2608 bene
845 2577 1051 2619 gestarum
1080 2573 1155 2608 sibi
1170 2574 1409 2617 vindicaret,
1435 2574 1582 2610 Narses
1609 2585 1677 2610 au-

175 2621 251 2653 tem
280 2618 384 2653 illius
411 2619 601 2664 auspiciis
628 2620 799 2656 militare
834 2621 963 2656 videri
994 2621 1123 2664 nollet,
1160 2622 1330 2657 seiuncti
1371 2622 1541 2658 diversis
1580 2623 1676 2658 loeis

175 2665 323 2701 bellum
350 2666 701 2712 adininistrarunt3
740 2678 870 2714 eaque
898 2669 974 2704 fuit
1001 2680 1136 2712 cansa,
1173 2680 1244 2704 eur
1282 2681 1363 2705 rem
1398 2670 1546 2706 alieubi
1573 2670 1677 2706 male
1691 2670 1738 2704 23

173 2718 375 2759 gererent.
427 2713 525 2749 Nam
555 2715 656 2760 regii
684 2716 828 2751 milites
855 2722 1103 2752 commeatus
1130 2718 1306 2763 Inopiam
1336 2719 1491 2753 causati
1518 2717 1676 2754 Gotthis
1691 2717 1738 2752 24

174 2760 400 2796 Mediolano
435 2762 599 2797 obsesso
628 2767 852 2809 cesserunt3
893 2768 931 2799 et
967 2766 1096 2799 maius
1133 2765 1302 2800 forsitan
1339 2776 1389 2801 ex
1426 2776 1565 2801 eorum
1602 2765 1737 2802 dis-95

174 2809 359 2844 sensione
388 2815 517 2844 ortum
546 2815 651 2845 osset
678 2811 838 2856 malum,
866 2813 939 2847 nisi
967 2823 1037 2847 rex
1062 2812 1269 2848 Narset-em
1299 2824 1370 2859 pei·
1391 2813 1544 2850 limeras
1563 2824 1677 2850 revo-

175 2862 315 2892 casset.
