2054 3282
365 227 436 263 388
780 214 960 265 'ZONAR
989 227 1118 264 Eri'r.
1146 215 1236 264 xvi
1262 228 1295 274 2,
1322 229 1449 266 6-19.

328 348 389 402 6ἡ
424 347 469 389 δὲ
505 352 578 389 τοῦ
618 351 702 390 τῶν
734 348 998 402 Βουλγάρων
1036 349 1240 403 ἄρχοντος
1277 350 1437 405 ἀδελφὴ
1477 351 1712 408 ἀφικομένη
1750 352 1859 407 πρὸς

361 414 433 456 τὸν
464 416 674 470 ὁμαίμονα
708 417 850 470 ἐνῆγεν
881 416 1008 457 αὐτὸν
1039 417 1096 462 εἷς
1126 416 1200 470 τὴν
1230 421 1315 459 τῶν
1345 423 1592 473 χριστιανῶν
1627 421 1858 475 θρησκείαν

363 483 429 524 διὰ
461 484 615 529 παντὸς
647 485 763 538 αὐτῷ
793 484 887 537 περὶ
926 485 1053 539 αὐτῆς
1092 485 1362 541 διαλεγομένη
1407 487 1477 528 καὶ
1519 487 1568 528 τὰ
1612 493 1858 542 χριστιανῶν

326 553 565 606 ’ἵμυστήρια
610 552 898 600 ἐπιθειάζουσα.
961 553 984 594 ὁ
1025 553 1069 594 δὲ
1106 558 1232 595 ταῦτα
1270 554 1341 596 καὶ
1379 555 1493 610 παρὰ
1537 560 1610 597 τοῦ
1642 556 1858 612 Κουφαρᾶ

359 621 668 674 προκατήχητο,
717 617 803 660 ἀλλ’
851 621 973 662 οὔπω
1018 621 1229 663 ἐπέπειστο
1271 626 1357 664 τῶν
1399 624 1586 677 πατρίων
1629 624 1892 680 ἅποστῆναιῦ

324 689 487 730 δεῖ-θῶν.
549 687 669 741 λιμὸς
701 687 746 729 δὲ
784 692 868 734 τοῖς
902 688 1163 743 Βουλγάροις
1202 690 1368 745 συμβὰς
1410 692 1481 732 καὶ
1525 691 1651 734 αὐτὸν
1693 694 1765 735 καὶ
1807 693 1854 736 τὸ

324 757 485 802 9ἔθνος
516 757 573 802 εἷς
603 757 846 810 θεοσέβειαν
875 758 1218 812 μετερρύθμισεν.
1282 759 1306 799 ὁ
1327 759 1404 813 μὲν
1427 759 1506 814 γὰρ
1528 760 1574 802 τὸ
1596 762 1722 808 ἔθνος
1743 763 1855 804 ἅπαν

359 825 501 872 ἐπίεζε,
534 824 604 865 καὶ
636 825 715 866 οὐκ
747 824 799 879 ἧν
831 825 1030 880 ἀποφυγὴ
1063 830 1136 867 τοῦ
1168 831 1318 875 κακοῦ,
1351 828 1499 882 φθορὰ
1533 829 1578 870 δὲ
1605 833 1678 871 τοῦ
1701 831 1855 877 ἔθνους

308 892 522 946 Βέγίνετο,
553 893 625 934 καὶ
656 894 680 934 ὁ
712 897 836 948 σφῶν
867 894 1052 948 ἀρχηγὸς
1081 894 1133 949 ἦν
1156 895 1222 937 διὰ
1244 900 1365 938 τοῦτο
1386 898 1623 952 περιαλγής,
1654 898 1726 940 καὶ
1747 899 1852 941 ἀπο-

358 962 491 1015 ρήσας
522 963 579 1007 εἷς
609 961 680 1003 τὸν
710 962 827 1015 παρὰ
858 967 930 1017 τῆς
961 963 1146 1018 ἀδελφῆς
1178 964 1295 1018 αὐτῷ
1323 966 1704 1020 καταγγελλόμενον
1725 982 1852 1008 κατα·
1870 972 1914 1007 10

358 1030 500 1083 φεύγει
531 1029 635 1071 θεὸν
666 1030 737 1071 καὶ
767 1034 913 1072 τοῦτον
944 1035 1017 1072 τοῦ
1049 1032 1171 1082 λιμοῦ
1203 1032 1360 1087 λυτῆρα
1392 1034 1463 1074 καὶ
1494 1038 1566 1088 τῆς
1595 1038 1668 1075 τοῦ
1701 1035 1854 1082 ἔθνους

299 1107 345 1141 10
358 1099 531 1152 φθορᾶς
570 1099 833 1153 ἐπεκέκλητο.
897 1099 958 1145 ὡς
997 1099 1034 1141 δ’
1068 1100 1238 1154 ἐνεργὴς
1276 1100 1328 1154 ἦν
1359 1102 1384 1155 ἡ
1418 1102 1626 1156 ἐπίκλησις
1662 1103 1733 1144 καὶ
1769 1106 1854 1145 τῶν

357 1170 506 1208 κακῶν
538 1167 847 1221 ἀπηλλάγησαν,
893 1169 1001 1221 ἔγνω
1039 1172 1112 1209 τοῦ
1145 1169 1440 1223 ἐπικληθέντος
1470 1169 1544 1223 τὴν
1577 1170 1752 1225 δύναμιν
1782 1171 1853 1212 καὶ

357 1235 469 1283 ἀξιοῖ
495 1235 689 1290 σταλῆναι
721 1236 838 1289 αὐτῷ
873 1252 960 1277 τινα
999 1236 1070 1278 τὸν
1107 1237 1153 1278 τὸ
1195 1238 1425 1292 μυστήριον
1469 1237 1594 1280 αὐτὸν
1636 1239 1851 1293 μυήσοντα

299 1312 341 1346 11
356 1307 441 1344 τῶν
471 1307 719 1358 χριστιανῶν
750 1304 821 1344 καὶ
851 1305 1062 1346 τελέσοντα
1094 1310 1155 1359 τῷ
1186 1306 1292 1360 θείῳ
1323 1307 1581 1361 βαπτίσματι.
1643 1308 1714 1349 καὶ
1751 1309 1850 1350 ἀπε·
1868 1313 1912 1349 15

357 1372 481 1426 στάλη
513 1372 591 1425 μὲν
628 1371 843 1426 ἀρχιερεὺς
878 1372 986 1427 πρὸς
1026 1374 1168 1415 αὐτόν·
1213 1374 1236 1415 ὁ
1270 1374 1315 1415 δὲ
1346 1374 1417 1415 καὶ
1449 1375 1617 1429 ἐμυήθη
1650 1375 1722 1417 καὶ
1753 1376 1850 1431 ἐβα-

298 1440 520 1494 12πτίσθη.
582 1441 622 1481 οἱ
652 1440 893 1495 Βούλγαροι
926 1441 971 1483 δὲ
1008 1442 1069 1488 ὡς
1105 1447 1177 1497 τῆς
1215 1443 1390 1496 πατρίου
1432 1443 1558 1497 δόξης
1597 1444 1852 1491 ἀποστάντος

356 1508 713 1556 κατεξανίστανται
743 1513 817 1550 τοῦ
850 1513 974 1564 σφῶν
1006 1510 1195 1565 ἀρχηγοῦ
1227 1510 1298 1552 καὶ
1329 1511 1502 1565 ἐζήτουν
1534 1510 1660 1553 αὐτὸν
1682 1512 1849 1555 ἀνελεῖν.

427 1679 450 1715 2
475 1679 524 1719 εἷς
548 1694 576 1715 τ.
599 1694 628 1715 τ.
651 1694 763 1726 χριστ.
787 1681 984 1726 θρησκείαν
1002 1681 1121 1727 ἐνῆγεν
1139 1682 1260 1728 (ἕνιγεν
1279 1681 1325 1727 D,
1352 1683 1472 1728 ἔνηγεν
1491 1684 1576 1725 (Sic)
1595 1683 1677 1727 Dw)
1695 1684 1799 1720 αὐτὸν
1817 1685 1849 1721 Ο

427 1729 450 1763 3
474 1728 581 1773 αὐτῆς
606 1727 774 1774 prDi‚
800 1729 922 1774 ἑαυτῆς
947 1729 982 1764 Α
1092 1731 1314 1775 διαλεγομένη
1342 1735 1436 1766 ante
1461 1731 1538 1776 περὶ
1566 1731 1596 1767 O
1695 1736 1785 1778 post
1809 1733 1850 1768 τὰ

428 1775 520 1810 add.
546 1781 617 1811 τῶν
644 1775 672 1811 C
769 1777 792 1811 4
816 1777 1032 1818 ἐκθιάζουσα
1058 1777 1104 1822 D,
1132 1789 1233 1813 corr.
1249 1777 1317 1815 Dw
1413 1778 1502 1823 πρὸς
1528 1779 1623 1824 Ewp
1721 1780 1743 1815 5
1767 1794 1849 1826 προ-

427 1824 603 1869 κατήχυτο
630 1823 677 1868 D,
707 1834 808 1859 corr.
825 1824 892 1862 Dw
989 1826 1021 1860 5.
1037 1825 1059 1860 6
1085 1830 1155 1860 τῶν
1179 1826 1276 1860 ἐθῶν
1301 1826 1422 1861 ἀποστ.
1448 1841 1475 1861 τ.
1498 1841 1600 1871 πατρ.
1620 1827 1798 1863 ἐπέπειστο
1817 1828 1848 1864 Ο

428 1872 450 1906 6
474 1871 596 1916 λοιμὸς
614 1871 694 1916 Dw,
720 1873 959 1918 pestilentia,
986 1873 1130 1908 fames:
1163 1875 1230 1909 Wo
1250 1874 1315 1908 lat.
1400 1875 1593 1920 βαρβάροις
1618 1875 1653 1909 D
1727 1876 1748 1911 7
1772 1890 1849 1921 μετ-

427 1920 643 1964 ερρύθμισεν
669 1918 841 1965 prDi,
865 1921 1120 1965 μετερύθμισεν
1146 1921 1179 1955 R-
1206 1924 1257 1963 (v.
1280 1922 1332 1956 ad
1354 1921 1445 1958 XIV
1468 1923 1520 1966 ll,
1536 1923 1582 1966 7),
1607 1924 1850 1969 μετερρύθμη-

428 1981 486 2001 σεν
512 1967 547 2002 Α
646 1968 691 2002 10
717 1969 1012 2013 καταγγελομένον
1037 1968 1121 2014 W*p
1231 1969 1272 2004 11
1301 1969 1385 2004 θεὸν
1412 1980 1486 2005 om.
1513 1970 1611 2016 pr
1710 1971 1756 2006 12
1780 1972 1850 2006 ἐπι-

429 2015 572 2060 φθορᾶς
587 2016 618 2050 Ε
695 2015 738 2050 14
751 2016 855 2050 αὐτὸν
870 2026 944 2051 om.
954 2015 994 2060 C,
1009 2016 1103 2061 αὐτῷ
1114 2016 1160 2060 D,
1178 2017 1356 2055 001'1'.Dw
1431 2018 1475 2053 16
1487 2017 1550 2062 μὲν
1566 2028 1639 2053 om.
1655 2017 1687 2054 Ο
1760 2022 1851 2065 post

429 2062 468 2097 δὲ
482 2073 557 2098 om.
571 2063 631 2098 καὶ
646 2062 677 2098 Ο
777 2064 820 2099 17
839 2067 930 2109 post
946 2065 1093 2109 πατρίου
1113 2064 1204 2100 add.
1219 2070 1319 2110 τιμῆς
1332 2065 1392 2100 καὶ
1406 2065 1501 2111 Ewp
1598 2065 1805 2106 ἀποστάντες
1820 2067 1850 2102 E

320 2231 520 2276 Grecepit‚
548 2231 635 2266 eius
661 2230 749 2266 loco
776 2231 934 2267 reddito
962 2232 1049 2267 viro
1072 2232 1229 2267 erudito
1250 2231 1463 2267 Theodoro
1485 2232 1684 2278 Cuphara.
1734 2233 1847 2276 Quae

357 2289 448 2315 cum
475 2280 516 2313 in
542 2278 777 2324 Bulgariam
803 2279 998 2323 rediisset,
1039 2281 1204 2315 fratrem
1230 2280 1282 2314 ad
1310 2279 1573 2315 Christianam
1610 2282 1848 2326 religionem

357 2327 582 2373 perducere
609 2327 774 2371 studuit,
812 2327 974 2362 assidue
1008 2327 1057 2362 de
1085 2338 1132 2362 ea
1160 2338 1250 2362 euni
1277 2328 1342 2362 illo
1371 2328 1571 2363 disserens
1598 2332 1636 2363 et
1663 2328 1848 2364 Christia-

321 2377 341 2412 7
357 2385 501 2410 norum
525 2375 717 2419 mysteria
743 2377 788 2409 ut
815 2375 953 2409 divina
980 2375 1198 2410 celebrans.
1251 2376 1442 2416 Quamvis
1469 2380 1603 2410 autem
1622 2376 1686 2411 ille
1706 2377 1847 2411 eadem

357 2433 379 2458 e
398 2421 587 2467 Cuphara
614 2432 776 2466 quoque
802 2422 1034 2466 audivisset,
1062 2433 1142 2457 non
1170 2423 1281 2468 prius
1308 2426 1441 2457 tamen
1461 2433 1485 2457 a
1504 2424 1643 2468 patriis
1668 2425 1847 2459 moribus

321 2470 549 2506 Srecedere
575 2469 714 2513 voluit,
755 2480 876 2514 quam
903 2471 1030 2505 fames
1059 2475 1098 2505 et
1125 2471 1254 2515 ipsum
1282 2474 1321 2505 et
1358 2474 1521 2515 gentem
1566 2471 1618 2504 ad
1657 2471 1847 2516 pietatem

320 2520 342 2554 9
358 2517 559 2562 perduxit.
612 2516 725 2558 Quae
753 2527 844 2551 eum
870 2518 1064 2563 populum
1091 2518 1326 2552 universum
1352 2520 1553 2562 premeret
1569 2528 1703 2563 neque
1721 2519 1845 2554 ullum

357 2568 462 2600 esset
489 2564 581 2599 mali
609 2564 816 2610 effugium,
844 2565 1025 2610 plurimis
1051 2566 1325 2610 pereuntibus,
1355 2565 1540 2610 princeps
1567 2576 1615 2600 ea
1646 2566 1695 2601 de
1722 2576 1846 2601 causa

357 2622 483 2657 aeger
510 2616 549 2646 et
567 2612 690 2646 animi
718 2612 865 2647 dubius
891 2612 943 2646 ad
971 2612 1090 2647 deum
1118 2613 1312 2657 confugit,
1341 2613 1409 2657 qui
1437 2613 1473 2647 ei
1492 2623 1516 2647 a
1535 2623 1672 2648 sorore
1692 2624 1845 2648 annun-

356 2660 546 2703 tiabatur,
580 2659 836 2704 eundemque
863 2660 1116 2705 depulsorem
1146 2661 1262 2694 famis
1289 2664 1328 2694 et
1356 2660 1542 2695 interitus
1568 2661 1705 2706 populi
1734 2662 1845 2697 invo-

298 2709 343 2744 10
357 2711 434 2742 cat.
485 2707 598 2748 Quae
623 2708 828 2742 invocatio
868 2717 957 2742 cum
997 2707 1173 2753 depulsis
1211 2707 1324 2742 malis
1357 2708 1498 2742 efficax
1526 2713 1641 2751 esset,
1682 2710 1845 2754 cog-nita

355 2755 533 2790 invocati
559 2755 735 2790 numinis
761 2757 941 2800 potentia
966 2756 1090 2800 petiit,
1116 2758 1160 2790 ut
1179 2755 1402 2790 mitteretur
1429 2756 1515 2799 sibi,
1543 2766 1567 2790 a
1586 2766 1666 2800 quo
1685 2757 1845 2791 arcanis

357 2801 606 2838 Christianae
634 2802 841 2847 religionis
868 2802 1098 2839 erudiretur
1124 2806 1163 2838 et
1189 2813 1304 2838 sacro
1332 2803 1572 2848 baptismate
1605 2804 1842 2840 initiaretur.

226 2851 281 2888 11.
299 2852 342 2887 19
357 2849 484 2895 quue
510 2852 629 2885 misso
649 2851 838 2896 pontifice
864 2851 1017 2886 factum
1036 2855 1105 2886 est.
1157 2849 1255 2887 Cum
1275 2854 1409 2886 autem
1428 2850 1595 2897 Bulgari
1622 2852 1843 2898 principem

357 2898 407 2934 ob
449 2898 608 2934 deserta
646 2898 844 2934 maiorum
881 2899 1065 2935 instituta
1103 2909 1175 2947 per
1212 2899 1449 2935 seditionem
1485 2909 1506 2936 e
1532 2899 1664 2935 medio
1703 2900 1843 2938 tollere
