2054 3282
330 234 398 271 190
685 232 867 271 ZONAR.
893 232 1023 270 EPIT.
1052 232 1144 270 XIV
1172 233 1226 279 12,
1253 233 1404 280 49—13,
1431 232 1464 271 7.

284 357 477 411 Οέξῆλθε
515 361 585 411 τῆς
616 356 873 404 Βυζαντίδος
903 355 951 395 τὰ
987 355 1067 396 ὑπὸ
1099 358 1184 396 τῶν
1214 357 1449 410 βαρβάρων
1480 359 1820 412 κατεστραμμένα

266 428 314 463 50
327 425 575 466 θεάσασθαι.
637 425 704 465 ὅτε
735 425 805 465 καὶ
837 424 861 465 ὁ
892 424 1006 478 ἥλιος
1037 424 1254 478 ἕσκιάσθη,
1287 424 1357 465 καὶ
1389 426 1491 479 γυνή
1523 442 1581 471 τις
1606 427 1650 467 ἒν
1671 425 1820 481 Θρᾴκῃ

326 493 493 534 παιδίον
524 493 659 533 ἔτεκεν
691 493 784 533 οὔτε
817 491 1070 546 ὀφθαλμοὺς
1102 493 1196 533 οὔτε
1226 492 1418 547 βλέφαρα
1449 494 1546 547 ἔχον
1568 495 1661 535 οὔτε
1682 499 1823 549 χεῖρας

327 563 421 603 οὔτε
454 562 694 616 βραχίονας,
741 562 892 615 ἰχθύος
924 561 969 602 δὲ
1001 562 1174 615 οὐραῖον
1204 561 1312 615 πρὸς
1342 566 1403 615 τῷ
1435 562 1554 616 ἰσχίῳ
1585 563 1822 618 προβεβλη-

267 631 463 684 51μένον.
526 634 598 671 τοῦ
630 631 769 683 μέντοι
800 629 1004 682 Χαγάνου
1036 634 1085 684 τῇ
1121 629 1271 684 Θρᾴκῃ
1305 630 1554 676 ἐπελθόντος
1583 630 1687 684 μετὰ
1717 632 1859 686 πλη-5

326 699 434 744 θους
465 699 652 751 ἀπείρου,
697 698 721 739 ὁ
752 702 837 739 τῶν
863 697 1088 752 Ῥωμαίων
1119 697 1346 753 στρατηγὸς
1377 698 1568 752 Πρίσκος
1600 699 1737 746 δείσας
1768 701 1824 746 εἶς

326 767 372 808 τὸ
404 767 611 821 φρούριον
645 766 911 820 Τζουρουλοῦ
952 767 1207 808 συνέκλεισεν
1238 767 1396 808 ἑαυτόν.
1459 767 1483 808 ὁ
1524 767 1569 808 δὲ
1605 768 1824 823 βάρβαρος

267 838 314 873 52
326 835 562 887 πολιορκεῖν
584 834 685 875 αὐτὸ
707 835 965 889 ἡτοιμάζετο.
1003 835 1092 876 τότε
1113 836 1492 890 κατεστρατήγησεν
1514 836 1672 877 ἐκείνου
1695 835 1822 878 Μαυ-

327 903 458 956 ρίκιος
488 903 634 957 τρόπῳ
665 903 859 956 τοιούτῳ·
895 903 1069 958 γράμμα
1090 903 1199 957 πρὸς
1219 903 1412 957 Πρίσκον
1441 904 1677 959 συντίθησιν
1708 905 1822 947 ἀντέ-

326 988 411 1026 χειν
443 971 570 1013 αὐτὸν
599 976 850 1026 παραινοῦν·
894 972 1050 1027 μικρὸν
1087 973 1167 1027 γὰρ
1199 973 1300 1013 ὅσον
1330 972 1427 1018 τοὺς
1457 974 1704 1027 βαρβάρους
1733 971 1821 1028 μετ’
1839 984 1884 1019 10

206 1043 241 1078 D
268 1043 314 1078 53
328 1041 526 1094 αἰσχύνης
570 1041 854 1095 ἀναχωρῆσαι.
917 1041 1154 1083 στέλλεσθαι
1199 1041 1278 1095 γὰρ
1316 1042 1440 1082 πλοῖα
1477 1042 1536 1087 εἷς
1571 1042 1645 1096 τὴν
1675 1043 1823 1098 χώραν

328 1109 469 1150 αὐτῶν
508 1108 582 1150 σὺν
626 1109 896 1163 στρατεύματι
933 1110 1156 1164 ληίσασθαι
1194 1110 1267 1156 τὰς
1304 1111 1437 1156 οἰκίας
1474 1111 1614 1152 αὐτῶν
1650 1111 1721 1152 καὶ
1750 1111 1824 1158 τὰς

267 1180 314 1215 54
329 1181 527 1231 γυναῖκας
570 1178 641 1219 καὶ
684 1177 780 1223 τοὺς
823 1178 977 1224 παῖδας
1014 1180 1154 1220 αὐτῶν
1194 1179 1491 1233 δορυαλώτους
1530 1180 1641 1221 ἑλεῖν.
1702 1185 1824 1222 τοῦτο

326 1246 373 1287 τὸ
406 1247 580 1300 γράμμα
615 1246 764 1288 δίδωσί
791 1263 875 1294 τινι,
919 1248 1158 1302 ἐπισκήψας
1195 1249 1311 1301 αὐτῷ
1342 1253 1574 1302 περιπεσεῖν
1603 1253 1688 1294 τοῖς
1717 1250 1823 1304 βαρ·
1841 1260 1873 1294 D
1893 1260 2035 1296 111296

268 1318 314 1353 55
327 1315 475 1369 βάροις
506 1316 550 1357 ἐν
574 1321 635 1369 τῷ
655 1315 764 1369 πρὸς
785 1315 977 1370 Πρίσκον
1010 1316 1140 1370 δῆθεν
1170 1316 1438 1371 πορεύεσθαι.
1503 1315 1554 1358 οὗ
1586 1319 1824 1372 γενομένου,
1843 1325 1884 1359 15

327 1383 401 1438 τὴν
422 1384 638 1438 ε’πιστολὴν
659 1384 683 1425 ὅ
704 1384 924 1439 βάρβαρος
949 1384 1155 1439 ἀναγνοὺς
1175 1385 1246 1426 καὶ
1269 1385 1406 1431 δείσας
1426 1386 1520 1440 περὶ
1541 1390 1625 1432 τοῖς
1646 1387 1824 1440 οἰκείοις,

329 1525 352 1560 2
377 1526 573 1571 σημείωσαι
601 1524 668 1560 ΑΕ
766 1526 789 1561 ἶ)
813 1527 911 1565 ὅπως
935 1527 956 1561 ὁ
979 1528 1183 1572 Μαυρίκιος
1206 1527 1464 1572 πολιορκοῢιτα
1491 1527 1549 1562 τὸι
1574 1528 1740 1573 Χαγάνον
1763 1528 1825 1574 τὴν

332 1573 554 1618 Τζουρουλὸν
578 1574 820 1618 παρεσκεύασε
846 1574 906 1609 καὶ
929 1575 1060 1610 ἄκοντα
1086 1576 1291 1610 σπείσασθαι
1319 1575 1348 1610 C

403 1712 425 1746 2
450 1712 471 1757 ἦ
498 1712 584 1758 γυνή
613 1727 664 1752 τις
690 1712 737 1757 D,
763 1713 849 1758 yvmfi
828 1714 1120 1759 ntransposito
1147 1728 1195 1752 τις
1223 1717 1313 1759 post
1342 1714 1467 1759 Θράκῃ
1495 1714 1525 1748 Β
1676 1718 1766 1760 post
1790 1715 1826 1749 ἐν

403 1759 495 1795 add.
522 1766 564 1805 τῇ
590 1759 716 1796 CDDi
843 1761 867 1795 4
891 1761 1032 1805 οὐραῖον
1058 1759 1226 1806 prDi,
1253 1762 1388 1806 οὐραίῳ
1415 1761 1450 1796 A
1564 1767 1614 1807 τῷ
1640 1763 1752 1807 ἰσχύω
1779 1763 1824 1806 A,

402 1807 440 1842 τὸ
466 1808 631 1852 ἰσχίωΕ,
657 1814 708 1853 τῷ
734 1809 838 1853 ἰσχίῳ
861 1809 904 1852 R,
932 1809 1153 1854 TheophyL
1181 1808 1324 1844 Simoc.
1352 1821 1388 1855 p.
1415 1809 1493 1854 241,
1522 1810 1578 1855 22,
1605 1809 1784 1856 Theoph
1809 1810 1826 1845 I

404 1866 440 1901 p.
467 1856 548 1900 268,
575 1857 632 1896 21,
660 1855 776 1892 Cedr.
803 1856 818 1890 I
847 1868 882 1902 p.
910 1857 991 1900 696,
1019 1858 1050 1900 1,
1077 1857 1113 1891 τὸ
1139 1858 1251 1902 ἰσχίον
1278 1857 1379 1917 pr
1479 1864 1569 1903 post
1595 1859 1707 1902 ἰσχίον
1734 1859 1826 1893 add.

402 1903 477 1938 ἄνω
505 1903 606 1949 pr
705 1904 727 1938 ἴ)
755 1909 816 1939 τοῦ
844 1915 918 1939 orn
947 1904 978 1940 O
1075 1905 1230 1950 χαγάνου
1255 1906 1371 1949 ιιέντοι
1401 1905 1431 1940 O
1535 1905 1596 1951 τὴν
1622 1906 1765 1951 θράκην
1794 1905 1826 1939 Ι)

404 1952 426 1985 6
442 1965 590 1995 πρισκος
610 1962 685 1987 om.
702 1951 809 1988 OWo
828 1952 892 1986 lat.
993 1953 1109 1991 δείσας
1124 1953 1232 1998 ARp,
1253 1954 1368 1993 δείξας
1382 1953 1450 1996 w²·‚
1470 1955 1650 1989 territus:
1678 1955 1741 1989 Wo
1761 1954 1825 1988 lat.

402 1999 424 2033 8
449 1999 584 2034 ἐκεῖνον
610 1999 706 2044 Ewp
805 2000 826 2034 9
851 2000 1037 2045 γράμιιατα
1055 2000 1185 2045 BEWp
1283 2001 1419 2045 ἀνέχειν
1439 2000 1467 2036 C
1567 2002 1611 2035 lO
1634 2007 1828 2046 παραινοῦν

403 2046 485 2091 AR,
510 2052 692 2091 παραινῶν
718 2059 750 2081 w
756 2047 802 2092 *p
922 2049 963 2083 11
990 2049 1093 2082 πλοῖα
1119 2048 1153 2082 Α
1180 2048 1401 2094 Theophyl.
1430 2049 1572 2084 Simoc.
1601 2061 1635 2093 p.
1663 2049 1826 2094 250,10,

403 2095 555 2140 τριήρεις
579 2095 677 2140 pr
778 2096 822 2130 12
849 2095 913 2130 σὺν
941 2097 1165 2140 στρατεύματι
1193 2116 1236 2120 -
1263 2097 1380 2131 αὐτων
1406 2108 1480 2132 0111.
1497 2097 1532 2131 D
1629 2097 1671 2142 λη
1675 2102 1755 2142 ϊσομ
1757 2097 1826 2131 ένω

403 2143 444 2186 Β,
471 2143 671 2188 ληϊσαμένῳ
699 2142 728 2178 C
827 2144 872 2178 13
897 2144 1013 2178 αὐτῶν
1040 2154 1113 2178 0111
1131 2144 1159 2179 C
1257 2145 1492 2189 δοριαλώτοις
1519 2143 1584 2188 Εἰ,
1614 2156 1649 2179 v.
1651 2111 1717 2179 vad
1731 2144 1827 2179 XIII

403 2192 436 2234 8,
463 2191 485 2225 3
585 2190 629 2224 14
653 2191 847 2236 ἑπισκέψας
874 2192 903 2225 E
1002 2192 1047 2226 16
1072 2197 1141 2226 τῶν
1164 2193 1308 2227 oc’xsmn
1334 2192 1442 2237 Ewp‚
1470 2203 1505 2227 V.
1532 2173 1622 2227 XIV
1648 2193 1702 2237 14,
1717 2193 1763 2228 36
1789 2195 1828 2227 et

403 2238 660 2284 Kruegerum
689 2237 846 2274 Griech.
872 2239 1058 2285 Sprachl.
1086 2240 1177 2284 §68‚
1196 2240 1242 2274 32
1260 2239 1305 2275 A.

274 2387 321 2423 50
333 2384 444 2419 baris
475 2393 620 2418 eversa
645 2383 907 2428 contemplari
943 2383 1083 2419 voluit.
1135 2383 1222 2425 Quo
1248 2386 1428 2429 tempore
1467 2387 1506 2419 et
1531 2384 1589 2419 sol
1617 2383 1763 2419 defecit
1789 2386 1829 2419 et

334 2432 476 2467 mulier
504 2431 705 2476 quaedam
731 2432 773 2465 in
799 2430 972 2466 Thracia
986 2441 1157 2477 puerum
1177 2432 1332 2476 peperit
1359 2432 1444 2466 sine
1473 2432 1608 2475 oeulis,
1636 2432 1722 2466 sine
1748 2432 1828 2477 pal-

334 2479 482 2524 pebris,
509 2479 595 2513 sine
620 2479 808 2514 manibus
834 2489 882 2513 ac
909 2479 1093 2523 brachiis,
1119 2479 1252 2513 cauda
1283 2479 1435 2524 piscina
1461 2489 1591 2524 usque
1617 2479 1670 2513 ad
1685 2489 1828 2514 coxen-

274 2529 319 2564 51
336 2527 444 2562 dices
471 2529 668 2572 porrecta.
720 2526 868 2562 Verum
896 2525 1090 2572 chag-ano
1119 2536 1208 2561 cum
1241 2526 1397 2561 infinita
1423 2527 1679 2562 multitudine
1705 2526 1827 2561 Thra—

335 2575 438 2609 ciam
465 2575 660 2619 ingresso‚
687 2573 859 2618 Priscus,
884 2573 1159 2609 Romanorum
1185 2573 1280 2617 dux,
1308 2575 1469 2608 territus
1496 2575 1536 2608 in
1554 2575 1716 2609 castello
1732 2584 1828 2619 quo—

275 2624 321 2659 5⁶2
336 2622 427 2656 dam
442 2622 607 2656 Tzuruli
635 2631 677 2656 se
693 2622 898 2656 conclusit.
948 2621 1166 2656 Mauricius
1190 2625 1325 2656 autem
1343 2622 1562 2656 barbarum
1578 2622 1828 2657 obsidionem

336 2673 546 2714 parantem
571 2669 641 2703 tali
668 2669 844 2704 sollertia
871 2670 1145 2704 circumvenit.
1197 2669 1418 2714 Epistulam
1438 2669 1489 2704 ad
1508 2669 1688 2704 Priscum
1711 2670 1829 2704 mittit

335 2720 575 2761 monentem,
601 2720 646 2751 ut
673 2716 921 2752 obsidionem
948 2717 1102 2752 toleret.
1152 2716 1252 2752 Nam
1278 2717 1474 2752 barbaros
1499 2718 1605 2751 intra
1633 2718 1828 2762 exiguum

275 2766 321 2801 53
336 2768 493 2809 tempus
513 2774 602 2798 cum
618 2765 842 2809 ignominia
857 2774 1106 2809 recessuros3
1133 2764 1263 2799 missis
1282 2765 1385 2798 enim
1404 2766 1445 2799 in
1461 2765 1669 2810 regionem
1688 2774 1828 2799 eorum

337 2822 424 2846 cum
450 2812 634 2846 exercitu
651 2812 835 2856 navibus,
864 2812 1049 2847 domibus
1075 2822 1214 2847 eorum
1242 2812 1408 2857 direptis
1436 2822 1585 2847 uxores
1617 2816 1656 2847 et
1682 2812 1828 2846 liberos

275 2860 322 2895 54
337 2859 520 2904 captivos
547 2860 706 2895 abduci.
756 2860 873 2894 Hanc
912 2860 1123 2905 epistulam
1164 2860 1324 2894 cuidam
1350 2860 1473 2895 tradit
1499 2871 1546 2895 ac
1572 2860 1747 2903 mandat,
1783 2862 1829 2894 ut

275 2907 375 2944 55111
404 2907 545 2942 itinere
573 2907 623 2942 ad
643 2907 822 2943 Priscum
850 2908 900 2942 de
927 2907 1127 2943 industria
1153 2917 1194 2942 se
1212 2907 1396 2942 barbaris
1424 2907 1586 2952 offerat;
1613 2917 1692 2953 quo
1721 2908 1828 2942 facto
