2054 3282
389 237 686 277 NICEPHORO
713 238 995 277 RELEGATO
1021 237 1275 276 SVCCEDIT
1301 237 1628 275 THEODOTVS.
1687 238 1758 275 325

258 365 344 409 τοῖς
385 362 639 417 ὀρθοδόξοις
681 362 846 416 σκόλοψ
889 360 962 404 καὶ
997 361 1206 415 κυδοιμοῦ
1242 363 1330 406 ταῖς
1366 360 1602 414 ἐκκλησίαις
1640 360 1761 415 λαβή.
1776 364 1825 400 W
1843 364 1902 400 III
1922 364 1991 400 106

260 431 305 472 ἕν
342 429 421 485 γὰρ
458 435 520 485 τῷ
557 431 807 485 περιτιθέναι
843 434 894 485 τῇ
937 430 1066 471 αὐτοῦ
1109 429 1276 484 κεφαλῇ
1319 427 1366 470 τὸ
1410 428 1595 483 διάδημα
1643 428 1823 477 δόξαι35

261 499 455 546 ἀκάνθας
485 500 721 554 ἐμπαγῆναι
752 499 882 540 αὐτοῦ
912 502 963 553 τῇ
993 497 1107 552 χειρί.
1170 497 1195 538 ὅ
1224 497 1303 551 μὲν
1334 495 1410 538 οὖν
1442 497 1625 551 ἀπήγετο
1651 496 1761 551 πρὸς
1776 501 1823 538 36

260 567 559 623 ΙΙροικόνησον
597 567 831 622 ὑπερόριος.
894 567 919 609 ὁ
952 565 997 608 δὲ
1027 570 1101 608 τοῦ
1137 566 1322 621 μεγάλου
1347 565 1502 620 Ἀγροῦ
1542 566 1761 621 καθηγού-
1776 571 1823 607 37

224 638 247 674 5
259 652 388 691 μενος
419 637 444 678 ὁ
474 635 736 691 ὁμολογητὴς
772 634 998 690 Θεοφάνης
1034 639 1096 689 τῷ
1133 634 1335 689 πνεύματι
1370 634 1444 689 τὴν
1482 635 1642 676 ἐκείνου
1675 634 1761 676 δίο-

262 705 338 747 δον
370 706 572 759 ἐγνωκώς
617 703 686 758 (οὔ
718 703 798 758 γὰρ
830 704 946 758 ἑώρα
978 702 1050 745 τὸν
1082 702 1232 757 ἅγιον),
1277 702 1437 758 κηροὺς
1480 703 1650 757 ἀνάψας
1692 702 1764 745 καὶ

260 774 432 828 θυμιῶν
463 773 670 821 ἐδεξιοῦτο
701 772 849 814 αὐτόν·
882 772 1077 818 κάκεῖνος
1107 770 1233 818 αὖθις
1264 772 1311 813 ἕκ
1343 776 1415 827 τῆς
1446 770 1548 827 νηὸς
1573 787 1761 826 προσκυ-
1775 777 1823 813 38
1850 776 1886 812 D

259 843 439 897 νήμασιν
477 842 670 897 ἠμείβετο
713 841 784 883 τὸν
822 842 1142 895 προπέμποντα,
1185 838 1294 895 μήθ’
1328 841 1445 895 ὁρῶν
1480 841 1586 896 μήτε
1622 841 1762 895 μέντοι

261 911 493 965 ὁρώμενος.
556 909 869 965 θαυμαζόντων
901 909 947 951 δὲ
977 913 1063 951 τῶν
1097 909 1302 964 σύμπλων
1332 914 1393 963 τῷ
1423 909 1658 964 πατριάρχῃ
1690 908 1762 950 καὶ
1774 914 1821 950 39

202 982 246 1018 10
259 980 522 1034 πυθομένων
563 979 636 1021 τίνι
678 978 752 1025 τὰς
793 979 1098 1033 προσκυνήσεις
1141 978 1324 1033 ᾶφοσιοῒ,
1373 979 1529 1024 ἐκεῖνος
1574 978 1656 1033 ἔφη
1700 982 1763 1032 τῷ

261 1048 501 1103 ὁμολογητῇ
523 1047 731 1102 Θεοφάνει
761 1052 823 1101 τῷ
853 1050 927 1088 τοῦ
958 1047 1143 1101 μεγάλου
1170 1046 1322 1101 Ἀγροῦ
1354 1047 1588 1101 καθηγητῇ,
1619 1062 1760 1100 προει-

258 1116 355 1159 πὼν
383 1116 458 1171 τὴν
489 1117 735 1171 ὁμολογίαν·
769 1116 891 1157 οὔπω
925 1115 1004 1170 γὰρ
1037 1116 1151 1170 ἔφθη
1184 1115 1274 1157 τότε
1303 1115 1455 1170 ταύτης
1485 1114 1693 1163 ἀξιωθείς.

372 1184 679 1240 Ἐκβληθέντος
717 1182 754 1226 δ’
796 1185 908 1226 οὕτω
947 1188 1020 1239 τῆς
1059 1183 1281 1238 ἐκκλησίας
1315 1188 1389 1226 τοῦ
1433 1187 1584 1225 σεπτοῦ
1625 1182 1759 1238 Νικη-
1774 1184 1832 1226 20

259 1253 415 1308 φόρου,
460 1253 484 1294 ὁ
516 1253 779 1308 Μελισσηνὸς
815 1253 1064 1308 ᾶντεισήχθη
1108 1251 1329 1306 Θεόδοτος,
1373 1250 1413 1306 ᾦ
1457 1252 1672 1306 διώνυμον
1713 1250 1760 1293 τὸ

201 1330 246 1365 15
262 1322 508 1376 ἐπώνυμον·
542 1321 700 1376 ἐλέγετο
732 1321 812 1376 γὰρ
838 1321 909 1363 καὶ
930 1321 1207 1376 Κασσιτηρᾶς.
1270 1321 1373 1362 ὅθεν
1406 1320 1452 1363 δὲ
1483 1319 1669 1375 γνωστὸς
1699 1325 1796 1375 τῷ2

259 1389 408 1432 Λέοντι
440 1391 607 1445 γέγονεν
638 1391 689 1432 οὐ
720 1389 861 1446 χρεὼν
891 1389 1128 1432 καταλιπεῖν
1159 1389 1437 1445 ἀνιστόρητον.

256 1519 280 1556 2
302 1519 383 1565 περὶ
411 1525 473 1566 τῆς
503 1520 740 1566 προγνώσεως
770 1525 831 1556 τοῦ
861 1520 1083 1565 πατριάρχου
1107 1520 1328 1565 Νικηφόρον
1361 1518 1422 1554 καὶ
1452 1523 1513 1555 τοῦ
1543 1519 1759 1564 ὀμολογητοῢ

11 1610 14 1614 ⁴
259 1568 467 1614 Θεοφάνους
493 1567 557 1604 CE
694 1568 717 1604 9
744 1569 941 1614 σημείωσαι
966 1566 1002 1603 Α
1139 1567 1186 1603 13
1210 1568 1261 1603 ὅτι
1288 1568 1309 1602 ὁ
1331 1566 1557 1613 Μελισσηνὸς
1586 1567 1759 1607 Θεόδοτος

0 1620 23 1664 j
254 1616 462 1663 προεβλήθη
488 1616 718 1662 πατριάρχης,
745 1616 805 1652 καὶ
829 1616 915 1651 ὅθεν
940 1615 1114 1661 ᾠκειώθη
1141 1615 1242 1655 οὗτος
1268 1621 1318 1661 τῷ
1345 1615 1471 1651 Λέοντι
1498 1614 1561 1652 ΟΕ

330 1735 349 1771 1
376 1735 468 1782 λαβή
496 1746 572 1771 om.
599 1734 628 1772 C
724 1735 747 1771 2
772 1735 835 1782 τῷ]
862 1734 901 1771 τὸ
927 1734 957 1772 C
1066 1741 1176 1781 τῆκε
1208 1735 1276 1781 αλῇ
1300 1734 1408 1771 αὐτοῦ
1435 1734 1529 1780 pr
1505 1745 1541 1780 p,
1568 1740 1610 1781 τῆ
1633 1735 1758 1772 ἑαυτοῦ

328 1797 401 1829 κεφ
402 1783 470 1829 αλῆ
494 1783 526 1818 Ε
609 1782 633 1818 4
656 1797 704 1829 πρ
707 1785 830 1829 οικόνη
833 1797 895 1819 σον
921 1749 1757 1829 AE,Cedr.(ge)htz)11p.56,20,Glyc-

330 1830 467 1877 p.533,
482 1831 528 1866 18
552 1832 604 1873 (v.
631 1831 805 1867 Hierocl.
809 1797 1005 1891 ⁷⁷}Syneed
1032 1831 1148 1875 662,1
1177 1841 1272 1866 ann.
1299 1832 1411 1874 ciit.‚)
1437 1832 1678 1876 προικόνησον
1704 1831 1758 1866 al-

329 1882 415 1914 tero
440 1892 461 1913 ν
485 1889 610 1925 supra
636 1879 773 1915 addito
801 1878 841 1924 C,
873 1880 1130 1924 προικόννησον
1155 1877 1342 1925 BSwpDi,
1379 1892 1532 1923 προικον
1559 1878 1606 1923 D,
1647 1879 1756 1925 quod

329 1929 458 1962 mutat
482 1925 551 1965 Dw
576 1927 618 1962 in
642 1928 910 1972 προικόννησον,
938 1937 975 1962 v.
1002 1926 1093 1962 XVI
1120 1927 1177 1971 20,
1205 1927 1261 1962 19.
1287 1926 1400 1962 XVII
1428 1927 1460 1969 1,
1486 1927 1508 1962 9
1665 1928 1688 1962 6
1713 1927 1756 1963 οὐ

326 1973 392 2020 γὰρ
419 1993 463 1999 -
490 1974 512 2009 7
536 1974 712 2015 ἐδεξιοῦτο
739 1985 816 2010 om.
843 1974 872 2011 C
986 1974 1008 2010 7
1035 1978 1126 2021 post
1150 1975 1295 2021 θυμιῶν
1321 1974 1414 2010 add.
1440 1975 1631 2019 πόρρωθεν
1658 1974 1755 2020 pr

376 2024 466 2067 post
490 2021 594 2057 αὐτὸν
620 2021 711 2057 add.
741 2022 802 2058 καὶ
823 2022 1025 2068 προέπεμπε
1051 2021 1148 2068 pr
1246 2023 1269 2058 8
1293 2021 1424 2067 μέντοι]
1449 2022 1522 2068 μὴν
1541 2022 1571 2057 Ε
1669 2022 1691 2058 9
1718 2022 1757 2058 δὲ

327 2068 407 2113 ΑΕ,
434 2069 466 2104 δ’
491 2069 547 2104 ἐπὶ
571 2070 684 2115 τούτῳ
711 2069 808 2116 pr
907 2070 1100 2115 συμπλόων
1127 2070 1162 2106 D
1275 2070 1318 2105 11
1345 2070 1535 2116 καθηγητῇ
1561 2073 1651 2116 post
1676 2071 1756 2106 θεο-

327 2117 429 2162 φάνει
447 2122 498 2161 τῷ
517 2117 614 2162 pr
715 2117 759 2152 12
783 2118 910 2163 ταύτης
928 2118 1003 2153 τότε
1022 2117 1052 2153 Ε
1163 2118 1208 2153 13
1232 2118 1423 2163 ἐκκλησίας
1442 2116 1611 2164 prDi,
1639 2118 1680 2154 ἐκ
1699 2117 1702 2163 Ι
1720 2117 1755 2153 Α

328 2164 373 2200 14
389 2164 421 2200 ὦ
438 2163 637 2211 R(wpDi)‚
656 2166 678 2201 δ
694 2163 729 2200 Α
813 2165 858 2202 15
877 2165 937 2201 καὶ
957 2175 1031 2202 om.
1050 2165 1081 2200 B
1166 2166 1381 2212 κασσιτήρας
1400 2166 1448 2209 D,
1466 2171 1704 2212 καασσιτηρᾶς
1723 2165 1754 2201 Β

254 2292 449 2328 tumultus
487 2295 705 2329 auctorem.
755 2292 856 2330 Nam
890 2303 981 2329 cum
1014 2294 1101 2330 cius
1135 2294 1258 2340 capiti
1290 2294 1478 2330 diadema
1518 2295 1754 2340 imponeret,
1768 2293 1814 2329 35

253 2350 417 2376 manum
452 2350 565 2376 suam
602 2341 727 2387 spinis
755 2342 973 2387 compungi
1028 2342 1171 2377 utavit.
1221 2341 1327 2376 Dum
1363 2345 1499 2378 autem
1532 2341 1754 2378 Proecone-
1768 2341 1814 2376 36

252 2398 340 2424 sum
360 2388 567 2424 exulatum
588 2388 815 2433 abducitur,
835 2389 972 2435 magni
1025 2390 1088 2434 gri
1108 2389 1235 2424 abbas
1250 2389 1519 2435 Theophanes
1534 2391 1754 2432 confessor,
1768 2389 1814 2424 37

252 2436 425 2471 transitu
444 2436 548 2471 illius
567 2436 709 2482 spiritu
729 2437 891 2482 cognito
917 2438 1065 2482 (neque
1084 2437 1188 2472 enim
1208 2436 1374 2472 videbat
1393 2438 1524 2472 virum
1543 2441 1754 2482 sanctum),

252 2484 380 2519 cereis
406 2484 580 2519 incensis
606 2487 645 2520 et
669 2484 803 2520 suffitu
830 2485 1099 2530 prosequitur,
1127 2487 1249 2530 atque
1283 2485 1347 2519 ille
1378 2484 1552 2520 vicissim
1580 2495 1630 2521 cx
1658 2484 1814 2520 navi-‘38

253 2541 344 2566 eum
364 2531 525 2567 flexis
496 2531 672 2577 genibus
691 2535 920 2576 veneratur,
947 2542 1037 2568 cum
1057 2542 1190 2578 mque
1210 2532 1366 2567 videret
1383 2543 1518 2588 ireque
1533 2532 1752 2568 vidmetur.

254 2578 370 2620 Quod
398 2579 652 2624 patriarchae
679 2580 892 2615 comitibus
919 2580 1212 2615 admirantibus
1239 2583 1288 2625 et,
1329 2580 1393 2615 cui
1425 2580 1617 2615 honorem
1644 2580 1752 2616 illum
1767 2580 1814 2616 39

255 2626 479 2671 praeberet,
506 2627 839 2673 percontantibus
866 2627 1074 2673 respondit
1103 2628 1325 2663 consessori
1350 2627 1587 2683 Theophani
1615 2629 1752 2674 magni

255 2672 355 2719 Agri
382 2674 531 2719 abbati,
559 2675 854 2711 confessionem
882 2676 1142 2720 vaticinatus;
1168 2675 1348 2711 nondum
1376 2677 1480 2711 enim
1509 2686 1557 2711 ea
1585 2679 1672 2711 erat
1682 2655 1753 2711 Odi-

256 2725 417 2766 gnatus.

373 2769 430 2805 20.
482 2769 723 2805 Venerando
751 2769 976 2815 Nicephoro
1004 2771 1060 2805 sic
1088 2770 1257 2806 ecclesia
1284 2771 1411 2816 pulso,
1438 2772 1478 2806 in
1506 2772 1593 2806 eius
1620 2772 1752 2807 locum

256 2816 510 2853 introductus
537 2821 598 2853 est
621 2817 855 2853 Theodotus
874 2818 1119 2861 amissenus,
1147 2819 1210 2853 cui
1231 2818 1382 2864 ‹lupi(x
1403 2823 1489 2854 erat
1508 2829 1751 2865 cognomem

256 2874 350 2900 nam
375 2868 414 2899 ct
441 2863 661 2900 Cassitcras
688 2864 910 2900 dicebatur.
953 2866 1029 2907 Qui
1057 2866 1223 2901 undem
1243 2865 1390 2902 Leonis
1409 2867 1591 2902 notitiam
1613 2877 1751 2913 perve-
1765 2866 1788 2901 2

255 2911 371 2956 uerit,
398 2922 479 2948 non
505 2916 565 2948 cst
592 2913 1004 2959 praetermittendum.
