2066 3230
627 251 810 292 ALEXII·
834 251 1020 292 OBITVS
1044 249 1112 291 m*
1138 249 1346 291 ELOGIA.
1664 249 1735 289 765

241 378 473 434 (δεξαμένου
503 377 578 433 τὴν
607 378 817 433 βασιλείαν
848 377 979 432 αὐτῷ,
1018 376 1089 418 καὶ
1119 376 1245 430 υἱέος,
1286 375 1335 417 ὃν
1366 375 1524 422 ἐκεῖνος
1553 378 1626 430 τῆς
1656 375 1734 429 βα-

241 447 390 494 σιλείας
411 447 602 502 ἠξίωσεν.
665 447 802 493 οὕτως
833 446 958 488 οὐδὲν
987 448 1074 487 τῶν
1104 443 1392 499 ἀνθρωπίνων
1421 443 1604 498 μόνιμον
1636 443 1736 485 οὐδὲ
1751 447 1796 482 14

239 517 391 570 πάγιον
422 515 522 557 οὐδὲ
552 514 696 557 πιστόν
725 531 768 556 τε
798 514 869 556 καὶ
899 515 1082 569 βέβαιον,
1115 513 1202 555 ἀλλ’
1235 513 1384 554 ἄπιστα
1409 512 1544 554 πάντα
1566 511 1638 553 καὶ
1659 511 1735 553 κύ-

240 585 322 639 βου
352 583 513 639 μᾶλλον
543 584 651 638 ῥᾷον
681 583 981 638 μετατιθέμενα
1013 581 1085 624 καὶ
1114 580 1514 637 μεταρριπτούμενα.

205 661 229 697 5
353 651 435 694 Ἦν
464 649 502 694 δ’
525 652 550 693 ὁ
571 652 693 707 ἀνήρ,
725 652 790 693 ἵνα
821 651 893 693 καὶ
923 650 994 692 τὸν
1024 650 1182 705 τρόπον
1213 650 1373 692 ἐκείνου
1406 649 1534 704 δῆλον
1563 649 1737 704 θείημεν
1753 653 1797 690 15

241 724 326 766 τοῖς
367 720 580 774 μετέπειτα
623 719 694 761 καὶ
737 718 783 761 τὸ
822 718 933 774 ἦθος
970 723 1056 766 τοῖς
1094 718 1308 774 ὀψιγόνοις
1344 718 1736 774 χαρακτηρίσαιμεν,
1751 722 1787 758 D

243 787 340 831 οὔθ’
373 788 651 843 ὖπεροπτικός
692 804 734 830 τε
776 788 847 830 καὶ
890 788 1061 837 ἀλαζὼν
1100 788 1194 830 οὔτε
1230 787 1318 842 μὴν
1356 787 1455 836 ὀξὺς
1491 788 1549 834 εἷς
1579 786 1736 842 θυμόν,

242 855 330 899 ἀλλ’
371 857 472 899 οῧόὲ
510 857 741 912 χρημάτων
779 857 914 912 ἥττων
957 853 1049 898 οὐδ’
1091 857 1198 910 ἄγαν
1241 855 1587 911 ἕρασιχρήματος,
1631 855 1738 897 ὥστε

241 926 471 981 βούλεσθαι
501 925 811 980 καταχωννύειν
842 924 947 967 αὐτὰ
978 924 1049 966 καὶ
1079 924 1298 979 ταμιεύειν,
1331 921 1380 966 ἵν’
1403 923 1483 966 εἷεν
1507 924 1626 978 αὐτῷ
1655 924 1736 979 θη-

181 1005 229 1040 10
243 993 394 1049 σαυροὶ
423 994 709 1049 κεκρυμμένοι
739 993 812 1036 καὶ
841 994 1022 1048 ὑπόγαια
1044 994 1252 1048 χρήματα,
1285 992 1388 1034 ὅθεν
1410 992 1511 1034 οὐδὲ
1531 991 1739 1038 θανόντος

242 1063 408 1105 πλεῖστα
439 1062 556 1117 παρὰ
577 1066 663 1109 τοῖς
683 1063 864 1117 ταμείοις
884 1062 1134 1117 εὑρέθησαν,
1164 1060 1273 1116 πρὸς
1294 1061 1410 1103 ἔλεον
1430 1061 1737 1116 εὖκατάφορος,
1754 1066 1798 1102 16

31 1182 59 1189 „
243 1130 352 1187 πρὸς
394 1131 566 1173 κόλασιν
604 1131 683 1173 οὒκ
723 1131 976 1186 ὀξύρροπος,
1021 1131 1189 1185 μέτριος
1225 1129 1272 1170 τὸ
1310 1129 1433 1184 ἦθος,
1481 1129 1737 1184 εὐπρόσιτος,

22 1234 51 1257 3
89 1208 142 1247 1v
160 1209 231 1245 259
243 1199 352 1255 πρὸς
381 1199 456 1255 τὴν
488 1200 644 1241 δίαιταν
676 1200 756 1242 οὐκ
788 1199 1032 1253 ἀκόλαστος,
1080 1199 1159 1240 οὐκ
1200 1199 1315 1240 οἴνου
1355 1198 1608 1253 ἡττώμενος,
1653 1202 1739 1245 τοῖς

32 1270 41 1278 ’
245 1269 452 1323 ἓναρέτως
487 1269 623 1324 βιοῦσι
660 1269 885 1323 προσέχων
921 1267 991 1309 καὶ
1030 1267 1259 1322 ἀπονέμων
1293 1267 1428 1322 τιμήν,
1475 1266 1628 1321 λόγους
1659 1267 1739 1322 οὐχ

185 1346 230 1382 15
244 1338 307 1384 ὡς
337 1338 418 1379 ἔδει
449 1340 593 1392 τιμῶν,
640 1338 746 1383 τέως
778 1337 825 1378 δέ
855 1353 900 1391 γε
930 1339 1076 1391 τιμῶν,
1124 1336 1304 1391 ἐπιεικής
1335 1351 1378 1376 τε
1415 1335 1486 1377 καὶ
1523 1339 1608 1382 τοῖς
1644 1335 1953 1390 περὶΡΠΒΙΟΑ

243 1405 371 1448 αὐτὸν
410 1406 462 1448 οὗ
499 1406 699 1461 σοβαρῶς
734 1405 1096 1461 προσφερόμενος,
1144 1402 1231 1446 ἀλλ’
1265 1405 1313 1446 ἐκ
1350 1407 1424 1446 τοῦ
1464 1405 1556 1446 ἴσου
1588 1403 1739 1460 σχεδὸν

243 1475 404 1530 ὁμιλῶν
433 1490 475 1517 τε
505 1474 577 1517 καὶ
606 1473 974 1530 χαριεντιζόμενος.
1036 1473 1139 1515 ὅθεν
1169 1473 1376 1519 κάκείνοις
1407 1473 1583 1527 θαρρεῖν
1623 1472 1739 1528 ἐπῄει
1755 1479 1798 1516 17

242 1542 315 1585 καὶ
345 1543 396 1585 οὗ
426 1542 530 1598 μετὰ
563 1543 686 1589 δέους
717 1543 835 1597 αὐτῷ
863 1542 1128 1597 παρεστάναι,
1172 1541 1243 1584 καὶ
1272 1541 1433 1596 μᾶλλον
1464 1540 1523 1583 ὅτ’
1557 1541 1680 1597 ἀπῄει
1711 1542 1737 1597 ἦ

243 1672 266 1708 5
291 1673 362 1712 οἷος
386 1672 430 1718 ἦν
455 1671 494 1708 τὸ
518 1673 609 1719 ἦθος
634 1672 695 1708 καὶ
720 1671 777 1707 τὸν
802 1674 931 1718 τρόπον
957 1671 1051 1714 (τοὺς
1069 1673 1218 1717 τρόπους
1235 1671 1295 1707 καὶ
1313 1670 1351 1706 τὸ
1370 1671 1460 1718 ἦθος
1487 1670 1531 1715 C)
1557 1673 1578 1707 ὅ
1594 1672 1738 1717 Κομνη-

243 1720 302 1760 νὸς
323 1721 471 1762 Ἀλέξιος
496 1722 530 1763 (ὅ
553 1720 716 1767 βασιλεὺς
737 1721 883 1762 Ἀλέξιος
910 1719 954 1763 C)
981 1719 1044 1756 ΟΕ

318 1840 337 1876 1
363 1839 471 1876 αὐτοῦ
494 1839 564 1875 BD
713 1839 827 1880 υῑνεός
852 1841 1012 1886 punctis
1037 1842 1152 1876 notat
1176 1838 1213 1874 D
1365 1839 1405 1874 ὃν
1430 1838 1600 1885 prDi,
1627 1839 1679 1875 ὢν
1705 1838 1741 1874 A

318 1889 337 1923 1
364 1893 423 1935 τῆς
447 1887 694 1935 βασιλείας-4
717 1887 804 1934 ῥᾷον
830 1898 905 1923 om.
932 1888 963 1923 E
1099 1887 1122 1922 3
1147 1887 1282 1923 ὥπιστα
1306 1887 1445 1933 πάλληα
1470 1888 1647 1933 (punctis
1672 1898 1741 1923 no-

316 1938 461 1980 tatum)
487 1935 547 1971 καὶ
573 1935 609 1970 D
706 1935 729 1971 4
753 1935 841 1981 ῥᾷον
867 1945 942 1971 om.
969 1934 1039 1970 BD
1134 1934 1429 1980 μεταξτιθεμένων
1456 1934 1492 1969 D
1589 1934 1612 1970 5
1637 1935 1740 1980 δηλο-

316 1984 465 2029 θείημεν
483 1982 553 2019 BD
650 1983 672 2019 6
696 1984 1017 2029 χαρακτηρίσωμεν
1034 1982 1145 2028 pr,
1170 1981 1493 2028 χαρακτηρίζωνῙ)
1592 1982 1613 2018 7
1639 1982 1739 2018 τοῦθ’

317 2030 354 2066 D
475 2030 523 2077 τε]
551 2045 601 2070 τις
627 2030 696 2066 BD
825 2032 848 2066 8
871 2031 1050 2076 χρήματος
1074 2030 1106 2065 Β
1230 2032 1252 2065 9
1276 2029 1483 2076 βούλεσθαι]
1511 2030 1683 2066 δύνασθαι
1711 2030 1741 2066 C

364 2078 546 2125 θησαυρὸς
572 2078 607 2114 D
722 2078 768 2114 10
791 2078 1032 2123 κεκρυμμένοι
1059 2076 1274 2124 RbswpDi‚
1300 2077 1360 2113 καὶ
1385 2078 1582 2123 κρυμμένοι
1609 2077 1645 2113 Α

320 2126 364 2162 13
387 2127 467 2172 περὶ
493 2124 679 2173 wapDi
817 2127 937 2162 δαίταν
963 2126 989 2161 b
1137 2125 1181 2161 14
1204 2126 1305 2171 βιοῦς
1331 2125 1356 2160 b
1502 2126 1547 2161 17
1572 2125 1620 2171 τε]
1647 2140 1677 2161 τι
1703 2125 1739 2161 D

319 2175 365 2211 18
387 2179 597 2220 παρεστᾶναι
623 2174 719 2220 Ewp
816 2173 866 2210 ὅτ’
891 2173 994 2220 ἀπήει
1020 2173 1066 2219 A,
1093 2173 1141 2208 ὅτ’
1169 2173 1261 2219 ἀπῆν
1286 2171 1484 2219 wapDi,
1509 2174 1559 2208 ὅτι
1584 2173 1678 2220 ἀπῆν
1704 2173 1740 2208 D

246 2316 366 2352 quem
403 2307 489 2353 ipse
522 2316 652 2353 regno
690 2309 865 2343 ornarat.
916 2305 982 2342 Sic
1014 2314 1147 2342 rerum
1179 2304 1447 2341 humanarum
1474 2304 1571 2341 nihil
1597 2305 1740 2341 stabile
1756 2306 1801 2342 14

246 2359 286 2391 et
309 2354 466 2390 firmum
492 2358 563 2399 est,
589 2354 686 2390 nihil
712 2354 835 2390 fidum
862 2357 902 2390 et
929 2357 1093 2397 certum,
1119 2353 1190 2389 sed
1216 2353 1341 2388 infida
1368 2353 1502 2388 omnia
1528 2357 1568 2389 et
1587 2357 1740 2389 tessera

245 2402 370 2438 multo
396 2402 664 2438 mutabiliora.

366 2450 462 2486 Erat
487 2454 622 2485 autem
648 2450 714 2485 ille
742 2450 812 2494 vir,
851 2452 896 2485 ut
922 2452 961 2484 et
986 2458 1118 2484 mores
1144 2449 1231 2484 eius
1256 2457 1471 2494 expressos
1497 2448 1550 2484 ad
1577 2448 1740 2494 posteri·
1755 2449 1800 2485 15

247 2498 339 2534 tatis
377 2498 608 2533 memoriam
646 2507 932 2544 propagemus,
971 2506 1104 2542 neque
1137 2496 1252 2532 ferox
1286 2499 1326 2531 et
1357 2506 1568 2542 arrogans,
1607 2506 1740 2542 neque

247 2545 479 2591 iracundus,
506 2554 639 2590 noque
665 2554 816 2580 avarus
842 2549 881 2580 et
907 2545 1106 2590 pecuniae
1129 2544 1247 2579 nimis
1266 2543 1448 2589 cupidus,
1477 2547 1523 2579 ut
1541 2554 1630 2580 eam
1649 2554 1740 2580 con-

247 2594 363 2629 flaret
388 2598 511 2639 atque
529 2593 741 2628 thesauros
759 2592 989 2628 reconditos
1011 2595 1050 2627 et
1068 2591 1355 2627 subterraneas
1373 2601 1471 2638 opes
1489 2591 1740 2636 reconderet,

246 2640 357 2677 unde
389 2651 522 2687 neque
555 2644 646 2687 post
672 2641 759 2676 eius
786 2640 939 2676 obitum
965 2640 1006 2675 in
1032 2639 1191 2674 aerario
1219 2648 1369 2685 magna
1394 2640 1568 2685 pecunia
1595 2643 1656 2675 est
1681 2649 1740 2675 re-

248 2694 374 2735 perta,
400 2688 453 2723 ad
479 2687 795 2724 misericordiam
824 2697 1060 2734 propensus,
1086 2686 1138 2722 ad
1164 2685 1382 2722 sumendas
1408 2697 1562 2733 poenas
1587 2687 1738 2731 tardus,
1756 2686 1800 2723 16
1851 2702 1861 2711 ⁸

247 2736 427 2772 moribus
465 2735 693 2780 moderatis,
732 2745 899 2770 accessu
939 2734 1078 2778 facilis,
1117 2734 1159 2770 in
1194 2734 1304 2770 victu
1338 2744 1420 2770 non
1455 2735 1739 2780 intemperans,

247 2794 329 2819 non
362 2784 456 2820 vino
488 2783 659 2826 deditus,
697 2783 924 2819 hominibus
955 2783 1105 2818 virtute
1133 2780 1324 2828 praeditis
1350 2781 1582 2818 auscultare
1609 2785 1648 2817 et
1674 2782 1741 2817 ho-

247 2841 387 2867 norem
405 2831 554 2867 habere
576 2830 728 2875 solitus,
751 2829 1018 2866 eruditionem
1037 2840 1117 2865 non
1139 2833 1184 2864 ut
1202 2829 1483 2874 conveniebat,
1511 2829 1582 2865 sed
1599 2834 1741 2865 utcun-

247 2888 327 2925 que
353 2878 522 2923 colebat,
548 2878 794 2923 commodus,
819 2888 901 2914 non
928 2877 1105 2913 insolens
1131 2877 1171 2912 in
1198 2886 1268 2912 eos
1294 2876 1535 2923 quibuscum
1563 2877 1741 2922 vivebat,

247 2927 371 2963 comis
397 2930 436 2963 et
461 2926 673 2971 iucundus,
713 2926 828 2972 quasi
855 2935 945 2962 cum
973 2925 1212 2972 aequalibus
1239 2925 1406 2960 viveret,
1458 2924 1575 2961 Unde
1603 2925 1656 2961 ilii
1683 2935 1739 2961 se·
1757 2925 1801 2967 17
