2066 3230
346 226 416 263 712
687 226 868 263 ZONAR.
897 226 1026 262 EPIT.
1053 226 1184 262 XVIII
1213 226 1266 270 16,
1293 226 1445 271 29—17,
1471 227 1506 263 6.

286 351 334 387 30
346 347 419 403 τὴν
463 348 701 403 ἀνάρρησιν.
764 348 787 389 ὁ
826 348 873 389 δέ
910 363 954 401 γε
988 347 1217 393 Ῥουσέλιος
1253 347 1407 402 λυθείς,
1452 348 1514 394 ὡς
1556 349 1723 404 εἴρηται,
1766 353 1838 404 τῆς

347 417 645 471 αἰχμαλωσίας,
682 415 756 470 τὴν
788 419 963 470 γυναῖκα
993 414 1097 470 μετὰ
1128 418 1213 457 τῶν
1242 416 1593 471 περιλειφθέντων
1627 416 1839 471 Φράγγων

346 485 491 541 λαβὼν
522 486 579 532 εἷς
609 484 655 525 τὸ
686 488 771 526 τῶν
796 483 1084 538 Ἀρμενιακῶν
1114 484 1229 538 θέμα
1261 485 1434 539 ἐγένετο,
1479 485 1522 526 ἓν
1553 483 1592 539 ᾦ
1625 486 1738 540 διῆγε
1768 485 1839 527 καὶ

288 557 331 592 31
346 553 562 608 πρότερον.
625 553 773 594 στέλλει
803 553 939 594 τοίνυν
970 552 995 593 ὁ
1027 551 1216 607 βασιλεὺς
1247 550 1336 594 κατ’
1368 554 1496 595 αὐτοῦ
1527 553 1599 595 τὸν
1629 554 1839 608 πρόεδρον

341 622 522 671 Ἀλέξιον
552 621 623 664 τὸν
654 621 895 676 Κομνηνόν,
939 621 1034 662 νέον
1066 620 1142 675 μὲν
1174 622 1285 670 ὄντα,
1327 622 1461 676 ἄνδρα
1495 621 1539 664 δὲ
1571 622 1738 664 συνετὸν
1768 622 1874 664 καὶὸ

288 694 334 729 32
350 691 611 745 δραστήριον.
675 691 723 736 ὃς
754 689 976 743 γενόμενος
1012 689 1117 730 κατὰ
1149 689 1222 743 τὴν
1247 689 1469 744 Ἆμάσειαν
1501 690 1552 732 δι’
1585 691 1840 746 ἀπορρήτων

350 760 473 814 δηλοῖ
509 763 593 805 τοῖς
627 758 831 813 Τούρκοις
871 758 932 804 ὡς
969 759 1007 799 εἰ
1040 757 1314 812 κατασχόντες
1344 758 1415 800 τὸν
1442 759 1672 801 Ῥουσέλιον
1702 775 1840 814 παρα-

289 831 335 867 33
351 828 461 870 δοῖεν
491 831 637 869 τοῦτον
662 827 789 881 αὐτῷ,
821 826 990 869 πολλῶν
1016 826 1167 873 αὐτοὺς
1188 827 1386 881 ἐμπλήσει
1406 828 1648 882 χρημάτων.
1705 829 1842 883 φιλίαν

350 900 452 950 γοῦν
490 895 789 949 ὑποκριθέντες
829 896 977 937 ἐκεῖνοι
1013 894 1121 948 πρὸς
1158 893 1230 936 τὸν
1256 894 1487 937 Ῥουσέλιον
1525 897 1728 951 κατέσχον
1770 896 1842 938 τὸν

290 967 336 1003 34
350 965 484 1018 ἄνδρα
517 965 587 1006 καὶ
618 965 787 1006 πολλῶν
813 963 940 1006 αὐτὸν
960 963 1191 1019 χρημάτων
1213 964 1457 1018 ἠλλάξαντο·
1490 965 1537 1011 ὃς
1558 966 1704 1007 αὐτίκα
1725 965 1841 1020 παρὰ
1856 970 1902 1005 10

349 1037 423 1075 τοῦ
443 1032 625 1082 Ἀλεξίου
660 1033 828 1088 δέσμιος
859 1033 1033 1087 ἀπήχθη
1065 1032 1174 1086 πρὸς
1203 1031 1249 1074 τὸ
1275 1032 1506 1081 Βυζάντιον
1537 1033 1607 1075 καὶ
1639 1034 1842 1089 σφοδρῶς

351 1100 552 1147 αἰκισθεὶς
583 1102 640 1148 εἷς
670 1102 833 1156 πύργον
865 1102 1032 1155 δέσμιος
1063 1101 1384 1143 κατεκέκλειστο.

291 1174 337 1210 35
469 1169 597 1211 Σίτου
613 1169 659 1211 δὲ
673 1170 897 1224 γενομένης
911 1169 1068 1215 ἐνδείας
1084 1169 1128 1210 ἓν
1143 1174 1230 1216 ταῖς
1246 1171 1422 1224 ἡμέραις
1436 1174 1509 1212 τοῦ
1526 1170 1731 1225 βασιλέως
1746 1170 1841 1212 τού-

353 1254 441 1291 του,
465 1238 572 1279 ὥστε
587 1236 646 1292 μὴ
666 1238 765 1279 ὅλον
785 1238 988 1293 μέδιμνον
1010 1239 1066 1284 εἶς
1086 1237 1269 1292 νόμισμα
1292 1239 1584 1293 ἀποδίδοσθαι,
1609 1238 1710 1280 ἀλλὰ
1726 1238 1842 1293 παρὰ
1857 1241 1892 1276 D
1915 1241 1966 1277 IV
1983 1241 2006 1276 2

351 1306 554 1355 πινάκιον,
577 1307 634 1352 εἰς
656 1307 882 1361 ἐπώνυμον
902 1312 964 1360 τῷ
983 1307 1145 1361 βασιλεῖ
1160 1306 1206 1348 τὸ
1227 1306 1370 1349 κοινὸν
1392 1307 1635 1362 δυστύχημα
1658 1308 1842 1362 ἓχρημά-
1858 1311 1903 1347 15

351 1391 470 1429 τισεν,
504 1376 565 1422 ὥς
596 1374 668 1416 καὶ
697 1376 820 1429 μέχρι
851 1375 972 1416 τοῦδε
1005 1376 1117 1417 οὕτω
1149 1375 1367 1417 καλεῖσθαι
1397 1380 1544 1418 τοῦτον
1573 1375 1644 1417 τὸν
1666 1377 1841 1418 ἄνακτα·

293 1449 340 1484 36
354 1444 405 1486 οὗ
438 1444 518 1499 γάρ
549 1460 606 1491 τις
638 1444 776 1490 ἄλλως
798 1447 969 1498 γνωριεῖ
985 1447 1131 1486 τοῦτον
1154 1445 1191 1485 εἶ
1207 1444 1266 1499 μὴ
1289 1443 1361 1486 τὸν
1386 1444 1704 1499 Παραπινάκιον
1725 1445 1842 1486 εἴποι.

352 1550 377 1586 4
400 1549 480 1595 περὶ
506 1555 566 1586 τοῦ
590 1551 762 1596 βασιλέως
787 1555 900 1595 κυροῦ
926 1550 991 1592 (de
1017 1551 1147 1586 forma
1173 1555 1287 1595 κυροῢ
1313 1562 1350 1586 v.
1378 1561 1522 1596 argum
1560 1550 1613 1585 ad
1637 1550 1769 1586 XVIII
1786 1550 1843 1594 20,

353 1598 387 1633 4.
413 1597 469 1632 21.
496 1598 553 1642 29,
581 1599 624 1633 11
654 1601 693 1633 et
720 1598 770 1633 de
795 1598 930 1634 B001·ii
957 1598 1130 1633 indicem
1157 1598 1352 1644 Theoph.)
1388 1599 1538 1640 Ἀλεξίου
1571 1603 1631 1633 τοῦ
1655 1599 1845 1642 Κομνηνοῢ

354 1644 401 1690 Α,
427 1647 478 1680 ὅτι
496 1647 517 1680 ὅ
531 1645 693 1691 βασιλεὺς
715 1646 860 1687 Ἀλέξιος
875 1646 1017 1688 (ὄ-Ἇλ.
1035 1656 1110 1681 om.
1124 1646 1170 1687 E)
1184 1646 1253 1680 εἷλε
1266 1646 1324 1681 τὸν
1332 1646 1528 1682 Ῥουσέλιον
1543 1645 1605 1682 CE
1679 1646 1724 1681 13
1749 1647 1845 1685 ὅπως

354 1693 492 1739 ἐκλήθη
518 1694 788 1739 Παραπινάκιος
813 1694 914 1732 οὗτος
939 1694 960 1727 ὅ
981 1693 1145 1739 βασιλεὺς
1173 1693 1201 1729 C

427 1788 446 1823 1
474 1802 512 1834 γε
538 1799 613 1824 om.
640 1789 736 1834 Ewp
878 1789 900 1823 2
924 1789 1215 1834 περιληφθέντων
1242 1790 1326 1831 (Sic)
1354 1788 1389 1823 A
1533 1789 1555 1824 3
1580 1789 1783 1834 ἀρμενικῶν
1809 1789 1845 1824 D

473 1836 621 1881 ἀφίκετο
646 1836 741 1880 θέμα
767 1836 796 1872 C
928 1836 950 1871 5
977 1840 1068 1882 post
1093 1838 1131 1871 δέ
1157 1837 1247 1872 add.
1274 1851 1312 1882 γε
1340 1837 1438 1881 pr
1579 1837 1601 1872 6
1626 1836 1688 1882 τὴν
1715 1847 1790 1872 om.
1817 1836 1846 1873 C

474 1884 643 1928 ἀμασειάν
668 1883 704 1918 D
802 1885 824 1919 8
852 1884 948 1919 αὐτῶ
975 1889 1096 1919 τοῦτον
1120 1884 1150 1918 Β
1249 1885 1270 1920 9
1296 1884 1358 1919 οὗν
1378 1883 1546 1929 BDEwp
1645 1884 1690 1919 12
1713 1885 1847 1929 πύργον

426 1930 625 1977 BprDi‚
651 1936 786 1977 πῦργον
810 1930 892 1976 AR,
922 1943 959 1966 V.
987 1932 1039 1966 ad
1065 1931 1161 1966 XIII
1186 1933 1218 1976 3,
1240 1932 1283 1967 15
1382 1931 1425 1967 15
1453 1935 1542 1977 post
1567 1932 1729 1967 πινάκιον
1754 1932 1846 1967 add.

427 1980 448 2014 ὃ
472 1979 541 2014 ἔστι
567 1980 738 2024 μεδίμνου
765 1979 802 2014 τὸ
827 1979 986 2024 τέταρτον
1011 1979 1117 2024 pr‚
1143 1990 1180 2014 V.
1208 1981 1334 2025 praef.
1548 1979 1777 2024 ἐχρημάτισεν
1804 1979 1846 2024 O,

426 2027 637 2072 ἐχρημάτισε
663 2026 867 2072 AEwpDz'‚
894 2037 931 2062 V.
959 2027 1010 2061 ad
1036 2027 1132 2062 XIII
1160 2027 1191 2071 1,
1218 2028 1240 2062 5
1337 2027 1382 2062 16
1404 2031 1523 2061 τοῦτον
1549 2030 1643 2062 ante
1667 2028 1848 2062 καλεῖσθαι

427 2074 526 2120 pr
661 2075 706 2110 17
731 2078 822 2120 post
847 2079 966 2110 τοῦτον
992 2074 1083 2109 add.
1110 2081 1178 2114 τοῖς
1201 2075 1281 2120 περὶ
1306 2075 1412 2110 αὐτοῦ
1438 2074 1558 2118 (αὐτὸν
1583 2074 1667 2119 BD)
1691 2075 1849 2120 λέγουσιν

427 2121 538 2167 Ewp,
564 2123 615 2161 οἶς
642 2122 722 2167 περὶ
746 2122 852 2157 αὐτοῦ
878 2122 1067 2167 διαλέγοιτο
1095 2121 1123 2158 C
1263 2124 1352 2158 εἴποι
1378 2121 1446 2158 ΑΟ
1474 2123 1660 2168 (προσθείη
1688 2121 1847 2168 Scylitz.

429 2181 465 2215 p.
493 2169 574 2214 714,
601 2170 670 2214 19),
696 2171 776 2215 εἴπη
803 2170 899 2216 Ewp

297 2275 345 2311 30
358 2287 383 2311 a
399 2279 548 2322 nepote
567 2277 795 2313 afficeretur
812 2277 1019 2323 supplicio.
1053 2275 1106 2313 At
1118 2277 1305 2313 Ruselius
1320 2287 1342 2313 e
1356 2278 1590 2323 captivitate
1604 2277 1846 2323 redemptus,

356 2326 402 2359 ut
429 2324 578 2360 dictum
605 2328 675 2368 est,
714 2335 804 2360 cum
837 2335 966 2360 uxore
993 2327 1031 2360 et
1056 2325 1219 2370 reliquis
1245 2325 1410 2360 Francis
1435 2326 1477 2359 in
1503 2325 1751 2370 provinciam
1777 2324 1848 2360 Ar-

297 2370 343 2406 31
357 2372 631 2407 meniacorum
667 2382 709 2408 se
745 2372 923 2415 contulit,
963 2373 1033 2408 ubi
1065 2373 1176 2418 prius
1210 2383 1372 2418 quoque
1401 2373 1525 2407 vitam
1559 2376 1710 2418 egerat.
1760 2372 1847 2408 Rex

357 2420 483 2464 igitur
515 2420 743 2465 praesidem
775 2419 963 2456 Alexium
990 2419 1249 2464 Comnenum,
1289 2420 1587 2455 adulescentem
1618 2420 1730 2455 illum
1764 2421 1847 2465 qui—

298 2466 345 2501 32
359 2467 461 2511 dem,
500 2467 571 2503 sed
596 2467 837 2513 prudentem
864 2470 903 2503 et
928 2470 1146 2511 strenuum,
1188 2471 1327 2503 contra
1358 2478 1449 2503 cum
1475 2468 1603 2502 mittit.
1655 2467 1731 2509 Qui
1757 2478 1847 2502 cum

357 2513 560 2550 Amasiam
587 2515 849 2560 pervenisset,
876 2515 1018 2550 Turcis
1046 2515 1146 2550 clam
1165 2515 1375 2560 significat,
1403 2515 1434 2550 si
1452 2514 1658 2550 Ruselium
1679 2515 1753 2550 sibi
1771 2518 1848 2550 tra-

298 2561 345 2597 33
360 2562 512 2605 dcrent,
540 2572 583 2598 sc
609 2562 686 2598 iuis
711 2562 909 2607 grandem
935 2563 1134 2608 pecuniae
1159 2573 1354 2598 summam
1380 2563 1578 2597 daturum.
1631 2562 1774 2607 Itaque
1793 2563 1848 2597 illi

360 2609 536 2644 amicitia
564 2610 752 2645 simulata
777 2611 909 2645 virum
937 2610 1270 2656 comprehensum
1296 2620 1446 2655 magna
1473 2610 1646 2655 pecunia
1676 2620 1848 2645 commu-

299 2656 346 2691 34
359 2659 514 2702 tarunt3
545 2658 614 2702 qui
640 2658 773 2693 statim
799 2658 850 2692 ab
877 2656 1020 2693 Alexio
1047 2658 1207 2693 vinctus
1233 2661 1273 2693 et
1297 2657 1538 2702 Byzantium
1565 2657 1784 2702 perductus
1810 2661 1849 2693 et

361 2707 450 2750 post
476 2705 630 2740 atrocia
656 2708 855 2740 tormenta
881 2706 922 2740 in
949 2706 1050 2740 turri
1077 2705 1252 2750 quadam
1279 2708 1338 2740 est
1363 2705 1551 2740 inclusus.

299 2751 346 2787 35
479 2752 582 2794 Quia
615 2763 713 2788 vero
749 2753 824 2788 sub
859 2753 935 2788 hoc
969 2763 1068 2798 rege
1101 2762 1290 2788 annonae
1326 2753 1492 2787 caritate
1524 2752 1751 2788 laboratum
1778 2755 1848 2796 est,

359 2802 405 2835 ut
431 2810 511 2835 non
529 2800 689 2845 integer
706 2800 932 2835 medimnus
950 2801 1190 2836 numismate
1209 2800 1365 2835 veniret
1388 2799 1458 2835 sed
1477 2800 1636 2845 pinacio
1656 2799 1847 2844 detracto,

359 2847 522 2891 publica
551 2848 756 2883 calamitas
782 2858 1009 2893 cognomen
1033 2847 1088 2882 illi
1114 2848 1220 2891 fecit,
1245 2849 1290 2882 ut
1316 2847 1436 2882 etiam
1462 2847 1581 2883 hodie
1606 2848 1663 2882 sic
1681 2849 1848 2882 vocetur

300 2894 346 2929 36
360 2905 493 2940 neque
520 2895 635 2931 alit-er
662 2898 920 2940 agnoscatur,
946 2895 1022 2930 nisi
1049 2895 1357 2941 Parapinacium
1387 2894 1547 2930 dixeris.
