1968 3302
619 222 880 263 VALENTIS
908 219 1200 263 INTERITVS.
1627 221 1674 261 79

165 351 313 398 σιλέως
347 350 424 406 τὴν
461 350 610 405 χώραν
649 350 810 404 ἐκείνην
846 348 1108 404 ληιζομένων
1144 346 1216 389 καὶ
1255 346 1565 401 ἕμπιπρώντων
1602 345 1718 387 καὶΡ
1732 349 1771 385 II
1785 347 1882 385 32Α

163 421 238 468 τὰς
273 420 420 467 οἰκίας,
458 419 629 461 κάκεῖνο
673 417 720 460 τὸ
763 419 921 473 οἴκημα
953 417 1289 470 καταπέπρηστο,
1333 415 1405 456 καὶ
1441 415 1466 456 ὁ
1503 413 1674 469 Οὐάλης

166 489 398 544 διέφθαρτο
442 488 488 530 ἐν
532 487 660 541 αὐτῷ.
723 487 748 528 ὁ
785 487 927 541 μέντοι
965 487 1083 540 ἅγιος
1122 483 1324 530 Ἰσαάκιος
1365 483 1674 537 καθειργμένος
1687 487 1734 523 26

165 557 240 613 τὴν
269 556 520 611 κατάφλεξιν
547 559 622 597 τοῦ
660 554 892 601 Οὐάλεντος
930 555 1103 609 ἐγνώκει
1141 558 1203 607 τῷ
1239 552 1442 607 πνεύματι
1479 551 1551 593 καὶ
1588 550 1675 592 εἷπε

130 630 251 672 5τοῖς
280 629 592 680 παρατυχοῦσιν
624 625 713 665 ἐκεῖ
739 624 801 670 (ὃς
822 623 1028 678 “officiam
1059 623 1150 677 ἄρτι
1179 621 1355 676 ’θνήσκει
1388 620 1455 662 διὰ
1486 620 1623 674 πυρός
1633 619 1673 661 ”.

168 694 476 750 σημειωθείσης
507 692 584 734 οὖν
614 697 687 747 τῆς
717 693 880 747 ἡμέρας
911 692 1108 746 ἐγνώσθη
1140 689 1244 746 μετὰ
1274 693 1402 731 ταῦτα
1432 688 1492 744 μὴ
1514 689 1673 743 πλανη-
1687 694 1734 730 27

168 764 296 818 θῆναι
326 762 398 804 τὸν
429 763 557 816 ἅγιον.
618 760 721 815 μετὰ
755 761 800 802 δὲ
830 761 905 815 τὴν
935 764 1021 802 τῶν
1051 759 1287 815 βαρβάρων
1318 757 1481 799 ἐκεῖθεν
1510 757 1673 799 ὑπανα-
1687 764 1735 799 28

168 832 356 886 χώρησιν
393 830 439 872 τὸ
477 833 602 884 σῶμα
640 833 714 870 τοῦ
751 829 958 883 βασιλέως
989 827 1310 883 ἀναζητούντων
1340 829 1475 874 τινῶν,
1516 826 1673 880 εὑρέθη

37 894 43 899 ’
86 906 156 942 223
168 900 303 954 τάφος
333 900 378 940 ἕν
408 904 459 953 τῇ
496 899 618 952 οἰκίᾳ,
663 899 707 939 ἒν
745 896 854 953 ᾗπερ
893 898 1049 943 ἐκεῖνος
1088 897 1303 944 ἕκέκαυτο,
1346 894 1526 936 παλαιοῦ
1566 910 1676 940 τινος

111 977 156 1014 10
169 969 281 1023 ἔχων
313 968 557 1022 ἐπίγραμμα

382 1036 596 1078 “mama
629 1036 779 1090 ῘΡΙίμας
809 1035 1032 1076 ᾹΙακεδὼν
1064 1033 1380 1089 στρατηγέτ-ης.”

295 1105 445 1159 Τούτῳ
482 1110 547 1159 τῷ
582 1105 745 1160 βασιλεῖ
777 1105 978 1158 ἐπανέστη
1017 1103 1270 1157 Προκόπιος
1307 1102 1331 1144 ὁ
1369 1101 1543 1155 ἀνεψιὸς
1574 1099 1674 1142 Ἰου-
1688 1109 1736 1144 29
1762 1108 1792 1143 Β

166 1173 310 1215 λιανοῢ
342 1174 414 1215 καὶ
445 1173 647 1228 ἐκράτησε
677 1177 752 1215 τοῦ
783 1172 1030 1221 Βυζαντίου.
1091 1170 1323 1226 προδοθεὶς
1355 1170 1401 1211 δὲ
1436 1168 1554 1224 παρὰ
1590 1172 1676 1211 τῶν
1689 1178 1736 1213 30

168 1242 338 1284 οἰκείων
368 1241 440 1284 καὶ
469 1242 721 1295 προσδεθεὶς
751 1242 799 1282 ἐκ
830 1244 916 1282 τῶν
947 1240 1110 1282 σκελῶν
1143 1240 1222 1282 δύο
1254 1239 1444 1294 δένδροις
1480 1239 1552 1293 βίᾳ
1589 1239 1676 1280 κλι-

110 1311 288 1359 15θεῖσι,
313 1314 399 1352 τῶν
421 1310 611 1364 δένδρων
633 1311 871 1351 ἀνεθέντων
893 1309 1126 1363 διεσπάσθη
1150 1309 1174 1350 ὁ
1197 1308 1384 1354 δείλαιος.
1446 1307 1674 1362 καθῃρέθη
1689 1315 1733 1351 31

170 1379 216 1421 δὲ
246 1379 336 1421 τότε
367 1379 438 1420 καὶ
468 1379 517 1420 τὰ
548 1380 658 1433 τείχη
690 1383 763 1433 τῆς
794 1378 961 1424 πόλεως
992 1377 1287 1432 Χαλκηδόνος,
1328 1376 1391 1422 ὡς
1425 1379 1512 1418 τῶν
1549 1377 1678 1430 αὐτῆς

169 1448 351 1490 πολιτῶν
370 1448 419 1490 τὰ
441 1447 696 1502 Προκοπίου
718 1447 1015 1501 φρονούντων·
1049 1445 1112 1488 ὧν
1137 1446 1498 1500 καθαιρουμένων
1519 1445 1675 1499 εὑρέθη
1690 1453 1736 1489 32

169 1516 279 1565 πλὰξ
310 1517 354 1559 ἒν
383 1520 469 1563 τοῖς
499 1516 707 1571 θεμελίοις
739 1517 882 1557 αὐτῶν
913 1516 1069 1570 ἔχουσα
1103 1515 1370 1569 γεγραμμένα
1402 1514 1535 1555 ταυτί·

172 1659 218 1695 12
244 1659 324 1704 περὶ
349 1663 410 1705 τῆς
435 1659 647 1704 Προκοπίου
672 1659 876 1704 τυραννίδος
901 1658 962 1694 καὶ
988 1657 1201 1703 ἀναιρέσεως
1227 1658 1277 1700 (κ.
1304 1657 1417 1702 ἀναιρ.
1447 1667 1522 1693 om.
1542 1656 1588 1700 E)
1617 1656 1677 1692 καὶ

171 1713 231 1754 τῆς
255 1707 500 1752 καθαιρέσεως
526 1712 596 1742 τῶν
621 1711 748 1752 τειχῶν
773 1707 1008 1752 Χαλκηδόνος
1034 1705 1098 1742 ΟΕ

244 1851 260 1886 1
290 1851 575 1897 ἐμπιμπρώντων
600 1851 636 1886 D
826 1851 849 1886 2
874 1850 1137 1896 κατεπέπρηστο
1164 1849 1200 1884 D
1389 1850 1410 1885 ὄ
1435 1859 1511 1885 om.
1538 1848 1675 1894 DEwp

243 1899 266 1934 3
290 1899 405 1935 ἑαυτῶ
430 1898 462 1934 Β
558 1899 583 1934 4
607 1899 827 1945 κατάφλοξιν
853 1899 884 1934 Ε
982 1899 1004 1934 5
1030 1902 1126 1934 ante
1151 1898 1282 1943 οὖάλης
1309 1896 1401 1934 add.
1428 1898 1449 1931 ὁ
1474 1896 1503 1933 C
1600 1897 1675 1942 ἄρτι

244 1958 319 1983 om.
346 1947 383 1983 D
522 1948 546 1983 8
569 1948 769 1993 ζητούντων
794 1947 826 1983 Ε
963 1947 1005 1982 11
1030 1947 1201 1992 μακεδῶν
1228 1946 1313 1989 (Sic)
1338 1945 1385 1990 A,
1411 1943 1613 1990 Μᾶκεδών]
1641 1956 1678 1980 V.

244 1995 297 2031 ad
323 1995 396 2031 XV
420 1995 478 2041 27,
504 1994 549 2031 12
575 1999 615 2031 et
640 1995 891 2041 Wagnerum
918 1995 942 2030 l.
970 2005 1001 2030 c.
1029 2005 1066 2040 p.
1090 1995 1138 2029 60
1253 1994 1297 2030 15
1324 1995 1501 2039 διεπάσθη
1529 1993 1615 2038 (sic)
1641 1993 1678 2027 A

245 2044 290 2080 17
317 2047 412 2079 ante
438 2043 490 2079 ὧν
516 2043 609 2079 add.
635 2043 680 2078 δι’
707 2043 744 2079 D

174 2197 344 2234 mosque
382 2187 714 2224 comburentibus
753 2187 853 2223 illud
892 2197 1056 2234 quoque
1093 2187 1324 2223 aedificium
1358 2187 1569 2223 incensum
1605 2189 1677 2230 est,

174 2235 231 2271 ita
257 2239 304 2271 ut
328 2234 477 2271 Valens
500 2236 660 2281 periret.
713 2235 901 2271 Ceterum
934 2239 1124 2271 exustum
1157 2245 1246 2271 esse
1270 2235 1480 2271 Valentem
1512 2237 1677 2269 sanctus
1691 2236 1738 2272 26

175 2283 354 2319 Isaacius
379 2284 421 2319 in
448 2293 611 2319 carcere
638 2293 710 2329 per
735 2284 919 2329 spiritum
949 2284 1096 2319 certior
1129 2284 1262 2318 factus
1297 2283 1358 2326 iis,
1397 2283 1464 2327 qui
1493 2282 1676 2326 aderant,

173 2331 383 2367 “Valens’'
408 2331 465 2366 ait
489 2331 599 2366 “iam
626 2335 797 2367 necatur
822 2331 908 2377 igni
919 2330 948 2366 ’'.
1000 2330 1076 2366 Die
1102 2331 1168 2366 illo
1194 2334 1391 2366 annotato
1413 2334 1555 2376 postea
1574 2340 1678 2366 com·
1691 2332 1738 2368 27

176 2382 333 2425 pei-tum
367 2382 427 2414 est
458 2390 541 2415 non
567 2389 724 2415 errasse
750 2379 883 2414 virum
910 2383 1107 2414 sanctum.
1159 2379 1255 2414 Post
1281 2379 1551 2414 barbarorum
1577 2387 1676 2413 vero
1691 2380 1738 2415 28

175 2427 283 2462 illinc
316 2427 536 2463 discessum
569 2437 659 2462 eum
695 2428 805 2473 regis
837 2437 985 2472 corpus
1018 2437 1042 2461 a
1075 2426 1280 2462 nonnullis
1306 2431 1583 2472 quaereretur,
1623 2426 1679 2460 in-

176 2478 343 2511 ventum
376 2479 436 2510 est
467 2475 697 2521 sepulerum
731 2476 773 2510 in
805 2475 853 2510 iis
885 2474 1068 2519 aedibus,
1105 2474 1176 2510 ubi
1208 2474 1274 2510 ille
1307 2478 1394 2510 erat
1430 2473 1677 2518 combustus,

177 2524 242 2558 cui
268 2526 396 2583 vetus,
413 2526 501 2559 erat
526 2523 762 2569 inscriptum
796 2523 1064 2569 epigramma:
1098 2522 1205 2557 “Hic
1231 2521 1399 2557 Macedo
1425 2520 1566 2556 Mimas
1593 2521 1678 2557 dux

177 2574 238 2607 est
263 2571 363 2607 situs
395 2598 404 2606 .

296 2618 446 2655 Contra
483 2619 592 2654 hunc
629 2629 769 2665 regem
807 2618 1045 2655 seditionem
1084 2619 1211 2654 movit
1249 2617 1486 2663 Procopius,
1532 2616 1679 2652 Iuliani
1693 2620 1740 2656 29

179 2666 458 2711 consobrinus,
497 2670 538 2703 et
570 2667 787 2713 occupavit
812 2666 1065 2712 Byzantium.
1130 2664 1210 2702 Sed
1242 2665 1427 2712 proditus
1466 2675 1490 2700 a
1525 2666 1610 2701 suis
1640 2668 1680 2700 et
1693 2668 1741 2704 30

179 2715 367 2750 astrictus
398 2715 571 2761 pedibus
603 2714 764 2750 duabus
802 2715 1017 2750 arboribus
1050 2714 1090 2748 vi
1129 2714 1332 2750 inclinatis
1370 2717 1494 2759 atque
1532 2714 1679 2748 iterum

179 2762 351 2798 dimissis
377 2762 580 2798 laceratus
612 2766 672 2798 est
702 2762 766 2798 ille
798 2763 930 2799 miser.
993 2762 1138 2797 Diruta
1171 2764 1266 2797 sunt
1298 2764 1381 2797 tum
1416 2761 1537 2797 etiam
1565 2760 1680 2797 Chal·
1693 2763 1738 2799 31

181 2810 345 2846 eudonis
378 2810 491 2846 urbis
524 2811 697 2855 moenia,
734 2810 844 2856 quod
882 2811 969 2845 eius
1005 2811 1115 2845 cives
1149 2809 1335 2855 Procopii
1370 2813 1508 2855 partes
1539 2818 1680 2854 seque-

180 2863 331 2894 rentur.
371 2858 484 2900 Quae
511 2868 601 2894 cum
629 2858 899 2902 diruerentur,
925 2861 1087 2903 reperta
1114 2862 1173 2893 est
1199 2857 1340 2893 tabula
1366 2858 1406 2892 in
1433 2866 1574 2893 eorum
1593 2859 1680 2893 fun·
1693 2858 1740 2895 32

182 2905 381 2942 (lamentis
407 2916 498 2942 cum
525 2906 601 2942 hac
624 2906 904 2953 inscriptione:
