1968 3302
327 211 375 251 ‘20
743 206 925 253 ZONAR.
952 207 1085 248 EPIT.
1111 206 1208 246 XIII
1233 206 1269 257 4,
1296 207 1424 249 2-11.

331 336 411 392 γὰρ
433 335 649 392 Ὠριγένης
680 337 789 391 πρὸς
820 338 961 383 ἄλλαις
991 336 1194 382 πλείσταις
1226 334 1367 384 δόξαις
1400 335 1729 391 διεφθαρμέναις
1759 334 1830 379 καὶ

328 405 400 447 τὸν
435 411 646 460 μονογενῆ
683 406 775 448 υἱὸν
810 410 884 447 τοῦ
921 406 1026 447 θεοῦ
1065 403 1227 446 κτιστὸν
1262 404 1333 445 καὶ
1369 404 1583 460 ἀλλότριον
1620 404 1720 446 εἶναι
1757 410 1830 461 τῆς

329 475 473 520 οὐσίας
504 479 577 529 τῆς
616 479 819 529 πατρικῆς
858 475 1103 528 εἰσηγήσατο
1142 473 1214 514 καὶ
1249 472 1309 527 μὴ
1350 473 1583 527 δυνάμενον
1619 474 1724 528 ὁρᾶν
1759 473 1956 517 τὸνΒΠΙ

293 543 499 597 3πατέρα,
544 543 616 584 καὶ
657 543 783 584 αὐτὸν
824 543 869 584 δὲ
906 542 977 583 τὸν
1014 541 1105 583 υἱὸν
1144 541 1326 595 ἀόρατον
1362 543 1497 597 εἰσῆγε
1527 543 1740 596 τυγχάνειν
1770 547 1831 597 τῷ

327 612 543 665 πνεύματι,
586 612 633 652 ἐκ
674 615 747 653 τοῦ
786 615 976 665 πονηροῦ
1016 611 1239 665 θησαυροῦ
1271 614 1344 665 τῆς
1374 611 1552 664 καρδίας
1582 612 1711 653 αὐτοῦ
1743 612 1865 660 ἐξε-5

278 680 584 734 Βρευγόμενος
614 679 728 721 ταυτὶ
759 679 807 720 τὰ
841 679 1065 733 ἀπόφημα,
1102 676 1189 720 ἀλλ’
1224 678 1332 733 ἦσαν
1363 679 1407 720 ἐν
1436 679 1583 734 μόνοις
1615 680 1831 734 γράμμασι

292 749 498 802 4κείμενα
542 748 752 803 σεσίγηντό
792 764 834 789 τε
871 748 942 789 καὶ
981 748 1104 789 οὔπω
1151 747 1488 802 δεδημοσίευντο·
1533 748 1558 789 ὁ
1587 748 1749 803 Ἄρειος
1786 748 1831 791 δὲ

329 817 386 862 εἷς
416 821 634 871 προῦπτον
664 820 791 858 ταῦτα
822 817 1058 871 προήνεγκε
1088 816 1160 858 καὶ
1191 816 1256 857 ἐπὶ
1287 819 1372 858 τῶν
1405 816 1618 870 δωμάτων
1654 817 1832 872 ἐκήρυξε

327 884 399 926 καὶ
431 884 613 931 πολλοὺς
643 886 700 931 εἰς
732 886 923 940 ἀσέβειαν
948 885 1188 927 ὑπεσκέλισε
1209 885 1416 939 θορύβων
1436 901 1478 926 τε
1499 885 1570 927 καὶ
1592 886 1831 940 σχισμάτων

292 953 400 999 ῦτὰς
444 953 666 1008 ἐκκλησίας
711 954 944 1008 ἐνέπλησεν.
1021 955 1044 995 ὃ
1085 954 1208 1008 γνοὺς
1247 954 1270 995 ὁ
1307 955 1598 1008 εὐσεβέστατος
1640 955 1831 1009 βασιλεὺς
1848 959 1893 994 10

328 1023 484 1068 ἐκεῖνος
516 1022 560 1063 ἐν
591 1021 750 1076 Νικαίᾳ
786 1027 836 1077 τῇ
869 1023 1072 1065 Βιθυνῶν
1111 1023 1323 1065 συνελθεῖν
1361 1023 1458 1069 τοὺς
1495 1026 1580 1064 τῶν
1618 1024 1832 1078 ἐπαρχιῶν

328 1090 583 1137 ἐπισκόπους
616 1091 804 1133 ἐκέλευσε
827 1092 911 1146 καί,
945 1092 1265 1147 ἀθροισθέντων
1295 1085 1342 1133 τι’
1373 1092 1444 1133 καὶ
1475 1088 1514 1147 η’
1546 1093 1677 1146 ἁγίων
1707 1093 1830 1135 πατέ-

327 1174 432 1213 ρων,
473 1159 517 1199 ἐν
554 1159 615 1205 οἷς
653 1159 761 1214 ἦσαν
798 1161 869 1202 καὶ
906 1161 1026 1215 ἱερεῖς
1062 1177 1164 1207 τινες
1201 1161 1272 1201 καὶ
1312 1161 1511 1214 διάκονοι,
1553 1160 1655 1202 ἀλλὰ
1691 1162 1832 1216 μέντοι

291 1226 399 1269 6καὶ
431 1228 615 1282 μοναχοί
657 1227 741 1282 (ὅτε
772 1228 844 1270 καὶ
874 1229 897 1270 ὁ
927 1230 1061 1283 μέγας
1094 1229 1340 1275 Ἀθανάσιος
1372 1230 1460 1271 ἐκεῖ
1485 1234 1625 1284 παρῆν
1655 1235 1716 1284 τῷ
1746 1234 1831 1273 τῶν

330 1295 544 1337 διακόνων
576 1297 630 1337 ἔτι
662 1298 974 1352 κατειλεγμένος
1006 1299 1069 1339 ὢν
1099 1297 1289 1352 τάγματι)
1329 1298 1400 1340 καὶ
1439 1298 1564 1344 αὐτὸς
1596 1299 1620 1340 ὁ
1650 1314 1829 1354 χριστια-
1846 1306 1892 1341 15

142 1364 558 1411 ΡΙΙ9Ανικώτατος
587 1365 780 1419 βασιλεὺς
812 1366 984 1420 ἀφίκετο
1015 1365 1124 1420 πρὸς
1154 1366 1228 1420 τὴν
1255 1366 1439 1408 Νίκαιαν
1470 1367 1540 1408 καὶ
1572 1368 1832 1421 συγκαθίσας

327 1436 412 1479 τοῖς
456 1434 581 1488 ἱεροῖς
623 1435 827 1489 πατράσιν
865 1435 1036 1481 ἐκείνοις
1074 1435 1269 1489 ἐπέτρεπε
1307 1436 1477 1490 ζητῆσαι
1515 1435 1563 1476 τὰ
1602 1436 1718 1491 παρὰ
1755 1440 1829 1478 τοῦ

157 1501 484 1556 ἮΙΙΙ9Ἀρείου
528 1502 730 1557 λεγόμενα
776 1503 848 1544 καὶ
893 1503 1118 1558 διαγνῶναι
1162 1505 1203 1545 εἴ
1234 1520 1267 1545 τι
1305 1508 1376 1559 τῆς
1420 1505 1556 1559 ὀρθῆς
1599 1505 1831 1547 ἐκκλίνουσι

293 1578 314 1614 7
330 1570 471 1625 δόξης.
534 1572 574 1612 οἱ
614 1571 659 1614 δὲ
699 1572 947 1627 ζητήσαντες
990 1573 1061 1614 καὶ
1105 1573 1295 1628 ἀκριβῶς
1339 1574 1599 1622 ἐξετάσαντες
1640 1573 1712 1616 τὸν
1753 1573 1832 1629 μὲν

331 1676 376 1711 10
399 1676 479 1722 περὶ
504 1682 565 1724 τῆς
590 1677 627 1713 ἐν
653 1679 789 1724 Νικαίᾳ
813 1678 958 1725 πρώτης
985 1680 1135 1715 συνόδου
1163 1678 1225 1716 CE

403 1783 421 1817 1
447 1782 513 1827 μὲν
540 1786 636 1819 ante
663 1783 728 1829 γὰρ
755 1784 848 1820 add.
875 1783 977 1830 pr
1112 1785 1282 1831 ὥριγένης
1310 1785 1376 1822 CD
1510 1787 1569 1822 καὶ
1596 1789 1686 1833 post
1711 1786 1831 1828 δόξαις

402 1831 495 1866 add.
522 1830 553 1866 B
667 1831 690 1866 4
716 1831 755 1867 δὲ
780 1833 887 1867 intra
914 1833 1041 1868 lineas
1068 1833 1159 1868 add.
1186 1833 1222 1868 A
1332 1835 1444 1879 εἶςῆγε
1469 1835 1652 1880 τυγχάνων
1678 1834 1718 1878 C,
1754 1848 1830 1880 τυγ-

399 1879 520 1923 χάνειν
545 1880 658 1925 εἶςῆγε
683 1879 785 1926 pr
898 1881 919 1916 7
945 1883 1123 1926 σεσίγηντο
1149 1895 1185 1916 τε
1210 1892 1285 1917 om.
1312 1881 1358 1926 A,
1386 1882 1478 1917 add.
1505 1881 1670 1928 prDi
1777 1883 1831 1917 δε-

401 1927 610 1972 δημοσιέυτο
636 1927 772 1974 Bpr
917 1929 959 1963 11
987 1934 1030 1974 τῇ
1054 1928 1202 1975 Apr,
1230 1934 1300 1964 τῶν
1324 1929 1360 1964 D
1495 1931 1539 1965 1⁶2
1565 1931 1605 1965 τί
1633 1929 1694 1966 καὶ
1719 1931 1753 1975 η’
1782 1929 1829 1975 A,

400 1976 616 2019 τριακοσίων
634 1976 721 2011 δέκα
738 1976 799 2011 καὶ
816 1975 913 2011 ὀκτὼ
941 1975 1099 2022 prDi
1198 1978 1241 2012 17
1267 1978 1413 2018 ἐκείνοις
1439 1989 1513 2013 om.
1533 1979 1564 2013 E
1661 1978 1830 2024 ἐπέτρεψε

401 2021 500 2069 pr
600 2023 645 2058 19
670 2023 710 2058 δὲ
733 2022 780 2068 Α,
807 2023 847 2059 δὲ
871 2024 932 2059 καὶ
959 2024 1057 2070 pr

293 2129 405 2165 3nec
437 2127 579 2163 videre
610 2139 730 2174 posse
763 2133 930 2174 patrem,
965 2129 1306 2174 quemadmodum
1332 2140 1408 2166 nec
1434 2132 1521 2176 ipse
1546 2131 1676 2167 videri
1704 2132 1831 2178 possit

329 2184 354 2209 a
371 2175 534 2221 spiritu:
571 2186 676 2221 quae
702 2176 966 2212 deliramenta
990 2187 1041 2213 ex
1067 2178 1251 2223 improbo
1280 2179 1413 2214 cordis
1439 2179 1501 2214 sui
1528 2179 1718 2215 thesauro
1738 2189 1830 2216 evo·

329 2223 441 2258 muit.
492 2223 640 2259 Verum
668 2234 717 2260 ea
743 2225 784 2260 in
810 2225 904 2260 solis
932 2225 1080 2261 chartis
1106 2226 1306 2271 iacebant,
1334 2230 1440 2262 tecta
1467 2227 1624 2262 silentio
1654 2227 1829 2263 necdum

292 2270 518 2316 4vulgata3
551 2272 623 2307 sed
649 2271 771 2307 Arius
797 2273 838 2307 in
865 2276 1126 2319 conspectum
1153 2275 1319 2319 protulit
1346 2279 1383 2310 et
1410 2275 1451 2309 in
1477 2275 1647 2311 aedibus
1673 2275 1830 2321 praedi-

330 2319 438 2354 cavit
473 2322 512 2355 et
547 2320 694 2356 multos
729 2320 782 2355 ad
815 2321 1062 2366 impietatem
1101 2322 1266 2367 pellexit
1304 2325 1344 2357 et
1381 2323 1556 2358 tumultu
1594 2333 1643 2358 ac
1681 2323 1829 2359 dissen-

293 2366 511 2404 5sionibus
538 2368 728 2404 ecclesias
761 2369 953 2414 implevit.
1005 2368 1094 2411 Qua
1128 2380 1172 2405 re
1205 2370 1368 2415 cognita
1404 2370 1729 2416 religiosissimus
1762 2371 1828 2407 ille

328 2414 549 2459 imperator
575 2417 878 2461 provinciarum
909 2417 1121 2462 episcopos
1147 2416 1338 2453 Nicaeam
1370 2418 1411 2452 in
1437 2417 1651 2463 Bithyniae
1686 2419 1829 2454 urbem

330 2463 550 2499 convenire
583 2465 710 2499 iussit.
770 2463 1008 2510 Congressis
1042 2465 1167 2510 igitur
1202 2465 1272 2500 318
1304 2466 1453 2500 sanctis
1492 2466 1686 2511 patribus,
1724 2467 1829 2502 inter

331 2519 433 2554 quos
467 2514 506 2546 et
541 2512 774 2548 sacerdotes
809 2513 992 2548 nonnulli
1026 2514 1142 2548 fuere
1176 2516 1216 2547 et
1248 2513 1408 2548 diaconi
1441 2517 1564 2558 atque
1597 2514 1717 2549 etiam
1749 2525 1829 2550 mo-

293 2557 449 2595 Gnachi
482 2560 594 2604 (quin
628 2563 666 2595 et
699 2571 874 2606 magnus
899 2559 1146 2596 Athanasius
1177 2560 1229 2595 ad
1255 2560 1296 2595 id
1322 2562 1513 2606 temporis
1542 2561 1672 2596 ordini
1696 2562 1828 2598 diaco-

330 2615 475 2640 norum
498 2608 731 2652 assignatus
757 2609 836 2643 illic
862 2607 1030 2652 aderat),
1063 2609 1149 2654 ipse
1183 2608 1303 2643 etiam
1330 2609 1684 2645 christianissimus
1707 2610 1828 2656 impe-

329 2655 442 2687 rator
459 2652 651 2690 Nicaeam
678 2657 790 2691 venit
817 2660 855 2691 et
882 2656 1031 2692 sanctis
1050 2656 1234 2702 patribus
1253 2656 1402 2691 assedit
1429 2659 1468 2691 et
1486 2657 1692 2702 inquirere
1713 2658 1828 2693 iussit

331 2709 436 2744 quae
463 2700 615 2737 diceret
633 2702 754 2739 Arius
780 2713 828 2739 ac
855 2704 1089 2748 diiudicare,
1116 2714 1212 2739 num
1241 2704 1338 2749 quid
1364 2714 1388 2739 a
1415 2707 1526 2739 recta
1552 2706 1753 2740 sententia
1779 2715 1827 2741 ea

294 2750 315 2786 7
330 2747 580 2784 aberrarent.
632 2750 691 2785 Illi
719 2761 808 2786 cum
836 2752 1139 2797 inquisivissent
1165 2754 1204 2787 et
1230 2758 1421 2787 accurate
1439 2762 1523 2787 rem
1543 2753 1826 2797 excussissem,

330 2794 454 2830 filium
490 2797 669 2833 eiusdem
706 2809 797 2834 culn
833 2803 949 2845 patre
984 2803 1157 2835 naturae
1192 2803 1231 2835 et
1264 2799 1472 2844 dignitatis
1506 2803 1545 2835 et
1578 2801 1827 2836 aeternitatis

330 2852 418 2878 esse
443 2843 682 2890 docuerunt,
707 2846 848 2882 Arium
874 2857 973 2883 vero
1001 2857 1091 2883 cum
1117 2848 1200 2883 suis
1226 2848 1493 2883 sectatoribus
1513 2858 1534 2884 e
1555 2853 1673 2884 coctu
1697 2848 1827 2885 ortho-

331 2890 531 2927 doxorum
557 2894 721 2939 publico
748 2896 967 2941 praeconio
995 2896 1212 2932 eiecerunt.
