2054 3282
347 266 415 303 132
732 263 913 302 ZONAR.
941 262 1071 301 ΕΡΙΤ.
1098 261 1190 301 XIV
1216 264 1249 310 2,
1275 261 1403 310 28-3‚
1429 262 1462 299 4.

346 389 719 445 ἐπιβουλευόμενος
761 387 877 442 παρὰ
921 392 993 442 τῆς
1029 386 1268 441 βασιλίσσης
1299 386 1531 440 Ἀριάδνης,
1577 385 1733 432 εἰδότος
1771 385 1842 427 καὶ

228 461 259 496 Β
286 461 331 496 29
346 458 564 512 Ζήνωνος,
597 457 699 498 ἀλλά
730 456 817 511 μὴν
847 456 918 497 καὶ
939 455 1149 509 ΙΙελάγιον
1169 454 1241 496 τὸν
1263 455 1492 508 πατρίκιον,
1525 454 1660 508 ἄνδρα
1691 454 1840 508 λογιώ-

344 527 465 568 τατόν
495 542 537 567 τε
568 525 639 567 καὶ
671 525 944 578 δικαιότατον,
975 530 1036 578 τῷ
1066 523 1145 578 μὲν
1178 524 1327 571 δοκεῖν,
1360 522 1603 577 ἑλληνισμὸν
1634 523 1750 576 αὐτῷ
1775 523 1840 576 ε’γ-

285 599 332 633 30
344 595 502 648 καλῶν,
534 599 583 649 τῇ
617 591 652 635 δ’
687 594 876 648 ἀληθείᾳ,
909 592 1006 639 τοὺς
1037 593 1230 647 ἐλέγχους
1263 591 1465 633 ἐκκλίνων
1491 592 1636 632 αὐτοῦ·
1670 592 1843 646 γνώμης

285 668 328 702 31
346 662 424 717 γὰρ
466 664 528 704 ὢν
569 663 794 716 ἐλευθέρας
834 662 980 716 ἤλεγχε
1016 661 1089 707 τὰς
1128 661 1322 706 ἀνοσίους
1357 660 1528 714 πράξεις
1567 661 1710 701 αὐτοῦ.
1772 660 1878 701 καὶὸ

344 732 496 777 ἄλλους
529 731 573 772 δὲ
604 731 818 776 πλείστους
849 731 1008 784 ἄνδρας
1038 734 1123 772 τῶν
1153 733 1400 784 περιφανῶν
1431 729 1455 770 ὁ
1477 729 1667 783 ἔχθιστος
1689 728 1843 783 Ζήνων

345 799 536 840 ἀπώλεσε
574 799 645 840 καὶ
684 799 741 844 εἷς
779 799 955 852 αἱρέσεις
992 798 1183 839 ἀπέκλινε
1214 798 1285 839 καὶ
1317 797 1542 852 ἀθεμίτους
1572 797 1743 851 πράξεις
1773 797 1843 838 καὶ

346 868 662 922 διεφθαρμένην
689 867 823 922 ζωήν·
857 866 928 908 καὶ
950 868 1062 908 οὕτω
1084 866 1202 922 βιοὺς
1223 867 1371 921 βιαίως
1402 866 1618 920 ἀπερράγη
1650 869 1724 907 τοῦ
1757 867 1842 921 ζῆν.

285 936 369 978 326
402 936 447 977 δὲ
477 937 633 991 τρόπος
664 940 735 991 τῆς
765 936 914 977 τούτου
950 936 1136 991 τελευτῆς
1173 935 1432 989 ἀντιλέγεται·
1479 935 1518 975 οἱ
1546 934 1625 988 μὲν
1656 934 1736 989 γὰρ
1768 950 1842 988 γα-

345 1005 613 1060 στριζόμενον
651 1005 779 1046 αὐτόν
818 1021 920 1059 φασι
951 1004 1022 1046 καὶ
1051 1004 1265 1059 μεθύοντα
1297 1006 1382 1044 τῶν
1412 1019 1454 1044 τε
1485 1006 1656 1057 φρενῶν
1687 1003 1842 1051 ἐξίστα-
1860 1008 1904 1042 10

285 1080 331 1115 33
345 1075 446 1116 σθαι
482 1073 554 1115 καὶ
592 1074 897 1115 καταπίπτοντα
936 1073 1070 1128 μηδὲν
1109 1073 1320 1127 διαφέρειν
1356 1075 1520 1127 νεκροῦ.
1588 1072 1844 1126 μισούμενον

303 1143 391 1185 Οδὲ
423 1143 493 1185 καὶ
524 1140 594 1184 ὑπ’
629 1143 756 1197 αὐτῆς
786 1147 859 1197 τῆς
896 1147 1075 1197 γαμετῆς
1112 1142 1240 1182 αὐτοῦ
1268 1140 1500 1195 Ἀριάδνης,
1546 1141 1682 1187 οὕτως
1719 1142 1842 1182 οἰνω-

345 1212 472 1253 θέντα
503 1211 603 1253 ποτὲ
635 1212 696 1257 ὡς
728 1211 810 1266 ἤδη
843 1211 1028 1252 θανόντα
1060 1211 1235 1263 λάρνακι
1265 1213 1351 1251 τῶν
1381 1209 1609 1264 βασιλικῶν
1630 1209 1844 1264 ἐντεθῆναι
2049 1258 2054 1267 ,ι

345 1278 445 1335 παρ’
480 1281 652 1335 ἐκείνης,
697 1281 767 1322 καὶ
799 1281 946 1322 αὐτίκα
977 1279 1048 1321 τὸν
1080 1279 1440 1333 ἐπιπωματίζοντα
1471 1278 1623 1333 ταύτην
1652 1279 1893 1332 μέγιστονΙ)
1914 1282 2054 1321 111‘258

286 1356 332 1390 34
345 1349 465 1391 λίθον
497 1350 733 1404 ἐπιτεθῆναι
765 1350 887 1404 αὐτῇ·
920 1348 992 1390 τὸν
1024 1348 1069 1389 δὲ
1101 1349 1373 1402 ἀνανήψαντα
1405 1348 1513 1402 βοᾶν
1542 1346 1620 1401 μὲν
1650 1346 1721 1388 καὶ
1749 1347 1842 1388 ὀλο-
1859 1349 1903 1384 Ῑῖ)

345 1418 557 1472 φύρεσθαι
589 1418 777 1472 ἔνδοθεν,
817 1419 988 1473 μήτινος
1021 1415 1057 1458 δ’
1092 1416 1459 1471 ἐπιστρεφομένου,
1505 1416 1684 1469 οἰκτρῶς
1715 1416 1844 1457 ἐκεῖσε

285 1494 332 1530 35
348 1487 500 1528 θανεῖν.
563 1488 603 1528 οἶ
642 1487 688 1528 δὲ
726 1487 960 1542 νοσήσαντά
999 1502 1102 1541 φασι
1139 1486 1210 1527 καὶ
1247 1485 1540 1540 περιωδυνίαις
1585 1483 1844 1539 βαλλόμενον

346 1635 368 1669 8
394 1634 534 1681 τελευτὴ
559 1635 729 1681 Ζήνωνος
755 1635 872 1681 (ζήνος
898 1635 944 1678 Ε)
972 1634 1034 1671 CE

416 1763 439 1798 2
464 1763 525 1799 καὶ
553 1774 627 1799 om.
654 1764 685 1798 Β
793 1764 814 1799 6
839 1764 1021 1803 πλείστους
1047 1768 1118 1798 τῶν
1142 1767 1351 1808 περιφανῶν
1376 1762 1517 1807 ἀνδρῶν
1544 1761 1641 1808 pr
1738 1762 1760 1797 9
1785 1761 1845 1798 αὐ-

419 1817 480 1846 τοῦ
506 1811 605 1857 pr
730 1812 771 1847 11
798 1813 881 1858 μήτι
908 1811 972 1848 BC
1097 1811 1141 1846 13
1166 1811 1347 1856 ἐντεθῆναι
1373 1810 1442 1845 ΑΕ
1468 1813 1519 1851 (v.
1547 1810 1758 1855 Ephraem.
1785 1820 1844 1845 vs.

418 1860 536 1903 1038),
563 1860 784 1906 ἐμβληθῆναι
805 1860 902 1906 pr
992 1860 1046 1894 14.
1063 1859 1107 1894 15
1133 1860 1238 1904 ταύτη
1256 1859 1359 1893 λίθον
1375 1858 1537 1903 μέγιστον
1556 1858 1586 1892 Ε
1678 1858 1721 1892 15
1746 1858 1843 1902 αὐτῷ

417 1907 503 1953 Wssp
530 1909 668 1943 invitis
695 1908 765 1943 AR.
874 1909 918 1943 16
944 1912 1035 1953 post
1060 1907 1190 1952 ἐπιστρ.
1219 1907 1310 1942 add.
1337 1906 1444 1941 αὐτοῦ
1471 1905 1545 1950 BC,
1572 1906 1667 1950 αὐτῷ
1695 1905 1730 1940 D
1757 1905 1843 1947 (sed

417 1956 513 2000 αὐτῷ
541 1956 582 1990 in
610 1956 749 1991 codiee
777 1959 822 1991 ut
848 1957 994 1991 falsum
1021 1959 1185 1990 notatur
1212 1965 1235 1989 a
1268 1954 1349 1998 Wo)
1463 1954 1576 1988 ἐκεῖσε
1602 1953 1683 1997 AR,
1709 1953 1844 1988 ἐκεῖνον

417 2003 626 2047 Ῑ),,ἒκεῖνον
651 2004 764 2038 ἐκεῖσε
790 2004 874 2050 W³²p
976 2004 1018 2039 17
1044 2004 1282 2047 περιωδινίαις
1308 2001 1443 2048 Bpr

345 2137 528 2181 sectarat,
556 2135 666 2182 quod
692 2135 767 2171 sibi
786 2136 837 2171 ab
858 2137 1003 2182 regina
1020 2134 1212 2179 Ariadne,
1240 2134 1400 2169 conscio
1421 2137 1460 2169 et
1478 2133 1649 2177 Zenone,
1676 2132 1843 2167 insidias

285 2185 331 2220 29
346 2185 482 2231 parari
514 2187 697 2228 noverat,
736 2187 820 2219 tum
854 2185 973 2219 etiam
1000 2183 1211 2228 Pelagium
1238 2182 1463 2228 patricium,
1503 2181 1635 2216 virum
1662 2180 1843 2215 eruditis-

345 2234 488 2268 simum
516 2235 554 2268 et
583 2232 856 2276 iustissimum,
895 2231 1149 2267 simulatione
1183 2230 1423 2276 paganismi,
1465 2239 1556 2264 eum
1590 2238 1634 2263 re
1668 2237 1768 2263 vera
1799 2228 1843 2263 ti-

285 2281 332 2316 30
344 2284 481 2324 meret,
514 2290 566 2316 ne
590 2280 642 2315 ab
669 2279 733 2315 illo
761 2280 1079 2325 vituperaretur3
1113 2289 1207 2314 nam
1234 2288 1325 2312 eum
1350 2278 1415 2312 ille
1442 2279 1547 2312 esset
1573 2275 1706 2311 animo
1732 2276 1843 2320 inge-

285 2329 329 2364 31
345 2339 439 2372 nuo,
478 2334 608 2374 prava
647 2328 733 2362 eius
772 2328 956 2363 facinora
996 2326 1331 2372 reprehendebat.
1391 2325 1589 2359 Plurimos
1629 2326 1841 2369 praeterea

346 2377 519 2412 illustres
545 2376 655 2411 viros
674 2375 780 2410 Zeno
799 2375 864 2410 ille
892 2375 1168 2410 odiosissimus
1194 2373 1395 2408 interfecit
1422 2375 1460 2408 et
1487 2372 1539 2407 ad
1565 2371 1752 2407 haereses
1778 2371 1842 2406 ‹le-

347 2424 512 2459 elinavit
549 2426 587 2459 et
626 2423 678 2458 ad
713 2423 897 2458 facinora
932 2423 1112 2458 nefanda
1153 2425 1192 2457 et
1229 2421 1281 2455 ad
1320 2422 1444 2456 vitam
1489 2418 1841 2464 corruptissimam.

285 2472 332 2507 32
346 2471 481 2516 Atque
506 2482 598 2506 cum
624 2472 681 2506 ita
707 2471 886 2515 vixisset,
912 2471 1092 2506 violenta
1118 2472 1245 2504 morte
1271 2470 1400 2514 periit.
1452 2468 1540 2509 Qua
1568 2477 1665 2502 vero
1686 2466 1844 2501 ratione

347 2529 399 2554 ex
426 2520 511 2554 vita
537 2519 767 2561 excesserit,
809 2518 1071 2562 dissentiunt,
1109 2528 1202 2552 uam
1229 2517 1296 2552 alii
1328 2527 1420 2552 eum
1453 2515 1592 2550 dieunt
1625 2514 1714 2549 cibo
1742 2523 1845 2548 eom-

347 2567 498 2613 pletum
525 2570 564 2602 et
597 2567 753 2602 ebrium
786 2569 922 2601 mente
953 2566 1129 2601 alienata
1162 2565 1292 2599 solere
1326 2574 1414 2599 esse
1445 2572 1579 2607 neque
1612 2561 1844 2607 prolapsum

286 2615 332 2650 33
348 2615 570 2660 quidquam
597 2625 621 2649 a
645 2617 804 2649 mortuo
825 2614 997 2649 differre.
1050 2613 1148 2648 Cum
1176 2617 1311 2648 autem
1339 2611 1430 2647 odio
1459 2613 1562 2646 esset
1588 2612 1626 2644 et
1651 2610 1727 2655 ipsi
1754 2619 1846 2644 con-

348 2663 434 2708 iugi
452 2662 668 2705 Ariadnae,
697 2672 790 2697 eum
808 2662 864 2696 ita
886 2661 1134 2697 vinolentum
1163 2660 1382 2705 aliquando
1410 2669 1482 2704 pro
1510 2660 1668 2692 mortuo
1697 2657 1739 2691 in
1765 2666 1844 2691 mo-

347 2713 583 2745 numentum
623 2710 782 2755 regium
820 2709 872 2744 ab
910 2709 977 2744 illa
1016 2709 1247 2754 impositum
1286 2717 1374 2743 esse
1412 2707 1627 2750 statimque
1668 2703 1844 2749 lapidem

347 2758 578 2800 maximum,
618 2758 686 2803 qui
720 2761 824 2793 esset
853 2767 926 2802 pro
953 2756 1153 2802 operculo,
1193 2766 1279 2791 esse
1307 2754 1606 2800 superpositum
1631 2762 1656 2786 a
1681 2752 1843 2797 regina3

287 2805 335 2840 34
348 2815 488 2850 regem
499 2815 596 2841 vero
613 2806 794 2841 sobrium
810 2805 961 2840 factum
977 2804 1170 2839 clamasse
1186 2804 1374 2848 intusque
1390 2802 1656 2836 vociferatum
1672 2810 1759 2835 esse
1771 2799 1842 2834 sed

288 2853 334 2888 35
349 2863 440 2888 eum
472 2863 589 2888 nemo
623 2853 988 2895 animadvertisset,
1025 2852 1169 2886 misere
1207 2851 1285 2885 illie
1322 2851 1499 2895 periisse.
1549 2846 1627 2882 Alii
1658 2857 1756 2882 vero
1788 2847 1843 2882 di—

349 2903 446 2936 eunt
472 2910 576 2945 eum,
604 2911 695 2935 cum
720 2901 761 2935 in
787 2900 971 2935 morbum
990 2899 1195 2934 incidisset
1217 2901 1255 2933 et
1273 2898 1478 2933 doloribus
1497 2897 1716 2931 iactaretur
1735 2904 1842 2930 acer·

351 2948 533 2993 bissimis,
575 2948 806 2984 videntibus
838 2948 1013 2994 speeiem
1045 2948 1191 2982 mortui
1224 2946 1460 2993 praebuisse
1492 2951 1613 2989 atque
1640 2943 1695 2978 ita
1721 2943 1842 2989 impo-
