2054 3282
460 247 695 295 MICHAEL
719 253 783 295 VI.
810 251 1188 295 STRATIOTICVS
1213 252 1527 294 IMPERATOR.
1671 255 1742 294 653

248 377 357 433 πρὸς
386 381 508 420 τοῦτο
539 379 652 434 σφίσι
683 380 938 435 κατάλληλος
963 379 989 422 ὅ
1009 378 1316 435 Στρατιωτικὸς
1337 378 1523 435 Μχαήλ,
1555 379 1662 435 ἀνὴρ
1694 380 1742 421 ἐκ

251 445 482 495 Βυζαντίου
511 446 591 502 μὲν
621 448 819 502 γεγονώς,
850 447 958 503 πρὸς
981 448 1244 503 πραγμάτων
1266 447 1310 490 δὲ
1331 447 1403 490 καὶ
1422 447 1625 503 τοσαύτης
1646 449 1742 503 ἥγε-

247 514 397 567 μονίας
437 516 709 571 μεταχείρισιν
747 516 1040 571 ἀποπεφυκὼς
1078 517 1126 559 ἔκ
1163 532 1206 558 τε
1244 521 1426 572 φυσικῆς
1457 517 1642 564 νωθείας
1671 517 1743 559 καὶ

247 582 441 637 ἀφελείας
471 584 542 625 καὶ
574 584 641 627 διὰ
671 583 830 640 χρόνου
860 589 1011 640 μῆκος,
1043 586 1068 627 ὃ
1089 589 1139 640 τῇ
1161 585 1321 627 ἐκείνου
1342 585 1607 640 παρεξετάθη
1639 586 1742 641 ζωῇ.

211 651 330 706 ὅῆδη
354 651 434 707 γὰρ
456 653 509 695 οὗ
534 653 672 707 γέρων
702 652 768 708 ἧν,
801 653 863 700 ὡς
892 653 1008 708 παρὰ
1040 658 1113 696 τοῦ
1147 654 1378 709 δημώδους
1407 654 1601 709 πλήθους
1633 654 1779 697 (Σινά-8
1804 660 1840 696 D

246 735 395 775 μαστο,
441 720 543 762 ἀλλὰ
581 720 829 776 πρεσβύτης.
890 726 1038 764 τοῦτον
1070 721 1146 764 οὗν
1175 723 1368 764 πείθουσι
1399 722 1473 778 τὴν
1510 721 1743 778 Θεοδώραν

247 789 586 845 ἀντικαταστῆσαι
622 794 672 846 τῇ
708 790 907 845 βασιλείᾳ.
969 792 995 846 ἡ
1029 790 1075 832 δὲ
1106 791 1252 833 αὐτίκα
1283 796 1431 833 ταινιοῖ
1456 796 1518 846 τῷ
1547 792 1779 847 βασιλείῳθ

246 856 319 899 τὸν
338 857 513 914 ᾹῙιχαὴλ
534 858 770 914 διαδήματι,
801 859 1008 914 πρότερον
1037 860 1196 914 ὁρκίοις
1215 861 1623 915 προκαταληφθέντα
1646 877 1741 916 φρι-

247 926 403 968 κώδεσι
422 927 520 982 μήτι
544 931 617 982 τῆς
648 928 820 970 ἐκείνων
851 929 1025 983 γνώμης
1055 929 1187 984 χωρὶς
1218 929 1284 971 ἐπὶ
1314 933 1402 976 ταῖς
1431 934 1504 985 τῆς
1534 930 1743 984 βασιλείας

187 1002 235 1038 10
246 995 609 1050 οἰκονομήσασθαι
631 996 889 1050 διοικήσεσιν.
934 996 999 1039 ἐπὶ
1020 997 1180 1044 τούτοις
1199 998 1274 1053 τὴν
1294 999 1484 1054 βασιλίδα
1507 998 1555 1040 τὸ
1576 1002 1741 1054 πνεῦμα
1758 1005 1804 1042 10

245 1063 421 1119 ἐπέλιπε,
452 1066 784 1120 μοναρχήσασαν
815 1067 906 1113 ἔτος
936 1067 982 1108 ἓν
1013 1066 1079 1108 ἐπὶ
1110 1067 1227 1109 ε’ννέα
1259 1067 1399 1122 μησίν.

627 1491 803 1536 LIBER
835 1491 1362 1538 DVODEVICESIMVS.

354 1612 438 1656 ’Ὸν
468 1611 545 1655 οὖν
575 1613 730 1668 εἴρηται
761 1612 917 1668 τρόπον
948 1613 973 1655 ὁ
1003 1613 1239 1670 πρεσβύτης
1259 1613 1434 1670 Μιχαὴλ
1463 1615 1740 1671 αὐτοκράτωρ
1759 1620 1779 1661 1
1797 1617 1966 1682 {5111121653’302

245 1682 503 1738 ἀναρρηθεὶς
543 1685 629 1729 τοῖς
669 1682 749 1737 μὲν
790 1686 863 1738 τῆς
899 1684 1119 1739 γερουσίας
1156 1684 1228 1725 καὶ
1264 1688 1326 1738 τῷ
1365 1684 1555 1739 δημώδει
1590 1685 1742 1740 πλήθει

34 1761 72 1799 D
90 1761 145 1800 IV
165 1761 232 1798 183
245 1751 316 1794 καὶ
346 1750 462 1806 παρὰ
498 1750 545 1793 τὸ
582 1755 801 1807 προσῆκον
838 1750 956 1794 ὦπτο
993 1751 1319 1807 φιλοτιμότατος,
1365 1753 1540 1795 ἕκαστον
1582 1753 1743 1796 τούτων

246 1882 292 1918 10
316 1881 455 1927 τελευτὴ
481 1885 540 1927 τῆς
563 1882 744 1928 βασιλίδος
773 1882 966 1927 Θεοδώρας
993 1881 1056 1918 ΟΕ
1200 1882 1244 1917 12
1267 1882 1426 1929 βασιλεία
1452 1883 1599 1929 ᾹΙιχαὴλ
1626 1884 1741 1928 Στρα-

244 1934 411 1966 τιωτικοῦ
442 1934 505 1965 τοῦ
539 1930 699 1976 γέροντος
723 1928 805 1975 ΑΕ,
841 1930 1001 1976 βασιλεία
1034 1934 1094 1965 τοῦ
1119 1930 1384 1975 Στρατιωτικοῦ
1417 1931 1459 1975 (τ.
1486 1945 1559 1976 στρ.
1588 1942 1663 1967 om.
1692 1931 1742 1974 D)

245 1977 393 2024 Μιχαὴλ
419 1981 480 2013 τοῦ
506 1977 668 2023 γέροντος
696 1979 737 2019 (τ.
763 1991 836 2023 γερ.
864 1988 940 2014 om.
967 1977 1012 2020 C)
1039 1977 1119 2023 CD,
1146 1978 1306 2024 βασιλεία
1330 1978 1475 2025 ᾹῙιχαήλ
1501 1978 1532 2014 Β

319 2097 336 2132 1
364 2098 463 2142 σφίσι
492 2106 568 2132 om.
596 2095 627 2132 B
763 2096 952 2143 στρατηγὸς
978 2097 1014 2133 D
1139 2098 1162 2133 2
1188 2101 1277 2144 post
1302 2098 1362 2133 καὶ
1391 2097 1482 2133 add.
1508 2103 1613 2134 ταῦτα
1642 2097 1741 2144 pr

317 2146 340 2180 3
363 2145 598 2190 μεταχείρισιν
623 2143 707 2187 AR,
731 2147 980 2190 μεταχείρησιν
1007 2145 1184 2191 Dwap,
1212 2156 1286 2181 om.
1315 2145 1343 2182 C
1531 2146 1554 2180 4
1579 2146 1742 2191 ἀφελείας

316 2190 485 2239 prDi,
511 2192 672 2237 ἀμελείας
697 2192 744 2237 A,
770 2193 884 2239 ἀφελῆ
910 2192 1025 2229 Cedr.
1044 2194 1114 2229 Le.
1135 2204 1170 2239 p.
1184 2194 1302 2237 612,ss
1398 2192 1430 2238 ὂ]
1459 2194 1480 2239 ἣ
1507 2192 1537 2230 C
1634 2194 1656 2228 6
1681 2195 1742 2239 βα-

316 2240 472 2276 σίλισσαν
496 2239 560 2277 BC
570 2240 637 2276 Wo
661 2239 728 2276 lat.
824 2241 847 2276 8
870 2241 1212 2287 προκαταληφθέντα
1238 2241 1443 2287 AprDi,
1470 2242 1741 2287 καταληφθέντα

317 2287 398 2333 DE,
425 2298 462 2324 V.
488 2287 541 2323 ad
566 2287 678 2323 XVII
701 2287 759 2333 26,
785 2287 829 2323 21
984 2289 1006 2324 9
1032 2288 1105 2334 τῆς]
1129 2294 1171 2334 τῆ
1197 2289 1228 2324 Ε
1374 2289 1414 2323 ll
1444 2289 1576 2330 ἐξέλιπε
1605 2288 1740 2335 DEW1)

317 2335 363 2371 12
387 2335 449 2371 οὖν
467 2334 612 2382 Asswp,
639 2335 672 2370 δ’
690 2334 738 2381 D,
765 2346 840 2372 om.
867 2335 901 2372 R
999 2336 1044 2372 14
1070 2336 1345 2382 φιλοτιμώτατος
1366 2336 1474 2382 Ewp‚
1501 2347 1538 2372 V.
1565 2348 1602 2383 p.
1618 2337 1701 2381 655,
1718 2336 1742 2372 4

245 2456 419 2501 notione,
458 2456 520 2491 vir
546 2454 768 2501 Byzantius
802 2455 868 2491 ille
904 2455 1078 2501 quidem,
1120 2455 1191 2491 sed
1226 2455 1278 2491 ad
1312 2456 1516 2502 gerendas
1549 2467 1614 2491 res
1639 2457 1740 2492 tanti

245 2503 479 2550 praesertim
508 2504 758 2550 principatus
784 2506 868 2539 tum
896 2504 947 2539 ob
974 2504 1200 2539 naturalem
1233 2504 1458 2539 socordiam
1487 2508 1526 2539 et
1558 2503 1740 2549 simplici-

245 2556 380 2594 tatem,
406 2555 490 2586 tum
518 2550 570 2586 ob
597 2555 771 2587 aetatem
798 2551 1071 2597 longissimam
1100 2552 1272 2596 ineptus.
1323 2550 1463 2597 Neque
1482 2553 1587 2587 enim
1614 2554 1776 2589 senex8

245 2603 344 2641 erat,
381 2603 427 2634 ut
462 2598 587 2645 vulgo
626 2598 864 2643 vocabatur,
904 2598 975 2634 sed
1015 2609 1143 2644 paene
1183 2599 1424 2644 decrepitus.
1489 2598 1741 2635 Persuadent

245 2647 370 2692 igitur
387 2646 639 2691 'rm—odorae,
665 2650 710 2681 ut
730 2645 963 2682 Michaiilem
983 2646 1022 2681 in
1044 2647 1210 2692 imperio
1235 2646 1420 2691 collocet3
1447 2656 1471 2681 a
1498 2657 1580 2692 qua
1605 2647 1738 2682 statim
1753 2649 1776 2684 9

245 2694 474 2730 diademate
500 2693 708 2730 redimitus
735 2698 805 2738 est,
844 2694 1096 2728 sanctissimo
1130 2694 1240 2739 prius
1275 2694 1537 2729 iureiurando
1570 2695 1741 2730 adactus

244 2752 287 2778 se
315 2742 412 2777 nihil
437 2743 523 2778 sine
549 2741 707 2777 illorum
734 2751 935 2777 consensu
961 2742 1001 2776 in
1028 2742 1152 2786 regiis
1171 2741 1587 2777 administrationibus
1606 2742 1740 2777 decre-

245 2793 392 2825 turum.
459 2788 614 2831 Quibus
652 2789 774 2825 rebus
814 2789 987 2835 peractis
1026 2790 1208 2834 reginam
1248 2789 1412 2834 spiritus
1451 2789 1610 2834 defecit,
1649 2799 1738 2825 cum
1755 2792 1801 2828 10

245 2847 395 2873 annum
423 2840 464 2873 et
490 2835 545 2871 lx
570 2847 728 2872 menses
755 2840 977 2881 regnasset.

365 2886 396 2920 1.
446 2884 642 2921 chumn
668 2894 793 2919 senex
814 2884 887 2919 hoc
906 2883 1026 2919 modo
1045 2884 1265 2930 imperator
1287 2884 1514 2931 appellatus
1531 2888 1740 2920 senatores

245 2936 284 2969 et
310 2933 508 2980 plebeiam
534 2931 830 2967 multitudinem
858 2932 975 2967 nimis
1003 2931 1179 2978 benigne
1199 2933 1399 2978 tractavit,
1430 2933 1481 2968 ad
1497 2933 1740 2979 dignitatum
