2054 3282
345 222 415 260 296
713 220 894 259 ZONAR.
922 221 1051 258 EPIT.
1079 219 1150 257 XV
1177 219 1233 266 12,
1259 218 1411 265 21-13,
1436 219 1469 256 6.

133 346 332 383 1211119A
346 345 433 386 ἀντὶ
463 349 535 400 τῆς
565 345 772 400 βασιλείου
802 344 948 398 στολῆς
968 342 1236 397 μσναζούσης
1258 343 1394 397 ἅμφια
1416 342 1589 396 μέλανα,
1627 340 1839 397 Θεοδότην

344 413 430 454 τινὰ
463 414 822 468 κουβικουλαρέαν
849 413 1005 457 ἐκεῖνος
1027 411 1214 465 ἠγάγετο,
1247 411 1495 464 Αὐγούσταν
1517 412 1672 465 στέψας
1694 411 1834 465 αὐτήν.

285 485 331 520 22
464 481 547 523 Καὶ
590 481 695 522 κατὰ
739 486 824 521 τῶν
857 480 1053 534 Ἀράβων
1097 479 1413 532 ἐπιστρατεύσας
1455 479 1654 533 τρόπαιον
1697 481 1837 534 ἵστησι.

285 552 330 587 23
343 555 416 592 τοῦ
447 551 586 604 μέντοι
619 549 870 602 Καρδάμου,
916 549 964 589 ὃν
996 548 1020 589 ὁ
1051 548 1174 601 λόγος
1205 553 1290 589 τῶν
1323 547 1586 601 Βουλγάρων
1618 547 1840 601 ἐγνώρισεν

344 618 543 672 ἀρχηγόν,
585 618 748 672 φόρους
786 617 1056 662 ἀπαιτοῦντος
1095 617 1211 670 αὐτῷ
1241 616 1443 658 τελεῖσθαι
1474 615 1589 670 παρὰ
1617 615 1875 670 Ῥωμαίων5

343 686 414 728 καὶ
443 686 536 740 περὶ
569 686 729 726 τούτων
771 685 1121 739 διαπεμψαμένου
1158 683 1266 738 πρὸς
1304 684 1375 726 τὸν
1418 688 1664 739 κρατοῦντα,
1708 685 1734 739 ἢ
1758 683 1840 739 ’τὴν

350 754 524 808 Θρᾴκην
556 754 651 807 ἄχρι
683 758 755 808 τῆς
785 753 951 799 πόλεως
985 753 1250 799 ἀπειλοῦντος
1289 753 1525 807 ληίσασθαι,
1570 753 1726 799 ἐκεῖνος
1764 752 1838 794 κό-

343 838 452 875 προν
483 821 724 875 ὑποζυγίων
755 827 816 875 τῷ
847 821 1058 876 βαρβάρῳ
1096 822 1340 875 ἀπέστειλεν,
1381 822 1603 867 ἐπιστείλας
1634 822 1751 876 αὐτῷ
1781 821 1842 863 ὅτι

344 891 512 944 ς’γέρων
544 890 581 931 εἴ
608 890 679 931 καὶ
709 890 769 944 μὴ
793 891 998 945 κοπιάσῃς
1021 891 1203 932 ἐνταῦθα
1227 890 1474 944 ἐρχόμενος·
1510 889 1594 944 ἐγὼ
1618 889 1663 932 δὲ
1682 890 1842 944 μᾶλλον

284 960 331 995 24
345 959 564 1012 ἐλεύσομαι
596 958 661 999 ἐπὶ
692 959 782 1000 σέ.”
843 959 913 1000 καὶ
946 959 1091 1000 αὐτίκα
1117 958 1190 1005 τὰς
1207 958 1446 1013 Ῥωμαϊκὰς
1478 959 1683 1012 ἀθροίσας
1715 958 1840 1000 δυνά·
1858 963 1902 998 10

343 1044 434 1081 μεις
465 1027 586 1082 ἀπῄει
623 1027 727 1068 κατὰ
760 1027 1035 1081 Βουλγάρων,
1076 1027 1146 1068 καὶ
1177 1027 1258 1081 ἤδη
1291 1027 1465 1082 πλησίον
1497 1027 1688 1082 ἀλλήλων
1726 1043 1841 1082 γενο-

345 1097 488 1150 μένων
530 1100 616 1137 τῶν
660 1096 980 1150 στρατευμάτων
1017 1095 1087 1137 καὶ
1124 1100 1197 1137 τοῦ
1234 1095 1440 1150 βασιλέως
1478 1097 1535 1141 εἰς
1565 1095 1706 1150 μάχην
1736 1105 1842 1150 προ-

300 1165 611 1219 Βκαλουμένου
655 1163 751 1211 τοὺς
793 1164 1051 1219 βαρβάρους,
1096 1165 1119 1205 ὁ
1162 1164 1394 1218 Κάρδαμος
1432 1163 1507 1205 σὺν
1549 1167 1633 1210 τοῖς
1669 1164 1844 1210 ὀἰκείοις

288 1234 333 1271 25
349 1232 640 1278 ἀποδειλιάσας
679 1232 952 1286 στρατεύμασι
993 1231 1131 1287 φυγὰς
1162 1233 1306 1286 ᾤχετο.
1369 1230 1471 1273 ἀλλὰ
1503 1231 1574 1273 καὶ
1606 1233 1645 1273 οἱ
1666 1231 1845 1286 Ἄραβες

349 1300 454 1342 κατὰ
486 1305 559 1342 τοῦ
585 1301 785 1356 Ἆμορίου
817 1302 1085 1355 χωρήσαντες
1118 1301 1242 1342 οὐδέν
1273 1317 1307 1342 τι
1340 1301 1463 1355 ἔσχον
1493 1300 1601 1354 πρὸς
1631 1300 1705 1355 τὴν
1725 1300 1844 1342 πόλιν
1860 1303 1904 1339 15

350 1369 564 1424 ἀνύσιμον,
597 1370 708 1411 λείαν
741 1369 786 1411 δὲ
817 1369 1012 1424 λαβόντες
1042 1371 1320 1423 ὑπέστρεψαν.

349 1529 373 1564 4
398 1531 447 1565 ὅτι
473 1528 563 1565 κατὰ
589 1530 808 1576 Βουλγάρων
833 1531 852 1564 ὁ
876 1528 1039 1576 βασιλεὺς
1065 1529 1329 1574 ἐξεστράτευσεν
1356 1528 1385 1566 C

422 1679 445 1714 2
470 1679 770 1725 κουβικουλαρέαν
796 1677 901 1714 ACD
929 1678 1107 1724 Theoph.
1135 1679 1152 1714 I
1180 1690 1216 1724 p.
1243 1679 1323 1722 470,
1351 1679 1383 1722 2,
1422 1679 1721 1724 κουβικουλαριάν
1747 1679 1845 1724 pr

422 1727 445 1762 3
470 1727 530 1762 καὶ
555 1726 634 1771 AE,
661 1726 732 1762 εἶτα
760 1726 856 1771 pr
1013 1732 1084 1762 τῶν
1109 1726 1257 1772 Apr,
1284 1732 1343 1772 τῆς
1368 1725 1424 1762 Di
1575 1727 1783 1771 στρατεύσας
1811 1726 1846 1761 D

422 1775 446 1809 4
470 1775 491 1810 ὃ
516 1785 590 1810 om.
617 1773 702 1820 W*p
729 1775 866 1809 invitis
891 1773 961 1809 AR
1074 1775 1095 1810 6
1122 1776 1242 1810 τούτου
1269 1775 1367 1820 pr
1467 1775 1756 1820 διαπεμψάμενος
1782 1774 1847 1809 vel

423 1822 717 1867 διαπεμψάμενον
735 1821 765 1856 Β
863 1822 886 1858 8
910 1822 1104 1857 ἀπέστειλεν
1121 1822 1212 1858 RDi
1238 1825 1289 1864 (V.
1308 1823 1359 1857 ad
1374 1822 1470 1857 XIII
1486 1823 1516 1865 1,
1533 1822 1580 1864 5),
1606 1822 1783 1857 ἀπέστειλε
1801 1821 1847 1866 A,

423 1870 608 1905 ἔπίστειλεν
635 1869 702 1913 W*,
728 1870 920 1905 ἐπέστειλεν
947 1869 994 1915 ρ*
1075 1871 1120 1905 10
1144 1869 1240 1905 ἒπισὲ
1265 1869 1311 1914 A,
1338 1871 1392 1905 ἐπὶ
1418 1870 1456 1905 σὲ
1481 1869 1613 1914 R(Di),
1639 1870 1734 1905 ἒπίσε
1759 1868 1846 1915 W*p

426 1918 464 1952 ll
494 1918 655 1963 πλησίων
681 1918 717 1952 D
816 1917 861 1952 12
886 1918 935 1956 εἷς
959 1917 1079 1962 μάχην
1106 1929 1181 1953 om.
1209 1918 1239 1953 O
1336 1918 1646 1963 προς-καλουμένου
1669 1917 1716 1960 D,
1745 1927 1846 1952 eorr-

424 1965 493 2004 Dw
560 1965 605 2000 13
633 1968 722 2010 post
745 1965 948 2011 βαρβάρους
974 1965 1065 2000 add.
1092 1966 1141 2004 εἷς
1165 1966 1318 2010 πόλεμον
1345 1965 1387 2009 O,
1415 1966 1468 2000 ad
1495 1966 1662 2000 bellum:
1695 1966 1762 2000 Wo
1779 1965 1846 1999 lat.

426 2012 471 2048 14
496 2013 745 2058 στρατεύμασιν
771 2013 1015 2051 ἀποδειλιάσας
1042 2013 1137 2058 Ewp
1259 2014 1302 2048 15
1328 2013 1417 2048 κατὰ
1444 2024 1518 2048 om.
1547 2013 1594 2055 D,
1622 2013 1751 2058 suppl.
1778 2012 1847 2050 Dw

467 2061 642 2106 Ἀμωρίου
669 2060 847 2106 Theoph.
875 2060 891 2095 I
919 2071 955 2106 p.
981 2061 1062 2106 470,
1090 2061 1135 2095 22
1256 2061 1344 2106 πρὸς
1370 2061 1432 2107 τὴν
1456 2061 1557 2096 πόλιν
1582 2061 1686 2106 ἔσχον
1712 2060 1743 2096 Ο

354 2234 444 2260 cum
470 2234 574 2260 uxor
602 2226 787 2260 ornat-um
814 2225 972 2270 regium
1004 2226 1132 2260 invita
1165 2235 1255 2260 cum
1289 2225 1408 2270 nigro
1442 2226 1681 2260 vestimento
1713 2235 1847 2260 mona-

352 2273 451 2307 stico
486 2275 782 2316 commutasset,
821 2272 1070 2308 Theodotam
1102 2273 1305 2318 quandam
1340 2272 1628 2307 cubiculariam
1667 2272 1783 2308 duxit
1809 2275 1849 2307 et

352 2320 556 2366 augustali
583 2330 734 2355 corona
761 2320 931 2355 ornavit.

221 2362 277 2398 22·
291 2363 338 2398 23
472 2367 570 2403 Cum
589 2366 794 2402 Arabibus
812 2378 1006 2413 prospere
1025 2368 1241 2410 dimicavit,
1264 2367 1461 2403 Cardamo
1480 2377 1591 2409 vero,
1619 2377 1736 2411 quem
1756 2366 1846 2402 Bul-

352 2425 544 2460 garorum
571 2415 792 2460 principem
820 2416 944 2450 fuisse
975 2415 1351 2457 demonstravimus,
1390 2425 1479 2449 cum
1514 2414 1658 2459 legatis
1694 2414 1746 2448 ad
1778 2414 1845 2449 im-

352 2467 580 2507 peratorem
608 2463 736 2497 missis
762 2462 1016 2508 postulasset,
1042 2466 1086 2497 ut
1113 2463 1263 2497 tributa
1282 2463 1356 2497 sibi
1376 2472 1399 2496 a
1416 2462 1604 2496 Romanis
1625 2461 1846 2506 penderen-

352 2514 428 2554 tur,
469 2510 644 2544 minatus
675 2520 730 2552 se,
769 2510 801 2545 si
827 2513 1088 2555 negarentur,
1128 2510 1340 2544 Thraciam
1366 2519 1496 2554 usque
1522 2509 1574 2543 ad
1602 2508 1753 2554 Cpolim
1780 2519 1844 2554 po-

352 2557 586 2602 pulaturum
620 2567 718 2601 esse,
755 2561 933 2593 stercora
958 2558 1227 2592 iumentorum
1254 2557 1359 2591 misit
1385 2556 1531 2591 additis
1558 2556 1709 2600 litteris,
1737 2557 1846 2601 quod

353 2615 477 2640 senex
503 2609 618 2647 esset,
647 2605 849 2640 molestias
867 2605 1020 2640 itineris
1038 2605 1116 2640 huc
1135 2605 1309 2639 faciendi
1329 2604 1365 2639 ei
1383 2615 1465 2638 non
1485 2614 1572 2639 esse
1591 2604 1845 2647 subeundas,

293 2648 338 2683 24
354 2663 445 2686 nam
465 2653 598 2697 potius
618 2662 660 2688 se
679 2653 810 2697 ipsum
830 2652 881 2687 ad
901 2663 991 2687 eum
1011 2663 1098 2687 esse
1118 2655 1344 2687 venturum.
1395 2650 1453 2686 Ac
1472 2651 1661 2686 Romanis
1683 2651 1846 2696 legioni-

352 2700 429 2734 bus
454 2700 586 2734 statim
615 2700 764 2735 coactis
791 2703 1004 2745 postquam
1032 2703 1171 2734 contra
1197 2699 1397 2744 Bulgaros
1426 2700 1631 2743 profectus
1658 2702 1726 2742 est,
1755 2698 1846 2734 Car·

354 2746 506 2790 damus,
546 2757 636 2782 cum
673 2748 875 2782 exercitus
908 2748 949 2782 in
983 2748 1210 2792 propinquo
1247 2750 1379 2782 essent
1406 2750 1446 2781 et
1471 2756 1543 2781 rex
1572 2746 1766 2780 barbaros
1793 2746 1844 2780 ad

293 2790 339 2826 25
353 2803 532 2838 pugnam
563 2797 764 2838 evocaret,
798 2805 888 2829 cum
914 2795 996 2829 suis
1024 2795 1149 2840 copiis
1176 2795 1339 2829 territus
1366 2795 1504 2839 fugam
1533 2794 1649 2838 cepit.
1700 2792 1778 2828 Sed
1806 2797 1845 2828 et

353 2839 509 2922 *grabes
538 2840 746 2876 Amorium
779 2843 963 2888 aggressi
995 2852 1039 2877 re
1071 2843 1232 2886 infecta,
1273 2841 1425 2888 praeda
1464 2841 1675 2876 dumtaxat
1713 2844 1844 2886 capta,

382 2888 636 2924 iscesserunt.
