2066 3230
329 211 399 248 696
710 207 892 246 ZONAR.
921 206 1052 243 EPIT.
1079 205 1212 242 XVIII
1239 205 1294 251 13,
1322 204 1448 241 1—14.

329 333 403 388 τὴν
443 332 589 387 τριήρη
631 332 760 372 αὐτοῦ
803 328 1039 383 περιίπτατο
1082 326 1153 368 καὶ
1196 327 1275 368 οὐκ
1319 327 1472 382 ἀπέστη
1516 330 1827 384 πτερυσσομένη

295 401 424 455 2περὶ
455 399 592 447 αὐτόν,
641 400 724 444 ἕως
763 398 919 442 ἐκεῖνος
957 399 1044 442 ταῖς
1082 394 1221 450 χερσὶν
1266 396 1392 450 αὐτῆς
1436 395 1667 450 ἐπελάβετο.
1729 397 1754 439 ὁ
1784 398 1829 440 δὲ

331 469 482 524 ταύτην
513 473 562 523 τῇ
593 467 806 522 βασιλίσσῃ
840 466 1127 519 ἕκπέπομφεν,
1161 463 1310 518 ἐκρίθη
1345 463 1390 505 δὲ
1420 463 1467 505 τὸ
1492 469 1565 518 τῆς
1587 469 1828 521 περιστερᾶς

333 539 412 579 οὐκ
445 536 610 591 ἀγαθόν
641 552 675 576 τι
706 534 930 588 τεκμήριον
962 533 1055 574 οὔτε
1086 537 1148 587 τῷ
1178 532 1329 586 ταύτην
1360 531 1488 574 ἑλόντι
1525 533 1619 574 οὔτε
1655 533 1742 588 μὴν
1778 538 1828 589 τῇ

296 605 439 660 3πρὸς
469 606 522 659 ἣν
553 603 731 645 ἔσταλτο.
794 601 896 643 ἀλλὰ
927 602 999 643 καὶ
1029 606 1102 644 τοῦ
1141 601 1283 655 ξύλου,
1330 599 1369 655 ᾧ
1399 601 1530 655 μέσον
1562 602 1768 657 ἱσταμένῳ
1801 604 1864 658 ἡ5

332 673 537 729 βασίλειος
569 671 700 726 σκηνὴ
736 669 999 724 ἐπερείδεται,
1033 669 1282 723 αὐτομάτως
1313 668 1574 722 κατεαγότος,
1606 670 1829 712 κατέπεσεν

243 747 272 784 C
296 744 358 797 4ἡ
392 742 545 796 σκηνή·
594 740 665 781 καὶ
701 743 822 780 τοῦτο
862 738 906 780 δὲ
945 738 1158 793 σύμβολον
1197 738 1399 792 ἓνομίσθη
1439 737 1644 779 ἀπαίσιον.
1707 738 1829 792 ὅμως

334 810 458 851 οὐδὲν
488 809 559 850 τὸν
590 808 760 863 βασιλέα
792 811 864 862 τῆς
894 806 1138 860 προθυμίας
1170 805 1392 859 ἀνέκοψεν,
1431 804 1533 846 ἀλλὰ
1564 804 1714 860 προῄει
1745 806 1829 852 ἕως

333 882 407 919 τοῦ
449 878 636 932 θέματος
673 879 759 917 τῶν
795 875 1068 928 ἀνατολικῶν,
1115 874 1340 928 φειδωλίας
1380 873 1581 928 ἐχόμενος
1622 873 1739 928 παρὰ
1782 873 1829 916 τὸ

298 946 504 992 ὂεῖωθός.
553 945 839 1000 ἕσκηνωμένῳ
873 944 919 985 δέ
948 959 1032 985 που
1065 943 1109 984 ἓν
1141 942 1367 997 δωματίοις
1396 946 1482 996 πῦρ
1503 942 1638 984 ποθεν
1660 943 1831 997 ἐνεχθὲν
1846 951 1892 986 10

337 1015 441 1057 αὐτά
480 1031 521 1055 τε
560 1013 785 1068 κατέφλεξε
822 1012 871 1054 τὰ
913 1012 1102 1066 δωμάτια
1142 1011 1213 1053 καὶ
1252 1012 1404 1056 ἵππους
1435 1010 1716 1064 ἡμιφλέκτους
1747 1012 1830 1065 εἶρ-

339 1084 494 1138 γάσατο
525 1086 611 1124 τῶν
641 1082 870 1137 βασιλικῶν
902 1081 973 1123 καὶ
1004 1079 1149 1135 χαλινὰ
1181 1079 1253 1121 καὶ
1284 1079 1489 1134 ὀχήματα,
1538 1080 1562 1120 ὃ
1602 1078 1674 1121 καὶ
1711 1083 1882 1124 weron
1902 1089 1955 1125 IV
1973 1089 2016 1124 21

302 1152 475 1194 6κακόν
507 1152 711 1206 οἰώνισμα
743 1151 896 1199 ἔδοξεν.
955 1150 1116 1191 ἐκεῖθεν
1145 1147 1363 1203 μετελθὼν
1394 1147 1465 1188 καὶ
1495 1146 1566 1188 τὸν
1589 1147 1712 1189 Ἅλυν
1745 1148 1832 1189 δια-

338 1220 525 1275 περάσας
557 1219 629 1260 καὶ
653 1218 883 1274 παρελθὼν
903 1218 978 1273 τὴν
994 1217 1249 1271 Καισάρειαν
1271 1218 1327 1262 εἷς
1347 1215 1421 1270 τὴν
1442 1215 1668 1270 λεγομένην
1688 1215 1835 1271 Κρύαν

338 1288 478 1344 πηγὴν
509 1287 581 1330 τὸν
611 1288 780 1342 χάρακα
813 1288 947 1341 ἔθετο,
980 1287 1084 1328 ἔνθα
1111 1285 1187 1327 τισὶ
1207 1289 1292 1326 τῶν
1314 1284 1536 1339 Νεμίτζων
1557 1284 1835 1339 ἀπηνέστερον
1850 1294 1895 1330 15

304 1357 613 1412 Ίπροσηνέχθη
648 1355 699 1398 δι’
733 1356 984 1410 ἀδικήματα.
1042 1359 1114 1396 τοῦ
1149 1354 1193 1396 δὲ
1223 1354 1431 1407 τάγματος
1462 1352 1622 1394 τούτων
1653 1353 1834 1394 ἀποστα-

290 1427 553 1481 Βτήσαντος,
586 1425 762 1480 ἱππότης
793 1423 918 1470 αὐτὸς
949 1424 1095 1466 αὐτίκα
1129 1422 1340 1477 ἐπιφανεὶς
1371 1421 1442 1463 καὶ
1472 1421 1518 1462 τὸ
1546 1421 1836 1475 στρατιωτικὸν

342 1494 603 1549 ἐπαγόμενος
633 1493 864 1548 κατέπληξέ
894 1509 935 1534 τε
963 1492 1010 1534 τὸ
1042 1493 1332 1546 ἀποστατῆσαν
1362 1490 1433 1531 καὶ
1471 1488 1596 1535 αὖθις
1626 1505 1835 1544 συμμαχι-

343 1624 388 1659 13
412 1624 492 1669 περὶ
517 1629 578 1669 τῆς
603 1628 673 1658 τῶν
696 1623 885 1668 Νεμίτζων
910 1623 1120 1661 ἀποστασίας
1145 1621 1204 1656 καὶ
1231 1622 1279 1655 ὅτι
1307 1620 1432 1654 διεῖλεν
1455 1620 1475 1654 ὁ
1493 1619 1658 1664 Διογένης
1677 1619 1714 1654 τὸ
1739 1619 1839 1664 στρά-

342 1686 462 1718 τευμα,
488 1672 548 1707 καὶ
574 1671 616 1707 οὐ
641 1670 729 1716 μετὰ
753 1671 894 1706 πολλῶν
919 1670 1051 1709 ἐκεῖνος
1075 1669 1305 1714 περιελείφθη
1333 1667 1571 1713 (περιελήφθη
1600 1666 1643 1710 C)
1671 1666 1700 1703 C

414 1804 436 1838 6
462 1803 688 1848 κατεαγέντος
713 1802 824 1848 pr,
850 1802 1074 1847 κατεαγέντος
1095 1803 1294 1835 mutatum
1313 1810 1364 1835 ex
1382 1800 1590 1844 κατεαγότος
1607 1798 1649 1843 B,
1676 1800 1840 1844 κατεαγέν

415 1850 578 1897 Scylitz.
605 1861 642 1896 p.
669 1850 750 1894 689,
778 1850 822 1885 17
978 1849 1001 1884 8
1027 1852 1117 1894 post
1142 1847 1229 1883 ἀλλὰ
1255 1848 1347 1882 add.
1373 1847 1433 1882 καὶ
1458 1847 1493 1880 D
1648 1846 1783 1892 περιήει
1810 1845 1839 1882 C

415 1899 438 1934 9
464 1904 525 1934 τοῦ
555 1909 630 1934 om.
656 1898 692 1932 D
791 1897 836 1932 10
862 1897 960 1936 εἷ’θός
987 1896 1026 1941 C,
1053 1897 1147 1935 εἰκός
1174 1895 1333 1940 Scylitz.
1361 1906 1399 1940 p.
1425 1894 1505 1938 690,
1534 1895 1552 1929 1
1667 1895 1710 1929 11
1736 1908 1839 1929 κατα-

416 1946 559 1991 τέφλεξε
585 1946 621 1980 D
719 1945 866 1990 δώματα
893 1944 924 1979 Β
1023 1944 1068 1979 12
1092 1943 1255 1988 χαλινοὺς
1274 1943 1369 1988 Ewp
1467 1944 1487 1977 ὂ
1513 1953 1588 1978 om.
1606 1941 1642 1976 D
1739 1947 1839 1976 τοῦτο

415 1993 498 2038 AR,
525 1994 637 2038 τούτῳ
662 1991 784 2038 wpDi
883 1993 927 2027 13
953 1995 1043 2038 post
1059 1992 1201 2026 ἐκεῖθεν
1219 1990 1311 2025 add.
1330 1990 1369 2025 δὲ
1386 1990 1495 2035 Bwp,
1524 2001 1598 2024 0111.
1613 1988 1758 2026 ARWo
1773 1989 1839 2024 lat.

464 2042 550 2076 ἄλυν
568 2041 643 2086 BC,
669 2041 777 2085 ἄλλην
799 2041 804 2085 Ι
826 2040 874 2084 D,
900 2041 987 2085 ἅλην
1012 2040 1080 2084 w*‚
1106 2039 1205 2084 Αλην
1231 2038 1278 2084 Ρ*
1377 2038 1422 2072 14
1446 2038 1560 2082 κρύαν
1583 2037 1654 2072 AR
1679 2036 1839 2083 Scylitz.

417 2100 455 2135 p.
470 2089 550 2133 691,
564 2089 598 2133 4,
625 2089 728 2134 κριάν
742 2088 789 2132 D,
817 2102 932 2132 κρυαν
950 2087 1018 2131 w*,
1045 2086 1159 2132 κρυὰν
1177 2086 1224 2132 p*
1299 2085 1342 2121 15
1367 2086 1596 2130 ἀπηνέστερον
1610 2085 1646 2119 D
1724 2085 1767 2119 16
1793 2084 1838 2119 δι’

417 2137 512 2172 ἀδικ.
532 2139 628 2172 ante
643 2136 869 2182 προςηνέχῦη
889 2134 920 2169 Β
1019 2135 1063 2171 17
1089 2134 1263 2180 ἕπιφανοῦ
1289 2133 1336 2178 D,
1362 2133 1542 2179 ἐπιφανεῖς
1568 2131 1618 2178 p*
1715 2132 1759 2168 18
1783 2131 1840 2167 ἔπ-

418 2185 588 2230 αγόμενον
613 2184 650 2219 D
751 2197 786 2219 τε
813 2193 888 2219 om.
915 2182 944 2219 C

312 2303 433 2339 2alas
460 2304 618 2349 agitare
644 2303 772 2347 desiit,
801 2303 930 2338 donec
955 2302 1142 2338 manibus
1170 2301 1500 2346 comprehensam
1527 2301 1697 2345 reginae
1723 2300 1838 2343 misit,

349 2351 459 2396 quod
484 2352 781 2396 inauspicatum
808 2361 926 2386 omen
953 2353 1012 2386 est
1030 2350 1161 2385 visum
1187 2352 1269 2384 tam
1295 2349 1331 2383 ei
1359 2348 1428 2393 qui
1456 2348 1636 2392 cepisset,
1664 2357 1784 2392 quam
1803 2347 1840 2382 ei

312 2398 456 2444 3quae
482 2399 713 2443 accepisset.
765 2397 844 2434 Sed
871 2401 911 2434 et
936 2398 1094 2444 regium
1121 2396 1427 2432 tabernaculum
1454 2396 1576 2439 ligno,
1604 2405 1683 2440 quo
1707 2394 1840 2430 media

349 2456 443 2492 pars
468 2446 643 2490 fulcitur,
681 2456 756 2481 sua
782 2448 927 2492 sponte
953 2446 1160 2481 confracto
1189 2443 1380 2488 concidit3
1419 2443 1460 2477 id
1495 2452 1658 2487 quoque
1692 2442 1840 2478 omino-

313 2493 439 2529 4sum
465 2496 525 2529 est
550 2493 742 2528 habitum.
792 2493 933 2538 Neque
959 2503 1056 2528 vero
1087 2493 1304 2538 quicquam
1329 2491 1438 2536 regis
1465 2490 1714 2525 alacritatem
1743 2489 1840 2524 inhi-

350 2542 449 2586 buit,
477 2541 692 2586 quominus
718 2551 847 2585 usque
873 2540 926 2575 ad
953 2540 1167 2576 orientales
1194 2539 1425 2585 provincias
1449 2538 1691 2583 perveniret,
1718 2537 1840 2582 parsi·

313 2589 337 2625 5
350 2589 511 2624 moniae
529 2590 690 2634 praeter
708 2598 858 2623 morem
877 2598 995 2623 suum
1013 2588 1202 2623 intentus.
1253 2585 1352 2622 Cum
1371 2589 1506 2628 autem
1527 2585 1568 2619 in
1588 2583 1840 2620 domunculis

351 2635 594 2682 quibusdam
621 2635 917 2679 deversaretur,
948 2636 1054 2681 ignis
1080 2635 1215 2671 nescio
1237 2633 1347 2669 unde
1372 2633 1538 2678 illapsus
1565 2642 1634 2668 eas
1661 2642 1841 2667 consum-

351 2685 441 2730 psit,
479 2693 606 2729 equos
631 2683 768 2728 regios
794 2685 834 2718 et
859 2683 976 2718 frena
1003 2686 1042 2718 et
1069 2681 1253 2718 vehicula
1285 2681 1451 2724 adussit,
1490 2680 1599 2725 quod
1635 2682 1674 2715 et
1710 2680 1842 2724 ipsum

315 2732 483 2768 6visum
515 2733 575 2766 est
606 2730 755 2765 malum
789 2731 1021 2775 augurium.
1071 2730 1171 2766 Inde
1197 2729 1405 2775 digressus
1430 2727 1536 2772 Haly
1566 2730 1757 2772 superato
1783 2736 1843 2761 re-

351 2779 527 2824 lictaque
554 2777 753 2815 Caesarea
779 2777 832 2812 ad
858 2778 1000 2821 locum,
1041 2778 1108 2823 qui
1133 2777 1237 2822 Κρύα
1261 2775 1355 2821 πηγὴ
1383 2775 1539 2818 dicitur,
1580 2775 1730 2810 vallum
1759 2783 1842 2808 mu—

317 2827 472 2871 7nivit3
510 2826 580 2862 ubi
614 2835 704 2861 cum
741 2825 792 2861 ob
829 2825 1024 2870 quosdam
1054 2825 1256 2861 Nemitzos
1290 2824 1471 2858 severius
1506 2822 1556 2857 de
1592 2821 1840 2857 facinoribus

353 2874 542 2911 multatos
569 2883 710 2911 eorum
735 2872 842 2919 legio
870 2872 1093 2917 defecisset,
1131 2873 1218 2919 ipse
1253 2871 1386 2908 statim
1424 2871 1466 2906 in
1504 2879 1608 2916 equo
1644 2868 1840 2905 advolans
