2054 3282
369 235 432 271 1863
752 235 932 272 ZONAR.
959 234 1089 270 EPIT.
1116 234 1206 270 XIV
1238 235 1290 279 1‘2,
1317 234 1361 270 24
1373 236 1468 271 -38,

363 357 579 404 ἐπλάσατο,
625 357 754 411 ὀργὴν
799 357 1052 411 ἐΙιιφαήιοντα
1094 355 1198 397 κατὰ
1235 356 1391 402 παντὸς
1426 361 1500 397 τοῦ
1537 357 1853 411 στρατεύματος,

362 425 433 466 καὶ
475 426 757 479 συναθροίσας
794 425 895 466 αὐτὸ
932 426 980 465 τά
1018 440 1059 465 τε
1096 424 1321 477 γράμματα
1360 425 1415 470 εἷς
1449 425 1633 479 ἐπήκοον
1665 426 1854 479 ἀναγνω-

161 496 240 532 PII
256 494 515 548 75Λσθῆναι
550 495 751 547 πεποίηκε
790 494 860 534 καὶ
899 492 1024 539 αὐτὸς
1063 492 1214 538 αὐτοὺς
1246 493 1526 547 ἀνεμίμνησκε
1556 497 1628 547 τῆς
1659 494 1905 547 ἄπηνείαςΙ)
1924 501 2054 537 111295

362 562 591 615 “Ορμίσὸου
630 562 700 603 καὶ
737 567 809 616 τῆς
847 562 1064 616 ὠμότητος
1101 561 1171 602 καὶ
1213 561 1278 602 διὰ
1316 561 1477 602 τούτων
1514 562 1685 615 ἀντᾶραι
1715 565 1857 615 χεῖρας

303 634 349 669 25
363 631 531 684 ἠρέθισε
573 630 679 671 κατὰ
725 635 798 671 τοῦ
845 634 969 684 σφῶν
1015 631 1218 684 ἀρχηγοῦ.
1281 629 1524 675 ἐπελθόντες
1571 628 1647 670 οὗν
1693 629 1891 684 ἀθρόον5

303 702 349 737 ‘26
362 699 479 752 αὐτῷ
524 700 726 753 κατέσχον
772 698 842 739 καὶ
886 699 1082 753 ἐνέβαλον
1125 699 1181 744 εἰς
1224 699 1398 753 εἱρκτήν.
1461 698 1485 740 ὁ
1530 699 1575 740 δὲ
1618 699 1858 741 ὑποθέσθαι

308 769 313 774 ’
362 769 502 814 αὐτοῖς
537 768 630 821 περὶ
666 773 738 822 τῆς
775 771 860 809 τῶν
891 767 1076 821 Περσῶν
1114 768 1247 822 ἀρχῆς
1283 767 1401 822 ἠξίου
1434 769 1531 809 ἅττα
1562 773 1624 822 τῷ
1655 768 1766 809 ἔθνει
1797 784 1855 822 γι-

362 837 514 877 νώσκει
531 837 812 890 συμφέροντα,
836 836 907 877 καὶ
929 837 1200 890 συνεβούλευε
1221 836 1280 890 μὴ
1303 836 1374 877 τὸν
1391 836 1594 891 Χοσρόην
1615 836 1706 878 υἱὸν
1727 837 1856 878 αὐτοῦ

362 904 460 945 ὅντα
491 905 775 959 προκριθῆναι
806 906 862 951 εἷς
898 905 971 959 τὴν
1009 905 1155 959 ἀρχήν,
1200 905 1409 959 ἄπληστον
1453 905 1550 946 ὄντα
1588 905 1660 946 καὶ
1695 905 1855 958 ἄδικον,

361 973 557 1027 ὑβριστήν
588 989 630 1014 τε
660 974 731 1014 καὶ
762 974 1135 1026 ἀλαζονικώτατον,
1177 970 1262 1014 ἀλλ’
1296 974 1436 1027 ἕτερον
1467 973 1558 1015 υἱὸν
1590 975 1718 1015 αὐτοῦ
1749 990 1855 1028 προ-
1872 976 1916 1012 10

302 1044 347 1079 27
361 1042 618 1096 χειρισθῆναι
661 1046 734 1084 τοῦ
778 1043 932 1089 ἔθνους
975 1043 1128 1097 ἄρχειν.
1192 1042 1493 1084 ἄντιπεσόντων
1531 1043 1576 1084 δὲ
1606 1047 1690 1090 τοῖς
1719 1043 1858 1097 λόγοις

360 1109 508 1150 τούτου
547 1110 669 1151 ἐνίων
705 1115 790 1152 τῶν
829 1112 873 1152 ἐν
910 1112 1137 1166 ὑπεροχαῖς
1173 1111 1243 1152 καὶ
1274 1109 1364 1152 κατ’
1399 1112 1527 1153 αὐτοῦ
1558 1111 1655 1158 τοὺς
1686 1111 1858 1166 Πέρσας

361 1177 646 1231 ἐκμηνάντων,
679 1179 704 1220 ὁ
734 1179 812 1233 μὲν
842 1180 933 1226 υἱὸς
964 1181 1107 1234 αὐτοῦ,
1140 1182 1188 1222 ὃν
1221 1182 1277 1226 εἰς
1301 1180 1375 1235 τὴν
1398 1181 1533 1235 ἀρχὴν
1554 1182 1710 1227 ἐκεῖνος
1729 1182 1856 1235 προέ-

316 1251 488 1300 Βκρινε,
521 1246 592 1287 καὶ
623 1248 648 1301 ἡ
680 1248 818 1302 μήτηρ
851 1249 1010 1290 ἐκείνου
1043 1250 1222 1291 ἐνώπιον
1256 1250 1384 1290 αὐτοῦ
1417 1250 1604 1304 ἀνῃρέθη
1637 1249 1752 1303 παρὰ
1783 1253 1856 1291 τοῦ

304 1322 351 1356 28
362 1314 568 1369 πλήθους,
601 1316 672 1357 καὶ
696 1316 822 1363 αὐτὸς
844 1317 889 1359 δὲ
910 1318 1088 1373 ἐξεκόπη
1110 1318 1158 1359 τὰ
1182 1319 1351 1372 ὄμματα
1377 1318 1448 1359 καὶ
1470 1319 1581 1360 οὕτω
1603 1319 1856 1373 καθείρχθη.
1874 1319 1917 1356 15

302 1389 347 1424 29
362 1383 385 1423 ὁ
409 1383 455 1424 δέ
476 1399 520 1436 γε
541 1382 743 1438 Χοσρόης
764 1386 820 1431 εἷς
841 1386 915 1439 τὴν
936 1386 1071 1441 ἀρχὴν
1090 1388 1227 1441 ᾑρέθη
1250 1387 1366 1441 παρὰ
1397 1391 1470 1428 τοῦ
1503 1388 1656 1433 ἔθνους
1686 1387 1856 1433 παντός·

361 1452 432 1492 καὶ
461 1453 585 1506 μέχρι
614 1454 693 1506 μέν
723 1469 831 1499 τινος
862 1455 1135 1509 φιλοφρόνως
1165 1455 1273 1508 πρὸς
1298 1455 1369 1497 τὸν
1389 1456 1547 1510 πατέρα
1571 1455 1753 1509 διέκειτο,
1785 1459 1857 1510 τῆς

360 1521 438 1575 μὲν
470 1524 663 1575 φρουρᾶς
695 1523 746 1563 οὐ
777 1522 906 1569 λύσας
927 1523 1067 1577 αὐτόν,
1098 1528 1237 1565 πᾶσαν
1260 1524 1305 1565 δὲ
1326 1524 1555 1578 θεραπείαν
1576 1524 1705 1565 αὐτοῦ
1728 1524 1858 1566 ἐκεῖσε

362 1651 384 1686 5
410 1652 617 1696 καθαίρεσις
638 1652 828 1697 Ὁρμίσδου
854 1652 895 1688 ἐκ
922 1658 981 1698 τῆς
1006 1653 1118 1699 ἀρχῆς
1146 1653 1174 1690 C
1273 1654 1317 1689 16
1342 1654 1533 1699 ἀνάρρησις
1558 1655 1724 1698 Χοσρόου
1751 1652 1814 1689 CE
1853 1634 1856 1637 -

434 1781 456 1815 3
481 1780 606 1820 αὐτοὺς
634 1792 708 1816 om.
735 1781 821 1828 w*p
848 1782 984 1817 invitis
1010 1781 1081 1817 AR
1189 1783 1211 1817 4
1237 1784 1407 1827 ὀρμίσδου
1434 1783 1465 1818 Ε
1579 1783 1600 1818 7
1626 1787 1697 1817 τῶν
1724 1793 1797 1818 oln.
1826 1782 1858 1817 O

482 1829 584 1874 ἠξίου
609 1829 720 1875 ἀρχῆς
747 1829 778 1865 O
912 1830 1100 1875 γινώσκειν
1127 1831 1157 1865 E
1280 1832 1314 1866 8.
1340 1831 1362 1865 9
1388 1830 1445 1865 τὸν
1470 1830 1546 1865 υἱὸν
1571 1830 1678 1866 αὐτοῦ
1702 1831 1859 1875 χοσρόην

436 1878 581 1912 omisso
608 1878 689 1912 ὄντα
713 1877 749 1911 D
866 1878 888 1912 9
914 1879 995 1913 ὄντα
1020 1877 1166 1924 ΛΕΨῙ),
1193 1878 1298 1914 αὐτὸν
1322 1879 1432 1924 λέγων
1457 1878 1543 1913 εἶναι
1571 1878 1615 1920 R,
1641 1878 1746 1913 αὐτὸν
1771 1877 1857 1912 εἶναι

433 1925 545 1969 λέγων
571 1924 601 1958 Β
720 1925 761 1959 12
786 1926 908 1961 τούτου
937 1936 1011 1961 om.
1039 1926 1074 1960 D
1187 1927 1291 1961 ἐνίων
1318 1925 1484 1972 prDi‚
1511 1926 1559 1961 ἑνὶ
1586 1925 1620 1960 Α
1728 1927 1858 1970 πέρσας

435 1971 651 2018 AEwap‚
678 1974 858 2018 ὁμογονεΐς
885 1973 927 2017 O,
955 1974 1191 2019 populares:
1223 1975 1290 2010 Wo
1318 1974 1383 2009 lat.
1484 1974 1527 2008 13
1553 1974 1601 2012 εἰς
1625 1972 1772 2018 Apr,
1798 1973 1858 2008 καὶ

436 2020 482 2064 D,
508 2020 544 2060 ἐς
558 2020 626 2058 Dw
726 2021 770 2056 14
797 2021 947 2066 ἐκείνου]
975 2022 1080 2057 αὐτοῦ
1095 2021 1130 2056 D
1228 2022 1347 2066 αὐτοῦ]
1374 2022 1511 2057 ἐκείνου
1526 2021 1562 2056 D
1661 2021 1716 2056 14.
1734 2020 1777 2056 15
1802 2021 1858 2056 ἀν-

435 2068 550 2113 ῃρέθη
578 2068 815 2113 (ἀνῃρέθησαν
829 2069 874 2113 Ε)
899 2069 996 2113 παρὰ
1017 2075 1076 2105 τοῦ
1093 2069 1255 2115 πλήθους
1281 2068 1361 2113 ΑΕ,
1386 2069 1480 2114 παρὰ
1498 2075 1557 2104 τοῦ
1574 2069 1733 2114 πλήθους
1750 2068 1858 2107 εὐθὺς

434 2116 661 2162 ἀνῃρέθησαν
682 2115 724 2160 Ο,
741 2116 850 2155 εὐθὺς
867 2117 1093 2162 ἀνῃρέθησαν
1110 2117 1205 2162 παρὰ
1223 2123 1284 2153 τοῦ
1301 2118 1462 2162 πλήθους
1488 2117 1572 2162 w*p
1673 2117 1717 2152 16
1742 2116 1856 2162 ἠρέθη

435 2163 482 2208 D,
511 2174 611 2200 corr.
639 2163 707 2202 Dw
807 2165 850 2200 17
875 2164 963 2210 πρὸς
988 2165 1046 2200 τὸν
1070 2165 1201 2210 πατέρα
1227 2165 1458 2211 φιλοφρόνως
1483 2165 1632 2200 διέκειτο
1658 2164 1754 2210 Ewp

363 2296 616 2331 iracundiam
655 2306 767 2332 suam
807 2296 1005 2332 adversus
1044 2307 1201 2332 omnem
1242 2297 1464 2332 exercitum
1504 2296 1682 2332 declaret
1707 2305 1859 2341 easque

363 2343 555 2379 militibus
582 2345 816 2380 convocatis
843 2345 976 2390 palam
1004 2345 1188 2380 omnibus
1215 2345 1375 2380 recitari
1402 2345 1514 2380 iubet
1541 2347 1663 2389 atque
1683 2343 1859 2378 Hormis-

365 2391 442 2426 dae
469 2392 639 2427 saevitia
667 2395 706 2428 et
731 2392 979 2428 immanitate
1006 2395 1318 2428 commemorata
1345 2402 1414 2427 eos
1441 2392 1493 2426 ad
1519 2391 1668 2427 bellum
1696 2391 1857 2426 domino

304 2436 350 2472 25
365 2449 438 2474 suo
457 2439 714 2475 inferendum
741 2440 926 2475 concitat.
977 2439 1118 2476 Subito
1146 2440 1271 2485 igitur
1298 2450 1389 2475 eum
1416 2439 1601 2485 aggressi
1628 2441 1791 2484 captum
1816 2438 1858 2473 in

305 2484 351 2520 26
365 2497 568 2523 carcerem
596 2488 868 2523 coniecerunt.
919 2486 970 2522 At
995 2488 1060 2523 ille
1086 2489 1294 2533 professus
1321 2497 1363 2522 se
1391 2487 1598 2522 consilium
1626 2487 1674 2522 iis
1703 2486 1753 2521 de
1766 2486 1858 2521 Per-

365 2545 499 2569 sarum
529 2536 696 2581 imperio
725 2535 925 2579 daturum,
953 2535 1062 2581 quod
1077 2535 1226 2581 populo
1253 2535 1353 2570 sciat
1369 2535 1476 2570 bono
1492 2535 1684 2578 futurum,
1711 2536 1857 2577 monet,

365 2592 416 2617 ne
434 2582 559 2618 filium
578 2593 694 2618 suum
716 2582 933 2619 Chosroem
951 2593 1090 2629 regem
1113 2585 1260 2626 creent,
1287 2583 1487 2618 hominem
1514 2581 1798 2627 inexplebilem
1819 2584 1858 2616 et

365 2630 568 2673 iniustum,
608 2631 846 2666 insolentem
875 2641 923 2666 ac
949 2630 1150 2676 supercilii
1176 2630 1430 2674 intolerandi,
1463 2629 1534 2665 sed
1565 2629 1686 2664 alium
1719 2639 1741 2664 e
1775 2629 1858 2664 suis

307 2676 352 2711 ‘27
366 2677 455 2712 filiis
481 2678 533 2712 ad
559 2678 772 2724 imperium
797 2678 960 2724 eligant.
1012 2677 1135 2714 Cuius
1161 2678 1385 2713 sententiae
1411 2677 1613 2712 nonnullis
1646 2687 1858 2722 procerum

366 2726 595 2771 refragatis,
622 2726 771 2761 Persae
798 2728 940 2761 contra
966 2736 1057 2761 eum
1077 2725 1266 2761 concitati
1284 2725 1418 2767 filium,
1446 2725 1698 2770 cuiregnum
1725 2724 1858 2759 decre-

307 2770 353 2805 28
367 2775 492 2816 verat,
520 2776 559 2808 et
585 2775 752 2808 matrem
778 2774 883 2809 illius
909 2774 950 2808 in
977 2775 1196 2819 conspectu
1223 2773 1308 2807 eius
1336 2772 1587 2817 occiderunt;
1620 2772 1705 2817 ipse
1733 2771 1858 2806 oculis

307 2818 352 2852 ‘29
367 2820 492 2854 erutis
530 2821 571 2854 in
606 2831 809 2856 carcerem
849 2823 1082 2866 compactus
1109 2824 1178 2856 est.
1229 2819 1425 2855 chosroes
1465 2830 1488 2854 a
1514 2823 1598 2854 tota
1636 2822 1758 2864 gente
1784 2828 1856 2854 rex

367 2866 548 2911 eligitur3
587 2869 655 2912 qui
689 2869 740 2903 ad
773 2872 932 2913 tempus
965 2871 1119 2914 patrem
1152 2868 1255 2902 bene
1282 2868 1472 2902 tractavit
1499 2871 1539 2902 et
1565 2877 1807 2912 quamquam
1836 2876 1858 2901 e

368 2915 552 2950 custodia
578 2926 661 2951 non
688 2916 840 2961 eduxit,
868 2917 907 2951 in
948 2927 997 2952 ea
1037 2920 1172 2952 tamen
1211 2925 1368 2951 omnem
1408 2916 1443 2950 ei
1472 2915 1621 2950 cultum
1648 2914 1857 2960 praestitit.
