1968 3302
345 226 391 266 32
759 220 941 268 ZONAR.
969 224 1099 267 EPIT.
1127 220 1224 266 xm
1250 228 1282 275 6,
1308 220 1437 265 2-15.

344 353 587 407 συνίστορας
618 353 736 406 αὐτῷ
766 357 839 394 τοῦ
872 356 1047 406 σκοποῦ,
1081 351 1177 398 τοὺς
1205 351 1249 394 δὲ
1271 351 1342 394 καὶ
1363 352 1596 407 ἅμετόχους
1616 357 1690 395 τοῦ
1712 353 1839 409 σκέμ-

307 427 487 475 3ματος.
550 421 620 463 καὶ
650 422 860 476 παρέτεινε
891 421 962 462 τὸν
993 421 1122 463 πότον
1159 422 1241 467 ἕως
1278 421 1468 476 ἑσπέρας.
1532 422 1758 471 ἐξαναστὰς
1795 423 1840 465 δὲ

341 493 414 531 τοῦ
447 490 682 543 συμποσίου
715 491 867 544 αἴφνης
898 491 955 535 εἰς
985 489 1056 530 τὸν
1087 492 1268 530 κοιτῶνα
1301 490 1520 544 εἰσέδραμε
1551 491 1621 531 καὶ
1656 490 1840 545 πρόεισιν

342 558 504 599 ἐκεῖθεν
533 557 636 612 μετὰ
669 557 807 612 βραχὺ
840 558 882 598 ἓν
915 558 1092 611 σχήματι
1123 558 1330 611 βασιλείας
1362 558 1436 599 σὺν
1459 558 1718 613 δορυφόροις
1738 559 1839 600 πολ-

251 633 280 670 C
305 627 440 680 4λοῖς,
474 628 497 668 ὃ
529 626 625 672 τοὺς
655 626 714 680 μὴ
747 626 984 671 συνειδότας
1006 627 1123 680 αὐτῷ
1144 626 1217 680 τὴν
1239 629 1389 680 πρᾶξιν
1412 627 1620 681 ἐτάραξεν.
1685 628 1877 674 ἓκεῒνοςῖ)

343 696 387 737 δὲ
421 695 650 750 διαλεχθεὶς
683 699 764 741 τοῖς
800 699 982 748 παροῦσι
1021 695 1117 741 τοὺς
1155 695 1232 749 μὲν
1270 696 1402 736 ἔπεισε
1440 696 1671 737 συνθέσθαι
1710 696 1839 750 αὐτῷ,

305 765 474 810 ὃένίους
507 764 553 805 δέ
585 780 628 817 γε
660 764 729 805 καὶ
763 763 968 817 ἐβιάσατο.
1032 764 1102 805 καὶ
1135 764 1483 819 συμπαραλαβὼν
1522 764 1674 811 αὐτοὺς
1710 764 1889 812 awos-D
1909 773 1966 809 III

340 835 396 879 εἰς
427 832 475 873 τὰ
506 833 690 887 βασίλεια
728 833 861 873 ἄπεισι
899 832 970 873 καὶ
1009 832 1212 886 διανομὰς
1250 833 1480 887 χρημάτων
1517 834 1716 888 πεποίητο
1752 838 1839 880 ταῖς

339 919 380 943 τε
410 902 558 947 πύλαις
590 906 661 955 τῆς
691 900 856 946 πόλεως
889 901 1083 956 ἐπέστησε
1115 901 1321 956 φύλακας,
1356 902 1626 948 ἕνταλθέντας
1656 906 1741 949 τοῖς
1760 903 1838 957 μὲν

339 972 507 1012 εἰσιοῦσι
538 970 611 1024 τὴν
643 970 807 1011 εἴσοδον
839 974 1085 1024 συγχωρεῖν,
1119 971 1266 1019 ἐξιέναι
1299 971 1344 1012 δὲ
1368 971 1531 1025 μηδένα
1552 975 1837 1026 παραχωρεῖν,
1854 977 1899 1012 10

303 1040 402 1082 ὃῖνα
434 1039 493 1093 μὴ
526 1040 634 1085 τέως
665 1037 711 1078 τὸ
749 1038 942 1093 τόλμημα
983 1039 1197 1094 κηρυχθῇ.
1260 1039 1331 1080 καὶ
1370 1039 1516 1080 αὐτίκα
1556 1040 1704 1081 στέλλει
1742 1039 1839 1086 τοὺς

337 1107 408 1149 τὸν
429 1107 686 1149 Κώνσταντα
719 1107 1034 1161 ἀναιρήσοντας,
1065 1107 1162 1161 πρὶν
1194 1109 1219 1162 ἢ
1254 1108 1368 1162 γνοίη
1401 1107 1447 1149 τὸ
1479 1108 1684 1163 τόλμημα.
1746 1109 1771 1150 ὁ
1793 1108 1839 1150 δὲ

303 1176 430 1230 Τπερὶ
469 1176 611 1231 θήραν
651 1176 871 1231 ἠσχόλητο.
934 1176 1005 1218 καὶ
1045 1176 1124 1230 γὰρ
1166 1177 1360 1231 ἓμεμήνει
1397 1177 1491 1231 περὶ
1529 1176 1578 1217 τά
1615 1178 1837 1232 κυνηγέσια

337 1245 408 1286 καὶ
439 1249 564 1286 ταῦτα
597 1246 803 1300 ἀρθρίτιδι
834 1246 1138 1299 προσπαλαίων
1171 1245 1360 1300 διηνεκεῖ,
1394 1247 1445 1299 ἢν
1477 1246 1521 1294 ἐξ
1544 1246 1713 1300 ἡδονῶν
1735 1247 1836 1301 ἀμε-

244 1322 279 1357 D
302 1315 451 1368 8τρίας
482 1315 678 1369 ἐνόσησεν
710 1314 955 1360 ἀκολάστως
992 1315 1127 1368 βιούς·
1167 1316 1191 1368 ἢ
1225 1314 1295 1355 καὶ
1328 1314 1371 1355 ἐν
1401 1316 1667 1369 προσχήματι
1697 1315 1898 1370 &was-15

336 1384 394 1429 εἰς
430 1383 531 1430 ὕλας
570 1384 838 1437 ἐγκατεδύετο
875 1382 978 1437 μετὰ
1020 1387 1105 1424 τῶν
1144 1383 1238 1437 περὶ
1278 1382 1405 1424 αὐτὸν
1442 1384 1729 1438 μειρακίσκων
1767 1384 1838 1425 καὶ

336 1452 579 1506 νεανίσκων,
626 1454 670 1494 οἳ
709 1453 855 1506 ἐκείνῳ
896 1452 961 1494 διὰ
1008 1452 1160 1498 κάλλος
1200 1452 1466 1505 συνελέγοντο
1510 1452 1580 1493 καὶ
1623 1452 1837 1506 ᾠκείωντο

337 1520 670 1569 ἕκαλλωπίζοντό
707 1538 748 1563 τε
785 1521 1100 1576 περιεργότερον
1137 1521 1207 1563 καὶ
1243 1521 1394 1575 λίχνοις
1431 1520 1538 1575 ἦσαν
1582 1521 1835 1576 ὀφθαλμοῖς,

336 1589 562 1636 ἀκολασίας
594 1590 856 1644 ἒμπύρευμα,
889 1590 1072 1644 κάκείνῳ
1094 1591 1332 1645 ἐτύγχανον,
1366 1590 1428 1636 ὡς
1448 1590 1616 1644 λέγεται,
1650 1590 1834 1632 παιδικά.

408 1756 427 1791 1
454 1756 562 1793 αὐτοῦ
589 1761 639 1792 τῶ
665 1761 790 1793 σκοπῶ
817 1757 858 1802 Ε,
887 1768 923 1793 v.
950 1756 1047 1793 XIIl
1073 1759 1106 1802 8,
1133 1757 1177 1793 31
1286 1757 1308 1792 3
1334 1761 1429 1792 ante
1455 1756 1584 1802 αἴφνης
1611 1765 1771 1792 erasum
1797 1755 1836 1797 ἕξ

406 1805 447 1840 in
474 1804 504 1839 B
689 1805 711 1840 4
736 1806 913 1852 βασιλείας
940 1804 1109 1851 prDi,
1137 1816 1211 1841 om.
1239 1804 1275 1840 A
1462 1805 1503 1839 11
1535 1803 1708 1849 τολμηθὲν
1734 1803 1833 1850 pr

408 1889 451 1924 12
475 1888 582 1935 πρινὴ
610 1888 644 1924 Α
762 1889 806 1924 14
832 1854 977 1934 affimat
1001 1890 1031 1924 B
1058 1891 1090 1925 δι
1118 1889 1168 1924 ab
1196 1889 1244 1924 al.
1272 1899 1387 1932 man„
1415 1887 1570 1932 ἀθρίτιδι
1598 1887 1628 1922 Ε
1746 1901 1832 1932 προ-

403 1938 562 1972 παλαίων
590 1937 636 1982 Ι),
664 1948 764 1973 corr.
793 1937 861 1975 Dw
959 1937 1121 1983 ἀμέτρων
1149 1937 1182 1971 D
1295 1937 1338 1971 Ιῖ)
1366 1937 1534 1981 ἒνόμησεν
1561 1936 1608 1980 D,
1637 1945 1737 1971 corr.
1765 1935 1832 1973 Dw

406 1985 568 2069 lbstc'cgae
586 1985 622 2020 D
725 1986 766 2020 16
784 1985 900 2020 αὐτῶν
919 1985 1020 2031 pr
1122 1985 1163 2020 17
1182 1988 1272 2030 post
1290 1986 1325 2019 οἳ
1341 1984 1433 2019 add.
1452 1984 1511 2019 καὶ
1534 1984 1563 2018 Ε
1663 1984 1707 2019 18
1725 1983 1832 2029 ὐφαλ·

403 2047 483 2078 μοις

332 2193 480 2235 rantes,
509 2190 605 2236 quid
632 2190 847 2226 moliretur.
900 2188 1098 2224 Produxit
1126 2189 1357 2224 convivium
1384 2198 1514 2233 usque
1535 2186 1585 2222 ad
1606 2197 1827 2233 vesperam.

296 2239 435 2277 3Tum
463 2249 553 2274 cum
580 2239 822 2274 surrexisset
849 2248 870 2273 e
898 2238 1098 2281 convivio,
1138 2247 1311 2283 propere
1350 2236 1581 2271 cubiculum
1619 2236 1828 2281 ingressus

333 2287 468 2332 paullo
496 2289 587 2332 post
612 2287 754 2321 habitu
777 2287 891 2332 regio
911 2295 1002 2320 cum
1020 2285 1155 2320 inultis
1174 2284 1412 2319 satellitibus
1431 2284 1538 2318 illine
1557 2282 1829 2328 progreditur.

295 2335 447 2376 4Quae
473 2344 537 2370 res
563 2335 730 2380 ignaros
757 2334 853 2379 quid
874 2334 995 2368 animi
1015 2333 1183 2368 haberet
1202 2332 1488 2367 consternavit.
1540 2330 1620 2366 Sed
1647 2330 1829 2365 oratione

333 2383 386 2417 ad
413 2393 482 2417 eos
509 2382 578 2427 qui
605 2382 776 2417 aderant
803 2381 953 2425 habita,
992 2381 1092 2415 alios
1119 2380 1253 2415 verbis
1280 2381 1318 2414 in
1347 2389 1442 2414 suas
1469 2381 1604 2424 partes
1635 2378 1828 2421 traduxit,

297 2430 433 2467 balios
459 2431 579 2465 etiam
606 2430 657 2464 vi.
709 2429 818 2471 Quos
846 2439 935 2464 cum
963 2438 1099 2464 seeum
1128 2428 1319 2471 duxisset,
1359 2427 1464 2461 illico
1491 2427 1532 2461 in
1558 2426 1714 2472 regiam
1745 2425 1829 2460 abit

333 2483 373 2513 et
399 2478 615 2524 pecuniam
641 2477 937 2523 dilargiebatur
963 2479 1002 2511 et
1028 2476 1155 2521 portis
1183 2476 1371 2510 custodes
1399 2474 1583 2509 adhibuit
1608 2475 1739 2508 iussos
1773 2474 1828 2507 in-

333 2526 534 2561 trantibus
566 2526 774 2560 introitum
807 2524 1043 2567 concedere,
1084 2523 1154 2558 sed
1188 2523 1339 2558 exitum
1371 2522 1470 2556 nulli
1496 2522 1739 2567 permittere,
1777 2531 1828 2555 ne

297 2574 488 2610 ssinterea
515 2573 688 2608 audacia
714 2573 983 2608 nuntiaretur.
1034 2570 1174 2607 Statim
1202 2571 1330 2614 mittit,
1360 2571 1427 2615 qui
1455 2569 1733 2605 Constantium
1759 2569 1828 2603 tol-

297 2621 473 2665 7lerent‚
513 2625 732 2666 antequam
770 2624 907 2656 nosset
945 2619 1171 2654 audaciam.
1228 2618 1325 2652 Erat
1359 2617 1424 2652 ille
1457 2617 1675 2652 venatione
1714 2626 1827 2650 occu-

333 2671 463 2713 pat-us.
515 2668 670 2703 Etenim
706 2668 820 2704 rabie
852 2668 1069 2703 tenebatur
1102 2665 1279 2701 venandi
1312 2666 1445 2710 idque,
1486 2674 1575 2699 cum
1611 2674 1702 2698 eum
1737 2664 1828 2698 arti-

334 2716 459 2750 culari
486 2717 627 2751 morbo
650 2719 854 2762 pugnaret
881 2717 1090 2760 perpetuo,
1118 2723 1197 2759 quo
1218 2723 1266 2747 ex
1289 2713 1499 2747 libidinum
1518 2711 1827 2756 intemperantia

297 2766 544 2808 semu-optus
577 2768 664 2798 erat
697 2775 745 2799 ae
779 2764 862 2798 vita
896 2762 1108 2806 dissoluta3
1146 2763 1218 2796 aut
1250 2761 1369 2795 etiam
1404 2770 1474 2804 per
1505 2759 1680 2804 speeiem
1707 2768 1828 2792 vena-

333 2811 453 2846 tionis
479 2811 519 2845 in
547 2811 669 2846 silvas
695 2822 783 2847 sese
814 2811 992 2846 abdebat
1023 2819 1113 2844 eum
1145 2809 1227 2844 suis
1261 2808 1397 2853 pueris
1430 2811 1470 2842 et
1505 2806 1826 2849 adolescentulis,

334 2868 435 2904 quos
463 2858 514 2894 ob
542 2859 711 2894 formam
739 2859 987 2904 conquisitos
1013 2861 1052 2893 et
1078 2855 1330 2892 familiariter
1356 2864 1491 2890 secum
1526 2854 1761 2889 coniunctos
1788 2857 1828 2888 et

333 2907 449 2942 nimis
476 2905 740 2943 immoderate
768 2907 895 2943 cultos
922 2906 960 2943 in
992 2904 1144 2942 deliciis
1171 2903 1360 2939 habuisse
1388 2902 1544 2946 dicitur,
1579 2911 1669 2937 euni
1697 2900 1827 2937 avidis
