2054 3282
782 212 1187 253 ALAMVNDARVS.
1669 210 1738 246 139

241 341 327 380 τῶν
358 339 503 380 οἰκιῶν
534 339 721 394 ἐπῆλθον
740 343 826 382 τῶν
846 339 1079 395 εἰρημένων
1099 337 1283 391 ἀνδρῶν.
1345 334 1418 377 καὶ
1436 333 1509 381 τὰς
1529 333 1607 389 μὲν
1627 333 1737 375 καθ-
1752 337 1799 374 35

241 411 437 465 ῃρήκασι,
481 411 529 453 τὰ
574 408 612 453 δ’
660 412 704 454 ἒν
747 412 890 458 αὐταῖς
933 409 1187 466 διηρπάκασι
1228 407 1300 450 καὶ
1341 406 1523 453 πολλοὺς
1565 406 1738 454 ἀνεῖλον,

241 479 313 520 καὶ
348 480 405 526 εἰς
440 479 512 522 τὸν
541 480 712 535 βασιλέα
744 479 974 534 ἐξύβριζον,
1017 478 1089 520 τὸν
1120 477 1166 520 δὲ
1196 476 1444 519 Βιταλιανόν
1475 476 1537 522 ὡς
1567 476 1738 531 βασιλέα

241 548 475 603 εὐφήμουν,
518 549 590 591 καὶ
627 548 808 594 πολλοὺς
844 549 989 595 οἴκους
1026 548 1259 602 ἐνέπρησαν
1289 545 1361 588 καὶ
1390 545 1604 591 πλείστους
1636 544 1737 599 ἐφό-

205 619 410 658 5νευσαν·
442 618 517 659 καί
543 634 630 659 τινα
660 616 851 672 μοναχὸν
880 617 1054 672 πλησίον
1085 617 1185 658 ὄντα
1215 619 1288 670 τῆς
1307 613 1424 670 παρὰ
1445 618 1518 656 τοῦ
1540 613 1737 656 Ἆναστα-
1752 614 1799 649 36

241 685 332 727 σίου
363 687 598 741 κτισθείσης
627 687 866 742 κινστέρνης
895 691 968 741 τῆς
999 685 1223 732 ᾸΙωκισίας
1252 684 1531 739 καλουμένης,
1568 682 1639 724 καὶ
1671 681 1738 724 διὰ

239 759 359 810 τιμῆς
394 760 456 809 τῷ
490 756 653 810 βασιλεῖ
684 755 820 810 τούτῳ
857 754 1078 809 ἀγόμενον,
1123 753 1359 801 κτείναντες,
1404 751 1507 794 ἀλλὰ
1543 751 1630 807 μὴν
1668 750 1743 793 καί
1751 752 1798 788 37

238 838 326 864 τινα
363 823 635 878 μονάζουσαν
671 823 1011 878 ἐγκεκλεισμένην
1048 822 1169 876 ἐγγὺς
1204 827 1276 877 τῆς
1305 821 1464 876 πόρτης
1494 825 1567 876 τῆς
1599 820 1737 875 Ξηρο-

240 892 398 946 κέρκου
441 892 663 941 ἀνελόντες,
708 893 771 939 ὡς
811 893 942 934 πίστιν
985 891 1056 933 καὶ
1098 893 1156 938 εἰς
1198 890 1328 945 αὐτὴν
1366 890 1626 944 κεκτημένου
1664 893 1738 930 τοῦ
1753 888 1783 923 Β

184 962 227 998 10
240 960 457 1015 βασιλέως,
489 961 561 1003 καὶ
582 961 859 1016 συνδήσαντες
886 962 1021 1016 ἄμφω
1043 959 1091 1002 τὰ
1114 960 1291 1015 σώματα
1313 961 1480 1013 ἔσυραν,
1512 957 1596 1001 εἶτα
1617 958 1737 1000 κατέ-

238 1044 414 1071 καυσαν.

352 1097 425 1140 Ἐν
462 1103 547 1146 τοῖς
583 1099 751 1154 χρόνοις
789 1099 937 1141 τούτου
977 1103 1050 1140 τοῦ
1089 1098 1296 1153 βασιλέως
1328 1096 1678 1151 Ἀλαμούνδαρος
1714 1096 1738 1141 ὁ
1752 1091 1781 1134 4

237 1170 323 1208 τῶν
352 1166 603 1222 Ἀγαρηνῶν
644 1167 864 1222 φύλαρχος
906 1167 1160 1222 κατηχηθεὶς
1202 1166 1319 1220 παρὰ
1359 1165 1614 1219 ὄρθὀδόξων
1651 1165 1737 1206 ἕπί-

239 1237 382 1278 στευσέ
422 1252 465 1278 τε
507 1236 578 1278 καὶ
620 1237 878 1291 ἕβαπτίσατο.
947 1235 1056 1290 πρὸς
1099 1237 1148 1277 ὃν
1186 1235 1211 1277 ὁ
1247 1235 1441 1290 Σευῆρος
1485 1233 1774 1280 ἕπισκόπους2

185 1306 226 1341 15
241 1305 386 1346 ἔστειλε
418 1305 509 1353 δύο,
541 1305 738 1347 σπεύδων
769 1306 826 1351 εἷς
856 1304 930 1359 τὴν
961 1305 1069 1346 ἰδίαν
1089 1305 1244 1358 αἵρεσιν
1265 1303 1434 1345 ἑλκύσαι
1455 1302 1592 1344 αὐτόν.
1653 1304 1775 1344 τῶν3

240 1377 343 1427 γοῦν
386 1373 629 1416 ἐπισκόπων
667 1373 954 1415 διδασκόντων
990 1372 1118 1415 αὐτὸν
1155 1374 1212 1419 εἰς
1247 1372 1348 1426 μίαν
1385 1371 1511 1426 φύσιν
1547 1370 1621 1418 τὰς
1660 1371 1738 1413 δύο

238 1446 312 1484 τοῦ
347 1442 535 1496 Χριστοῦ
574 1442 836 1497 συγχυθῆναι
871 1442 1028 1497 φύσεις,
1071 1441 1300 1483 κάντεῦθεν
1337 1441 1626 1495 συναγομένου
1665 1443 1739 1481 τοῦ

242 1584 286 1620 12
309 1585 388 1630 περὶ
419 1550 581 1630 damage
605 1586 817 1630 σημείωσαι·
843 1584 901 1626 ξὲν
923 1585 929 1629 Ι
950 1583 996 1629 A,
1022 1585 1103 1629 περὶ
1125 1584 1408 1630 Ἀλαμουνδάρου
1435 1583 1665 1627 (ἀλεξάνδρου
1691 1582 1738 1626 Ε)

238 1633 299 1668 καὶ
324 1634 421 1672 ὅπως
446 1632 526 1672 τοὺς
552 1638 611 1668 τοῦ
637 1633 803 1678 Σευήρου
828 1633 1043 1672 ἐπισκόπους
1068 1633 1244 1675 διέπαιζεν
1269 1633 1381 1675 (ὅπως
1406 1632 1464 1668 τὸν
1491 1631 1643 1678 σέβηρον
1667 1630 1738 1666 ε’πί-

239 1694 374 1716 σκοπον
400 1681 560 1722 διέταξαν
585 1680 630 1724 Ε)
658 1679 721 1718 CE

311 1813 329 1848 1
358 1814 484 1848 οἰκιῶν
509 1811 556 1857 Α,
582 1814 693 1848 οἴκων
718 1813 816 1859 pr
925 1813 1057 1858 ἐπῆλθε
1080 1812 1182 1858 pr
1295 1813 1325 1848 1.
1354 1812 1376 1847 2
1401 1811 1460 1852 τὰς
1484 1811 1549 1857 μὲν
1575 1812 1737 1857 καθῃρή-

310 1870 409 1896 κασι·
436 1860 476 1896 τὰ
501 1860 534 1895 δ’
559 1861 597 1896 ἒν
621 1861 741 1900 αὐταῖς
766 1860 812 1905 A,
839 1861 918 1900 τοὺς
942 1861 1007 1906 μὲν
1028 1861 1312 1905 κατηρείπωσαν,
1338 1859 1380 1896 τὰ
1397 1860 1430 1894 δ’
1447 1860 1485 1895 ἐν
1501 1860 1618 1898 αὐτοῖς
1637 1859 1736 1906 pr

310 1909 333 1944 3
358 1910 504 1954 ὕβριζον
521 1908 556 1943 D
654 1909 677 1945 5
702 1909 784 1944 ὄντα
801 1908 883 1952 ΑΕ,
911 1910 1076 1944 οἰκοῦντα
1095 1909 1192 1954 pr
1291 1910 1314 1943 8
1338 1908 1633 1953 ἐγκεκλεισμένην
1660 1918 1735 1943 om.

310 1956 358 2001 D,
380 1956 476 1992 add.
504 1956 574 1995 Dw
694 1957 919 2002 ξηροκέρκου
945 1956 1016 1992 AR
1042 1958 1094 1998 (v.
1123 1955 1168 1992 G.
1196 1956 1244 1992 M.
1273 1967 1309 2002 p.
1333 1957 1414 2001 518,
1441 1956 1489 1998 2),
1516 1956 1736 2000 ξυλοκέρκου

309 2003 471 2050 prDi
569 2004 614 2040 15
638 2004 773 2041 οἰκείαν
790 2005 888 2052 pr
985 2004 1128 2041 ἑλκύσαι
1146 2003 1216 2041 ΑΕ
1242 2006 1295 2047 (v.
1312 2004 1525 2051 Ephraem.
1544 2014 1602 2040 vs.
1618 2004 1736 2048 1076),

307 2052 525 2098 μεθελκύσαι
553 2052 650 2099 pr

237 2187 397 2229 gerunt.
447 2184 661 2220 Multitudo
692 2187 828 2221 autem
853 2185 907 2220 ad
932 2186 1031 2220 iram
1059 2186 1307 2221 inflammata
1334 2195 1473 2221 eorum
1502 2184 1642 2221 domos
1669 2194 1736 2230 ag·-
1751 2181 1798 2217 35

237 2233 366 2277 gressi
405 2232 643 2268 deleverunt
680 2236 719 2268 et
760 2233 1016 2279 diripuerunt
1055 2236 1179 2279 atque
1216 2233 1351 2268 multis
1388 2233 1611 2269 interfectis
1649 2233 1737 2278 regi

238 2280 544 2324 maledicebant,
586 2279 831 2316 Vitalianum
875 2283 1012 2316 autem
1054 2283 1260 2326 tamquam
1303 2290 1443 2326 regem
1486 2281 1738 2316 celebrantes

237 2328 384 2363 multas
410 2327 551 2364 domos
578 2329 897 2373 combusserunt,
924 2329 1118 2374 plurimos
1137 2328 1393 2374 occiderunt,
1421 2329 1476 2363 ita
1495 2328 1736 2364 monac-hum
1751 2327 1798 2362 36

237 2375 452 2420 quendam,
480 2376 548 2422 qui
575 2378 663 2412 erat
689 2387 816 2422 prope
842 2377 1057 2412 cisternam
1084 2377 1136 2412 ab
1156 2375 1372 2412 Anastasio
1399 2379 1605 2420 structam,
1632 2385 1739 2422 quac

238 2422 404 2459 Mocisia
441 2423 597 2467 dicitur,
641 2426 681 2460 et
718 2435 743 2459 a
780 2435 878 2470 roge
917 2424 1055 2470 magni
1094 2424 1395 2468 aestimabatur,
1434 2424 1736 2460 interfecerunt.

237 2470 336 2507 Item
363 2475 403 2507 et
437 2471 642 2518 quandam
675 2472 914 2508 monacham
948 2472 1144 2508 inclusam
1177 2482 1305 2518 prope
1335 2474 1493 2518 portam
1519 2471 1735 2508 Xerocerci
1750 2470 1797 2507 37

236 2519 496 2563 sustulerunt,
532 2519 641 2565 quod
673 2519 792 2555 fidem
825 2521 862 2556 ci
893 2530 1057 2566 quoque
1083 2519 1260 2556 habebat
1286 2529 1374 2555 rex:
1415 2520 1534 2555 ambo
1562 2529 1735 2566 corpora

235 2570 371 2603 autem
398 2567 588 2613 colligata
613 2578 687 2613 per
711 2568 854 2604 urbem
881 2571 1095 2604 traxerunt
1121 2571 1160 2603 ct
1186 2567 1506 2603 combusserunt.

353 2613 387 2650 4.
437 2614 705 2661 Temporibus
730 2615 850 2651 huius
876 2616 986 2662 regis
1012 2615 1064 2651 ad
1087 2614 1421 2658 Alamundarum,
1447 2613 1731 2662 Agarenorum

236 2662 468 2708 principem,
496 2663 564 2708 qui
590 2663 796 2699 institutus
823 2664 875 2699 ab
903 2663 1139 2699 orthodoxis
1163 2663 1334 2699 credidit
1354 2666 1392 2699 et
1411 2663 1642 2709 baptizatus
1660 2667 1731 2707 est,

235 2709 411 2746 Severus
442 2710 654 2756 episcopos
683 2711 788 2747 misit
820 2711 935 2752 duos,
972 2712 1039 2757 qui
1073 2721 1165 2747 eum
1199 2711 1251 2746 ad
1282 2721 1397 2746 suam
1429 2711 1627 2747 haeresim
1654 2710 1767 2747 tra-2

235 2757 387 2793 herent.
437 2757 510 2794 Cui
541 2768 632 2794 cum
664 2759 843 2805 episcopi
874 2760 1160 2805 exposuissent
1189 2760 1232 2794 in
1262 2769 1386 2794 unam
1419 2762 1608 2794 naturam
1642 2758 1766 2795 illas3

234 2805 337 2841 duas
362 2804 506 2841 Christi
541 2806 768 2843 commistae
800 2817 888 2843 esse
918 2810 1098 2850 naturas,
1140 2806 1246 2843 unde
1279 2806 1538 2853 colligeretur
1569 2817 1729 2853 passam

234 2862 322 2889 osse
346 2863 430 2889 una
457 2863 549 2889 cum
575 2863 697 2890 carne
723 2854 874 2891 domini
900 2855 1020 2891 etiam
1048 2855 1249 2899 deitatem,
1287 2854 1353 2890 ille
1383 2854 1636 2891 refutatur-us
1662 2855 1730 2891 ab·

235 2900 356 2937 surde
383 2900 563 2937 dicentes
589 2904 628 2937 et
654 2901 906 2938 incredibilia
932 2902 1124 2939 docentes
1152 2903 1312 2950 paravit
1338 2901 1541 2949 quendam
1565 2902 1614 2939 de
1633 2903 1728 2947 suis,
