2054 3282
60 76 61 79 „
60 37 74 50 ,ρ

98 0 108 7 r

646 228 982 270 BVLGARICAE
1005 229 1300 270 VICTORIAE.
1650 231 1722 272 559

222 352 354 407 με’νου
390 352 506 408 παρὰ
543 357 593 409 τῇ
631 353 824 409 ἀντικρὺς
867 354 1028 409 ἠπείρῳ
1073 354 1282 410 ηὐλίσατο.
1343 355 1404 397 ὅτι
1442 353 1480 398 δ’
1519 354 1594 398 ὗσε
1631 355 1721 398 τότε
1734 360 1757 395 4

221 421 355 463 πολλὰ
387 422 458 464 καὶ
489 422 514 463 ὁ
543 422 735 477 ποταμὸς
766 423 958 465 ἐντεῦθεν
988 423 1183 471 ἄπλωτος
1212 422 1276 479 ἦν,
1313 423 1553 470 ἀνέλπιστος
1583 424 1721 466 ἐδόκει

222 494 284 544 τῷ
304 490 513 545 Σαμουὴλ
545 491 570 545 ἡ
602 494 688 533 τῶν
707 490 932 546 Ῥωμαίων
962 491 1179 538 ἒπέλευσις.
1241 491 1266 534 ὅ
1287 490 1482 547 Οὐρανὸς
1504 492 1550 535 δὲ
1571 492 1757 540 νυκτὸς5
1787 496 1983 534 1‘11224A

223 558 503 614 ἀνερευνήσας
533 558 604 601 καὶ
634 560 741 601 κατά
772 575 858 602 τινα
890 559 1019 602 τόπον
1049 558 1179 615 βατὸν
1208 560 1473 614 κατανοήσας
1499 560 1571 603 τὸν
1590 577 1720 603 ποτα-

186 633 209 668 5
221 626 317 680 μόν,
361 627 561 682 διαβαίνει
597 632 744 670 τοῦτον
780 628 952 683 ἡσύχως
989 628 1092 683 μετὰ
1128 632 1200 683 τῆς
1236 631 1426 683 στρατιᾶς
1455 629 1527 671 καὶ
1558 629 1719 685 ἀφρον-

222 699 423 737 τιστοῦσιν
461 696 653 751 ἐμβάλλει
691 701 776 743 τοῖς
805 697 900 751 περὶ
930 697 1001 739 τὸν
1031 697 1252 752 Σαμουήλ.
1314 697 1386 739 καὶ
1422 703 1484 752 τῷ
1521 698 1757 754 ἀὸοκήτῳ6

223 763 551 817 καταπλαγέντες
590 765 630 806 οἱ
665 765 876 819 βάρβαροι
916 766 1085 807 ἔπιπτον
1121 765 1230 820 μηδὲ
1266 769 1407 820 χεῖρας
1450 767 1720 821 ἀνταίροντες,

223 831 295 874 καὶ
324 836 386 886 τῷ
416 831 625 887 Σαμουὴλ
658 833 703 875 δὲ
733 834 805 875 καὶ
835 838 897 888 τῷ
928 834 1088 875 ἐκείνου
1119 835 1202 888 υἱῷ
1225 833 1437 889 Ῥωμανῴ
1464 835 1617 889 πληγαὶ
1648 836 1720 877 ἒπ-

225 900 478 955 ηνέχθησαν,
509 900 581 942 καὶ
604 901 796 943 ἑάλωσαν
817 902 880 950 ἄν,
912 902 950 943 εἰ
966 901 1025 956 μὴ
1058 906 1143 949 τοῖς
1171 907 1335 957 νεκροῖς
1356 904 1722 959 συνανεμίχθησαν

166 974 213 1010 10
225 969 404 1023 σώμασι,
434 969 505 1011 καὶ
537 970 650 1011 οὕτω
681 970 882 1017 λαθόντες
913 970 1126 1025 διέφυγον.

343 1036 453 1079 Εἶτα
491 1037 563 1079 καὶ
594 1037 618 1080 ὁ
649 1038 841 1092 βασιλεὺς
879 1039 1164 1094 ἐξεστράτευσε
1204 1039 1309 1081 κατὰ
1340 1043 1426 1082 τῶν
1460 1040 1757 1095 Βουλγάρωνῖ

224 1105 296 1148 καὶ
316 1109 402 1148 τῶν
423 1106 468 1148 ἓν
487 1106 684 1162 Σαρὸικῇ
704 1108 926 1162 φρουρίων
947 1109 1344 1163 καταστρεψάμενος
1370 1109 1455 1151 ἔνια
1488 1109 1723 1163 ἐπανῆλθεν

225 1176 283 1221 εἰς
314 1174 652 1217 Μοσυνούπολιν.
713 1175 792 1217 εἷλε
830 1176 875 1218 ὁὲ
912 1176 983 1217 καὶ
1013 1176 1088 1230 τὴν
1117 1176 1302 1231 μεγάλην
1333 1176 1621 1231 Περσθλάβαν
1651 1177 1758 1219 καὶ8
1786 1181 1978 1220 W111179

224 1243 300 1298 τὴν
328 1242 486 1298 μικρὰν
515 1243 587 1285 καὶ
618 1243 692 1299 τὴν
714 1243 959 1299 ῙΙλίσκοβαν
982 1244 1049 1286 διὰ
1080 1249 1333 1300 στρατηγῶν.
1395 1244 1512 1300 καὶὴ
1535 1245 1758 1300 Βέρροια9
1784 1251 1815 1287 Β

168 1316 213 1352 15
228 1312 274 1354 δὲ
308 1311 530 1367 παρεδόθη
569 1312 688 1367 αὐτῷ
723 1313 839 1367 παρὰ
883 1317 956 1355 τοῦ
994 1313 1294 1369 Δοβρομηροῦ,
1337 1315 1723 1370 προσχωρήσαντος

226 1384 310 1427 τοῖς
336 1379 572 1435 Ῥωμαίοις.
633 1380 682 1421 τὰ
721 1382 862 1436 μέντοι
892 1381 1052 1436 Σέρβια
1091 1382 1312 1436 πολιορκίᾳ
1348 1382 1460 1424 ἑάλω
1491 1383 1562 1424 καὶ
1594 1383 1618 1425 ὁ
1648 1382 1723 1437 τὴν
1738 1389 1784 1425 10

74 1453 126 1490 IV
147 1454 214 1490 119
228 1449 370 1491 αὐτῶν
400 1448 597 1504 φυλακὴν
628 1449 1002 1504 ἕμπεπιστευμένος
1034 1450 1259 1499 Νικόλαος,
1296 1451 1345 1493 ὃν
1377 1450 1626 1500 Νικολιτζᾶν
1662 1451 1725 1498 ὡς

20 435 30 462 ³,

20 515 45 627 l„

302 1579 322 1614 1
348 1578 512 1625 ἄντικρὺς
525 1578 674 1626 Apr,
699 1579 847 1625 ἀντικρὺ
862 1578 910 1625 D,
935 1580 1099 1625 ἄντικρυς
1112 1579 1180 1626 Di,
1207 1591 1243 1616 v.
1260 1581 1588 1617 Kuehner·Blass
1606 1580 1723 1628 Ausf.

303 1626 373 1663 Gr.
400 1627 438 1663 d.
463 1625 612 1674 qrieeh.
639 1627 733 1673 Spr.
761 1627 948 1676 annov.
977 1628 1070 1664 1890
1099 1629 1175 1664 vol.
1203 1628 1220 1663 1
1246 1639 1283 1674 p.
1309 1628 1380 1664 299
1485 1629 1508 1664 3
1533 1633 1628 1665 ante
1653 1633 1724 1664 τῶν

301 1674 394 1710 add.
419 1675 497 1710 κατ’
521 1675 628 1711 αὐτοῦ
655 1675 752 1721 pr
922 1676 944 1711 6
973 1677 1151 1721 αἰφνίδιον
1175 1678 1267 1718 (om.
1293 1675 1435 1719 AEDi)
1460 1677 1623 1723 ἐμβάλλει
1652 1677 1724 1722 (ἐμ-

297 1722 395 1769 βάλει
421 1722 471 1767 A)
499 1728 570 1762 τοῖς
596 1723 676 1769 περὶ
707 1724 766 1759 τὸν
796 1723 956 1770 σαμουὴλ
982 1724 1128 1770 AEwp,
1168 1729 1239 1763 τοῖς
1265 1724 1345 1769 περὶ
1374 1738 1402 1759 τ.
1433 1738 1515 1769 σαμ.
1547 1725 1725 1770 αἰφνίδιον

299 1771 408 1806 ἔπεισι
435 1770 580 1812 (ἔπεισιν
592 1769 644 1813 D)
671 1770 702 1807 Ο
799 1771 822 1807 8
846 1771 1005 1816 ῥωμανῷ
1033 1782 1109 1807 om.
1136 1770 1241 1807 CWo
1260 1771 1326 1807 lat.
1423 1772 1445 1808 9
1470 1772 1725 1817 συνάνεμίχθη-

299 1831 364 1854 σαν
388 1817 564 1865 A(Ewp),
590 1818 733 1858 ἑαυτοὺς
758 1820 988 1865 συνανέμιξαν
1015 1819 1215 1864 (συνέμιξαν
1240 1819 1292 1861 D)
1319 1818 1362 1862 O,
1391 1821 1622 1864 συμμίξαντες
1647 1820 1725 1855 §av-

298 1864 380 1905 τοὺς
405 1865 520 1902 Cedr.
547 1866 571 1902 Ι.
597 1876 628 1902 c.
685 1893 693 1902 .
718 1866 800 1910 450,
830 1867 874 1902 18
971 1867 1015 1902 13
1041 1867 1300 1908 μοσυνούπολιν
1325 1866 1461 1913 Apr
1491 1867 1580 1903 cod.
1607 1867 1723 1903 Coisl.

301 1912 416 1950 Cedr.
442 1912 632 1960 (Scylitz.)
655 1877 696 1949 1³1
722 1925 760 1961 p.
779 1914 861 1959 452,
890 1915 944 1958 10,
967 1915 1203 1959 μοσυνόπολιν
1228 1914 1263 1949 D
1380 1915 1423 1949 14
1448 1915 1508 1950 καὶ
1534 1914 1596 1960 τὴν
1619 1915 1724 1950 π)..-

299 1966 503 2007 στρατηγῶν
520 1972 596 1997 om.
614 1960 646 1996 Β
733 1962 777 1997 15
793 1961 901 2007 παρὰ]
921 1962 980 1998 διὰ
998 1962 1030 1998 O
1115 1963 1344 2007 ὅοβρομηροῦ
1364 1961 1522 2008 prDi
1540 1963 1592 2006 (v.
1609 1962 1723 1999 Cedr.

300 2009 323 2044 l.
343 2019 375 2044 e.
405 2019 442 2055 p.
458 2008 627 2054 452,18),
653 2010 837 2055 ὅρομηροῦ
863 2009 898 2044 Α
998 2011 1040 2045 16
1065 2009 1171 2055 ἑάλω)
1197 2011 1300 2056 ἔλαβε
1326 2009 1357 2044 Β
1456 2011 1499 2045 17
1529 2011 1725 2051 νικολίτζαν

300 2055 357 2092 Di
381 2057 517 2092 invitis
542 2055 651 2092 ARw
677 2057 792 2094 Cedr.
819 2058 842 2093 l.
870 2069 902 2094 c.
929 2069 965 2104 p.
991 2058 1073 2102 452,
1099 2058 1147 2093 20
1279 2062 1374 2093 ante
1400 2057 1449 2096 ὡς
1476 2058 1569 2093 add.
1595 2058 1724 2093 ὑποκο-

299 2106 451 2149 ρίζοντες
477 2104 586 2151 pr,
612 2105 905 2150 ὑποκοριζόμενοι
933 2105 1047 2142 Cedr.
1076 2106 1097 2140 l.
1121 2116 1153 2141 e.

231 2233 373 2279 dentis,
399 2233 575 2280 ablegat,
603 2235 683 2280 qui,
710 2244 801 2270 cum
827 2233 988 2271 Samuel
1016 2234 1067 2269 ad
1094 2232 1330 2280 Sperchium
1358 2233 1526 2269 fluvium
1551 2234 1724 2270 tentoria

230 2282 394 2326 fixisset,
426 2281 468 2317 in
494 2283 680 2328 opposita
706 2282 939 2318 continente
966 2285 1099 2317 castra
1125 2282 1269 2327 posuit.
1321 2280 1424 2323 Quia
1451 2292 1548 2317 vero
1575 2281 1760 2317 flumen4

231 2329 283 2365 ob
318 2329 482 2365 crebras
516 2329 675 2375 pluvias
707 2330 896 2375 navigari
928 2340 1010 2365 non
1047 2333 1215 2375 poterat,
1255 2328 1416 2365 Samuel
1450 2328 1723 2364 Romanorum

231 2377 423 2423 impetum
462 2377 626 2413 minime
663 2377 894 2414 verebatur.
961 2377 1060 2414 Cum
1099 2382 1234 2412 autem
1274 2376 1434 2412 Uranus
1474 2380 1597 2412 noctu
1636 2377 1760 2412 10005

232 2424 408 2470 quodam
441 2424 590 2460 vadum
622 2425 949 2471 pervestigasset,
988 2435 1036 2460 eo
1070 2425 1190 2460 tacite
1224 2424 1411 2460 traducto
1445 2425 1628 2459 exercitu
1654 2423 1724 2461 Sa-

231 2472 402 2508 muelem
441 2482 628 2508 securum
662 2472 830 2508 invadit.
880 2472 1049 2507 Barbari
1082 2482 1124 2508 re
1158 2473 1437 2517 inexspectata
1475 2472 1633 2507 attoniti
1673 2471 1761 2508 neG

232 2520 354 2555 armis
379 2519 542 2565 quidem
567 2523 710 2556 contra
735 2520 853 2555 illatis
880 2520 1042 2564 cadunt,
1070 2520 1309 2555 vulneratur
1336 2518 1498 2555 Samuel
1524 2529 1607 2555 una
1633 2529 1724 2555 cum

232 2566 413 2603 Romano
433 2567 524 2612 fllio,
550 2568 752 2614 amboque
772 2569 878 2614 capti
898 2572 1041 2611 essent,
1066 2568 1141 2602 nisi
1162 2568 1266 2602 inter
1284 2577 1455 2612 corpora
1473 2570 1724 2603 mortuorum

232 2615 420 2651 occultati
447 2615 548 2651 clam
574 2616 843 2662 aufugissent.

351 2662 445 2698 Post
471 2662 571 2698 haec
596 2667 636 2699 et
661 2664 748 2709 ipse
774 2674 847 2699 rex
874 2663 1020 2698 bellum
1050 2662 1182 2698 intulit
1200 2662 1388 2708 Bulgaris
1415 2665 1454 2697 et
1481 2661 1722 2707 quibusdam
1738 2662 1759 2698 7

232 2708 423 2746 Sardieae
444 2710 616 2746 castellis
633 2711 879 2757 expugnatis
894 2710 1186 2756 Mosynupolim
1207 2710 1334 2746 rediit.
1378 2709 1456 2745 Sed
1476 2715 1515 2745 et
1534 2720 1723 2756 magnam
1737 2712 1761 2746 8

233 2761 272 2793 et
332 2767 470 2793 arvam
506 2758 781 2794 l'erstblabam
821 2763 859 2794 et
892 2758 1115 2793 Pliscobmn
1150 2769 1220 2803 per
1253 2758 1376 2793 (luces
1410 2758 1526 2803 cepit.
1591 2757 1657 2792 Est
1687 2757 1761 2793 ei9

233 2808 272 2841 et
290 2768 494 2841 fferrhoea
513 2815 584 2852 per
603 2805 910 2846 Dobromerum,
936 2807 1003 2851 qui
1023 2806 1074 2840 ad
1095 2805 1296 2840 Romanos
1314 2815 1357 2840 se
1384 2805 1621 2849 contulerat,
1648 2810 1724 2839 tra-

233 2852 328 2888 dita.
378 2851 520 2889 Serbia
538 2863 635 2890 vero
655 2857 893 2900 expugnata
912 2858 1015 2897 sunt,
1043 2858 1082 2888 et
1102 2852 1301 2896 Nicolnus,
1329 2862 1446 2899 quem
1467 2853 1518 2888 ob
1543 2856 1724 2888 staturae
1741 2853 1786 2890 10

233 2900 472 2937 brevitatem
491 2900 725 2938 Nicolltzam
753 2901 967 2946 vocabant,
994 2901 1109 2937 cuius
1129 2901 1337 2937 custodiae
1355 2911 1404 2937 ea
1422 2900 1572 2937 tradita
1598 2904 1724 2949 erant,
