1968 3302
305 189 348 227 12
673 187 852 226 ZONAR.
881 187 1011 225 EPIT.
1038 187 1135 224 XIII
1161 187 1193 232 2,
1220 185 1348 231 33›.-3,
1375 183 1408 222 2.

243 312 289 348 34
304 311 421 361 οὖσα,
469 313 588 367 ἠξίου
626 311 697 353 καὶ
733 312 951 366 μυηθῆναι
988 310 1058 352 καὶ
1095 310 1390 364 βαπτισθῆναι·
1438 313 1620 364 τυχοῦσα
1662 308 1799 351 τοίνυν

302 386 375 424 τοῦ
408 383 557 436 ἐφετοῦ
589 381 660 422 καὶ
690 380 762 422 τὸν
794 381 935 434 ἀληθῆ
972 380 1194 432 ἐπιγνοῦσα
1233 379 1349 433 θεόν,
1396 378 1493 425 τοὺς
1528 379 1684 425 τόπους
1722 378 1796 424 οὓς

303 452 342 492 οἱ
374 451 523 504 ὡραῖοι
553 450 681 496 πόὸες
713 449 912 504 Χριστοῦ,
961 449 1022 494 ὡς
1054 449 1222 502 εἰρήνην
1260 448 1648 503 εὐαγγελισαμένου,
1696 447 1922 489 ὂιώ-ΒΙΙΙ
1940 447 1968 482 l'

242 519 289 555 35
304 520 468 573 ὂευσαν,
510 519 749 561 θεάσασθαι
781 518 1033 572 ἐπεθύμησε.
1095 517 1166 558 καὶ
1198 517 1589 572 συμπαραλαβοῦσα
1621 515 1693 558 τὸν
1723 516 1796 557 θε-

251 586 470 631 Ι)σπε’σιον
505 589 758 643 Σίλβεστρον
797 589 853 634 εἶς
885 587 1155 641 Ἱεροσόλυμα
1195 587 1472 641 παραγέγονε·
1521 585 1591 628 καὶ
1634 584 1680 627 τὸ
1723 586 1834 627 τοῦδ

301 658 450 711 κυρίου
482 658 812 712 προσκυνήσασα
843 660 990 711 μνῆμα
1023 655 1094 697 καὶ
1125 654 1196 697 τὸν
1227 656 1345 698 θεῖον
1377 656 1578 710 εὕρηκυῖα
1605 653 1798 708 σταυρόν,

302 726 345 767 ἒν
376 724 415 780 ᾦ
445 726 690 780 προσεπάγη
724 728 978 778 σωματικῶς
1010 724 1034 765 ὁ
1065 723 1168 770 ’θεὸς
1199 725 1337 779 ἡμῶν,
1375 724 1505 770 ναούς
1535 740 1576 766 τε
1609 724 1798 779 δομησα-

300 795 405 849 μένη
437 795 670 840 πολυτελεῖς
700 794 808 847 πρὸς
839 794 910 835 τὸν
942 792 1033 835 υἱὸν
1064 793 1135 834 καὶ
1166 794 1336 848 βασιλέα
1370 793 1688 848 ἐπανελήλυθεν.

241 863 288 899 36
429 862 556 909 Ῡῖοὺς
594 861 631 904 δ’
671 864 717 905 ἐκ
762 863 958 909 Φαύστας
992 867 1064 918 τῆς
1100 866 1174 905 τοῦ
1211 861 1483 916 ΆΙαζ-ἰμιανοῦ
1523 860 1737 916 θυγατρὸς
1774 859 1798 902 ὁ

300 931 491 987 βασιλεὺς
523 932 703 985 ἐγείνατο
734 936 851 986 τρεῖς,
885 933 1218 985 Κωνσταντῒνον,
1251 931 1546 973 Κωνστάντιον
1577 930 1648 972 καὶ
1669 929 1796 972 Κών-
1812 930 1859 967 10

301 1017 460 1049 σταντα,
493 1000 564 1042 καὶ
595 1001 808 1055 θυγατέρα
834 1001 1017 1056 Ἑλένην,
1050 1002 1076 1055 ἣ
1097 1006 1159 1054 τῷ
1178 1000 1395 1055 Ἰουλιανῷ
1416 999 1661 1054 συνῴκησεν
1681 999 1797 1040 ὕστε-

240 1070 286 1106 37
300 1086 389 1124 ρον.
453 1068 534 1124 εἶχε
567 1069 612 1111 δὲ
643 1069 714 1111 καὶ
750 1070 797 1111 ἐκ
834 1070 1051 1125 παλλακῆς
1088 1070 1179 1111 υἱὸν
1216 1070 1367 1124 ἕτερον,
1414 1069 1607 1124 Κρίσπον
1642 1067 1797 1110 καλού-

299 1154 438 1193 μενον,
469 1142 555 1180 τῶν
587 1139 726 1180 ἄλλων
757 1139 886 1180 αὐτοῦ
918 1139 1045 1180 υἱέων
1075 1139 1370 1193 πρεσβύτερον,
1411 1139 1458 1184 ὃς
1489 1137 1560 1179 καὶ
1590 1136 1707 1191 παρὰ
1737 1141 1800 1191 τῷ

241 1209 287 1244 38
299 1207 408 1263 πρὸς
439 1207 649 1250 Λικίννιον
679 1208 855 1262 πολέμῳ
885 1208 1086 1255 πολλάκις
1117 1209 1343 1263 ἠρίστευσε.
1392 1207 1529 1262 τούτῳ
1560 1208 1586 1262 ἡ
1618 1205 1799 1262 μητρυιὰ

302 1351 321 1386 1
347 1351 428 1395 περὶ
454 1357 512 1396 τῆς
538 1351 710 1396 εὑρέσεως
736 1356 796 1386 τοῦ
822 1352 921 1386 θείου
948 1356 1101 1396 σταυροῦ
1129 1350 1191 1387 CE
1325 1352 1347 1386 9
1371 1351 1450 1395 περὶ
1476 1355 1547 1385 τῶν
1571 1350 1711 1385 παίδων
1739 1353 1799 1384 τοῦ

299 1399 452 1444 μεγάλου
479 1399 746 1434 Κωνσταντίνου
772 1399 832 1434 καὶ
857 1401 954 1438 ὅπως
985 1400 1098 1435 ἀνεῖλε
1130 1399 1186 1435 τὸν
1218 1398 1295 1435 υἱὸν
1327 1399 1433 1435 αὐτοῦ
1458 1399 1620 1444 Κρίσπον
1652 1397 1801 1444 διαβολῇ

300 1452 361 1494 τῆς
385 1452 568 1493 μητρυιᾶς,
595 1447 667 1482 εἶτα
693 1447 863 1493 κάκείνην
891 1447 919 1484 C

375 1580 394 1614 1
421 1579 481 1615 καὶ
510 1582 605 1616 ante
629 1581 740 1625 μυηθ.
770 1591 844 1615 om.
871 1579 907 1615 D
1036 1580 1058 1615 3
1085 1578 1583 1625 &Qazoc-sfiayyszcoapcgvovJ
1611 1578 1657 1614 V.
1683 1578 1800 1614 Pauli

374 1639 436 1673 ep.
455 1627 508 1663 ad
526 1628 638 1663 Rom.
657 1628 694 1663 X
715 1628 758 1663 15
854 1629 959 1667 πόδες
986 1639 1061 1664 om.
1088 1629 1119 1663 E
1217 1628 1239 1663 9
1266 1628 1424 1674 φαύστης
1451 1627 1552 1673 pr
1651 1627 1684 1662 9.
1712 1627 1758 1662 10
1782 1627 1803 1661 ὅ

373 1675 536 1722 βασιλεὺς
563 1679 653 1722 post
679 1677 836 1721 φαύστας
860 1676 889 1712 C
989 1677 1033 1711 10
1058 1677 1117 1712 καὶ
1136 1676 1228 1711 add.
1250 1679 1343 1712 ante
1362 1676 1598 1711 κωνστάντιον
1616 1674 1799 1721 ΒΟΕΨῙΠ,

375 1727 434 1760 est
461 1724 644 1760 Zonarae
670 1735 751 1760 non
780 1725 914 1760 omnia
947 1725 1129 1760 membra
1161 1724 1360 1770 particula
1392 1725 1457 1759 καί
1487 1724 1690 1769 copulare,
1729 1722 1800 1758 sed

374 1772 658 1808 antecedentia
671 1772 882 1815 ἀσυνδέτως,
911 1773 1093 1808 ultimum
1112 1772 1379 1811 πολυσυνόέτως
1398 1772 1625 1817 adiungere
1655 1782 1688 1806 v.
1704 1770 1802 1806 XIII

374 1820 407 1862 3,
425 1820 459 1855 4.
487 1820 542 1865 11,
563 1820 617 1855 12.
648 1820 702 1864 12,
721 1821 778 1856 44.
807 1820 861 1864 15,
881 1821 914 1856 9.
943 1820 1036 1856 XIV
1061 1820 1116 1864 14,
1135 1821 1192 1856 20.
1224 1820 1276 1865 19,
1303 1820 1359 1855 31.
1387 1819 1479 1855 XVI
1506 1819 1561 1863 11,
1588 1819 1643 1854 13.
1669 1818 1802 1854 XVIII

374 1868 430 1912 22,
458 1868 513 1903 26.
614 1869 656 1903 ll
683 1869 878 1914 θυγατέρας
904 1869 1023 1913 ἕλένην
1049 1869 1109 1904 καὶ
1135 1869 1373 1903 κωνσταντιάν
1399 1868 1430 1902 Ε
1457 1868 1602 1902 hausta
1629 1877 1679 1902 ex
1706 1866 1803 1901 XIII

374 1916 445 1960 8,4
553 1917 672 1962 ἑλένην
700 1915 839 1961 Rtz‘,
865 1916 985 1961 ε’λένην
1010 1915 1055 1960 Α,
1085 1927 1120 1951 V.
1146 1916 1196 1951 ad
1216 1915 1312 1951 XIII
1341 1916 1371 1959 1,
1391 1915 1413 1950 2
1525 1915 1579 1950 13.
1608 1914 1653 1949 14
1680 1916 1718 1953 ὃς
1743 1914 1802 1949 καὶ

374 1970 424 2009 τῷ
450 1964 546 2008 παρὰ
572 1965 630 1999 τὸν
654 1964 743 2010 πρὸς
767 1965 936 1999 λικίννιον
961 1965 1105 2009 πολέμῳ
1133 1965 1175 2006 Ε,
1202 1965 1251 2002 ὣς
1270 1963 1319 2007 (Ῥ)
1345 1963 1405 1998 καὶ
1432 1969 1482 2008 τῷ
1506 1962 1602 2008 παρὰ
1631 1962 1690 1998 τὸν
1715 1962 1803 2006 πρὸς

373 2013 521 2047 λικίνιον
552 2013 696 2057 πολέμῳ
727 2013 828 2048 alter
861 2011 1331 2058 Constantinopolitanus
1368 2011 1467 2057 [sine
1495 2011 1619 2046 dubio
1645 2009 1690 2056 E]
1723 2011 1802 2054 Wo,

375 2061 413 2099 ὂς
439 2060 506 2095 κᾶν
530 2066 580 2105 τῷ
605 2060 693 2106 πρὸς
718 2061 867 2096 λικίνιον
891 2060 1036 2105 πολέμῳ
1065 2062 1166 2095 coni.
1202 2060 1268 2095 VVO

242 2196 289 2232 32
302 2199 484 2244 aderant,
515 2211 708 2246 magnum
736 2211 824 2237 esse
851 2200 1031 2237 silvestri
1059 2201 1179 2236 deum
1206 2201 1446 2236 exclamare.
1497 2199 1638 2235 Iudaei
1665 2202 1801 2235 autem

301 2248 496 2284 miraculo
524 2249 698 2294 perculsi
725 2249 777 2283 ad
804 2249 928 2294 pedes
955 2250 1031 2284 viri
1060 2250 1189 2284 sancti
1216 2249 1402 2284 accidere
1426 2251 1463 2283 et
1483 2251 1631 2293 petere,
1658 2250 1704 2282 ut
1720 2247 1801 2291 pla-

243 2293 289 2327 33
303 2298 414 2332 caret
452 2297 526 2331 sibi
566 2297 684 2332 deum
726 2300 763 2332 et
803 2300 987 2332 sanctum
1021 2298 1264 2341 baptismum
1300 2297 1584 2341 impertiretur.
1644 2294 1801 2330 Incluta

302 2355 401 2379 vero
430 2345 685 2390 imperatoris
713 2348 840 2380 mater
866 2345 1046 2380 nondum
1073 2345 1256 2380 instituta
1282 2345 1478 2389 flagitare,
1506 2347 1551 2378 ut
1571 2343 1801 2378 erudiretur

243 2387 290 2423 34
304 2395 343 2427 et
369 2393 663 2438 baptizaretur3
689 2403 736 2428 ae
753 2394 836 2427 vot-i
856 2403 1020 2438 compos
1038 2395 1157 2436 facta,
1186 2402 1283 2427 vero
1304 2392 1378 2427 (leo
1399 2392 1550 2436 agnito,
1578 2391 1678 2434 loca,
1695 2400 1801 2436 quae

303 2441 468 2475 formosi
494 2439 638 2476 Christi
666 2441 801 2486 pedes,
830 2441 979 2485 quippe
1008 2451 1147 2486 pacem
1175 2440 1419 2474 annuntiare
1446 2439 1561 2482 soliti,
1590 2438 1801 2483 perambu-

243 2484 290 2519 35
303 2487 463 2531 lassent,
490 2492 675 2533 spectare
702 2489 866 2534 cupivit.
905 2487 1042 2523 Aseito
1070 2489 1194 2534 igitur
1221 2487 1268 2522 D.
1288 2486 1480 2523 Silvestro
1501 2487 1646 2522 comite
1664 2486 1802 2522 Hiero-

303 2535 499 2579 solymam
526 2537 710 2581 profecta
738 2539 797 2571 est
823 2543 862 2571 et
888 2536 1074 2581 sepulcro
1101 2536 1250 2571 domini
1273 2535 1442 2570 adorato
1463 2538 1502 2570 et
1520 2538 1662 2569 saneta
1681 2544 1802 2570 eruce

304 2583 481 2627 inventa,
516 2585 580 2618 eui
608 2585 708 2619 deus
738 2587 875 2619 noster
908 2594 1078 2629 corpore
1111 2594 1184 2618 suo
1219 2584 1362 2618 affixus
1395 2583 1540 2625 fuerat,
1574 2585 1613 2618 et
1644 2582 1802 2627 templis

304 2640 454 2675 magno
482 2635 645 2676 sumptu
674 2631 891 2667 exstructis
918 2632 970 2666 ad
995 2631 1119 2666 filium
1147 2632 1432 2675 imperatorem
1460 2630 1589 2666 rediit.

244 2674 290 2709 36
423 2677 609 2723 Suscepit
628 2679 852 2725 Imperator
875 2689 896 2714 e
915 2679 1076 2722 Fausta,
1095 2679 1175 2713 filia
1194 2678 1439 2720 Maximianh
1458 2681 1540 2713 tres
1567 2678 1679 2722 filios,
1703 2675 1802 2712 Con-

305 2725 536 2770 stantinum,
559 2726 837 2762 Constantium
859 2730 896 2762 et
913 2726 1170 2763 Constantem
1190 2737 1238 2761 ae
1258 2727 1378 2761 filiam
1394 2726 1601 2766 Helenam,
1621 2735 1726 2770 quae
1740 2724 1802 2759 Iu—

243 2769 290 2804 37
305 2773 411 2807 liano
428 2777 569 2818 postea
583 2775 730 2819 nupsit.
762 2774 915 2810 Habuit
930 2777 970 2810 et
984 2785 1006 2809 e
1021 2775 1249 2810 concubina
1264 2774 1386 2809 filium
1405 2774 1586 2816 alterum,
1606 2772 1801 2818 Crispum,

304 2823 405 2854 natu
422 2821 615 2856 maiorem
635 2822 722 2856 aliis
741 2823 840 2859 filiis.
869 2823 937 2867 qui
955 2822 1166 2857 Liciniano
1187 2822 1292 2857 bello
1312 2822 1437 2857 multa
1457 2822 1613 2856 fortiter
1636 2821 1800 2854 fecerat.

245 2865 292 2900 38
305 2867 405 2903 Eum
433 2867 582 2905 Fausta
608 2879 786 2905 noverea
821 2870 963 2905 insano
998 2881 1135 2906 amore
1173 2873 1371 2916 correpta,
1407 2879 1496 2904 cun]
1530 2868 1581 2903 ad
1615 2867 1802 2903 concubi-
