2054 3282
359 223 429 259 5390
755 222 936 261 ZONAR.
965 223 1095 260 EPIT.
1123 222 1214 260 XVI
1241 222 1272 269 2,
1301 222 1450 260 19-31,

360 350 527 401 αγαγεῖν
550 347 606 393 εἰς
628 345 887 399 ὀρθοδοξίαν
909 346 956 388 ἑκ
987 350 1059 400 τῆς
1091 346 1292 399 αἱρέσεως
1323 345 1394 387 καὶ
1425 346 1574 388 στέλλει
1604 346 1700 394 τοὺς
1731 351 1853 390 τοῦτο

300 417 347 452 90
360 416 613 462 σπεύσοντας
661 415 818 468 ἄνδρας
864 418 949 456 τῶν
996 415 1344 469 ε’πιφανεστέρων.
1409 416 1449 457 οἳ
1495 415 1540 457 δὲ
1587 416 1764 466 ἀδεξίως
1807 417 1854 460 τὸ

358 488 533 539 πρᾶγμα
565 484 636 525 καὶ
669 484 820 538 ἀφυῶς
850 483 1231 538 μεταχειρισάμενοι
1259 484 1309 525 οὗ
1330 483 1464 538 μόνον
1485 485 1689 540 ἀνήνυτον
1710 487 1855 529 ἔθεντο

359 551 433 606 τὴν
465 553 667 607 σπουδήν,
707 546 808 593 ἀλλὰ
841 552 913 593 καὶ
943 553 1000 598 εἷς
1031 552 1286 594 ἀποστασίαν
1317 552 1500 607 ὁρμῆσαι
1530 553 1576 596 τὸ
1609 555 1727 608 γένος
1757 555 1856 597 ὅλον

300 622 417 667 21εἷς
446 621 657 675 μυριάδας
687 619 844 666 πολλὰς
876 620 1104 675 ἐβιάσαντο.
1168 622 1191 662 ὃ
1223 621 1294 662 καὶ
1324 625 1408 668 τοῖς
1440 621 1671 677 ἔξἸσμαὴλ
1702 625 1891 678 συμμι-5

317 689 564 743 Ογνύμενον
596 688 701 730 κατὰ
728 688 951 743 Ῥωμαίων
983 689 1058 732 σὺν
1089 690 1229 736 αὐτοῖς
1261 689 1535 745 ἐστρατεύετο,
1581 691 1651 733 καὶ
1687 692 1856 735 πολλῶν

360 758 527 811 γέγονεν
559 759 698 804 αὐτοῖς
730 759 856 799 αἴτιον
888 762 1136 813 συμφορῶν.

299 827 345 863 22
473 825 526 868 Ὁ
563 827 609 868 δέ
648 842 692 880 γε
729 825 920 881 βασιλεὺς
952 827 1123 882 Μιχαὴλ
1166 826 1237 869 τὸν
1280 827 1460 881 μείρακα
1504 828 1743 883 παρελάσας
1785 829 1856 871 καὶ

359 895 587 941 νεανίσκοις
623 895 713 948 ἄρτι
749 894 1081 949 καταλεγόμενος
1121 895 1300 950 ἤσχαλλε
1342 895 1442 950 παρ’
1489 897 1626 943 ἄλλοις
1668 896 1742 951 τὴν
1783 902 1856 953 τῆς

358 962 566 1017 βασιλείας
608 963 777 1017 βλέπων
822 963 1034 1018 διοίκησιν,
1078 965 1275 1018 ἠρέθιστο
1316 964 1361 1006 δὲ
1398 964 1469 1006 καὶ
1505 965 1615 1019 πρὸς,
1643 970 1717 1007 τοῦ
1747 965 1855 1020 πρὸς
1870 968 1915 1003 10

358 1030 517 1085 μητρὸς
547 1031 667 1072 θείου
698 1035 771 1072 τοῦ
804 1031 956 1085 Βάρδα
996 1036 1067 1086 τῆς
1106 1032 1333 1086 αὐταρχίας
1371 1032 1479 1086 πρὸς
1522 1034 1680 1087 ἔρωτα·
1727 1035 1783 1081 εἷς
1815 1032 1852 1076 δ’

299 1102 344 1137 23
359 1098 411 1154 ἦν
441 1099 512 1141 καὶ
545 1098 667 1146 οὗτος
696 1103 782 1141 τῶν
814 1099 1051 1154 ἐπιτρόπων
1081 1105 1154 1142 τοῦ
1187 1100 1372 1156 Μιχαήλ.
1438 1102 1645 1157 διαφορᾶς
1680 1103 1727 1145 δέ
1755 1119 1855 1145 ποτε

357 1173 419 1222 τῷ
443 1168 659 1222 μαγίστρῳ
681 1167 890 1222 ΙἉανουὴλ
913 1169 1138 1224 γενομένης
1159 1168 1266 1224 πρὸς
1287 1168 1358 1211 τὸν
1389 1170 1617 1225 λογοθέτην
1647 1175 1721 1213 τοῦ
1754 1171 1853 1226 δρό-
1869 1173 1904 1208 D
1921 1172 1975 1208 IV
1989 1173 2011 1208 7

357 1253 443 1291 μου
466 1236 712 1278 Θεόκτιστον
746 1235 833 1290 (καὶ
855 1237 989 1291 ἄμφω
1014 1237 1058 1278 δὲ
1080 1238 1370 1291 συνεπιτρόπω
1397 1242 1470 1280 τοῦ
1502 1239 1708 1292 βασιλέως
1739 1241 1853 1295 ἐτυγ-

358 1303 566 1360 χανέτην),
604 1305 627 1346 ὁ
659 1305 869 1359 Μανουὴλ
899 1309 984 1347 τῶν
1016 1306 1264 1359 ἀνακτόρων
1297 1307 1516 1361 ὑποχωρεῖ
1558 1307 1626 1362 (ἦν
1658 1308 1737 1363 γὰρ
1770 1309 1859 1351 ἐκεῖ
1872 1311 1914 1347 15

308 1377 343 1412 D
361 1372 648 1428 διαιτώμενος)
683 1373 755 1415 καὶ
783 1375 839 1420 εἷς
870 1373 941 1415 τὸν
974 1375 1125 1415 οἰκεῖον
1158 1374 1275 1416 οἷκον
1306 1379 1546 1430 μεταχωρεῖ
1572 1377 1769 1418 κάκεῖθεν
1800 1378 1856 1424 εἷς

299 1446 346 1482 24
359 1442 408 1484 τὰ
444 1443 628 1497 βασίλεια
668 1442 805 1484 ἀπιὼν
843 1446 928 1484 τῶν
967 1443 1214 1497 διοικήσεων
1257 1445 1396 1498 εἴχετο.
1458 1449 1580 1485 τοῦτο
1612 1450 1672 1498 τῷ
1703 1445 1857 1500 Βάρδᾳ

359 1511 677 1566 θυμηρέστατον
708 1511 871 1560 ἔδοξεν·
905 1511 1279 1554 ἀποσκευάσασθαι
1301 1516 1403 1566 γοῦν
1424 1512 1496 1554 καὶ
1517 1513 1588 1555 τὸν
1610 1512 1856 1556 Θεόκτιστον

358 1650 381 1685 8
406 1651 502 1689 ὅπως
528 1651 549 1684 ὁ
571 1650 720 1696 ᾹῙιχαὴλ
747 1650 804 1685 τὸν
829 1651 1019 1696 λογοθέτην
1045 1651 1157 1686 ἀνεῖλε
1184 1651 1331 1693 (ἀνεῖλεν
1358 1651 1404 1694 Ε)
1434 1652 1642 1687 Θεόκτιστον
1669 1651 1731 1688 ΟΕ

430 1778 462 1814 2.
489 1779 512 1814 3
537 1778 575 1814 τὸ
599 1783 742 1824 πρᾶγμα
770 1790 844 1814 om,
873 1779 901 1815 C
1040 1779 1063 1814 4
1090 1779 1151 1825 τὴν
1178 1791 1252 1815 om.
1282 1779 1310 1816 C
1448 1779 1470 1815 5
1496 1783 1586 1826 post
1609 1780 1739 1819 πολλὰς
1765 1780 1856 1816 add.

430 1826 693 1871 ἀριθμούμενον
719 1826 878 1872 prDi
1010 1828 1031 1863 7
1057 1828 1195 1872 γέγονεν
1223 1828 1340 1867 αὐτοῖς
1368 1829 1476 1863 αἴτιον
1501 1826 1582 1866 ΑΟ,
1608 1829 1716 1863 αἴτιον
1741 1829 1858 1874 γέγονε

435 1875 580 1909 omisso
597 1875 713 1913 αὐτοῖς
728 1875 769 1916 Ε,
788 1876 897 1910 αἴτιον
910 1875 1027 1914 αὐτοῖς
1040 1876 1157 1920 γέγονε
1172 1875 1256 1920 w*p
1361 1876 1383 1910 8
1395 1875 1546 1914 πελάσας
1563 1876 1594 1910 Ε
1691 1876 1713 1911 9
1727 1876 1857 1921 ἤσχαλε

432 1921 598 1967 CDEwp
666 1922 966 1967 1οδιοίκησινοιῐι
988 1922 1017 1959 C
1088 1922 1578 1968 10.11πρὸςμηιρ.ΒκνρΙ)ἱ,
1592 1937 1695 1968 μητρ.
1709 1924 1854 1959 omisso

429 1969 518 2014 πρὸς
535 1969 571 2004 Α
668 1970 714 2004 14
739 1971 852 2015 ἄμφω
871 1969 1017 2015 AEwp,
1042 1971 1136 2005 οὗτοι
1165 1971 1278 2012 (οὗτοῖ
1293 1970 1336 2012 C)
1365 1971 1395 2006 Ο
1493 1970 1532 2005 δὲ
1561 1982 1636 2006 om.
1652 1971 1680 2006 C
1777 1984 1856 2006 συν-

430 2018 607 2061 επιτρόπω
634 2016 798 2062 EwpDz'‚
829 2017 893 2052 σὺν
918 2018 1093 2062 ἐπιτράπω
1120 2017 1166 2063 A,
1192 2020 1432 2062 συνεπίτροποι
1461 2019 1491 2054 O
1608 2019 1797 2063 ἐτύγχανον
1823 2019 1854 2054 O

433 2065 478 2100 15
503 2065 686 2109 ἀναχωρεῖ
708 2064 743 2099 D
843 2066 888 2100 16
913 2066 961 2104 εἷς
987 2065 1045 2100 τὸν
1070 2065 1171 2100 οἶκον
1195 2080 1318 2111 μεταχ.
1343 2066 1467 2101 ἑαυτοῦ
1494 2065 1572 2109 CD,
1599 2066 1647 2105 εἷς
1673 2066 1730 2101 τὸν
1755 2065 1855 2101 οἶκον

430 2113 555 2147 ἑαυτοῦ
571 2126 692 2158 μεταχ.
712 2112 742 2147 Β
832 2113 875 2148 17
893 2112 1018 2158 εἴχετο]
1037 2114 1137 2158 ἔτυχε
1158 2114 1188 2148 Ε
1286 2113 1397 2158 τοῦτο]
1417 2114 1529 2149 τούτω
1549 2113 1578 2150 C
1677 2114 1722 2149 18
1738 2114 1853 2159 θυμη-

432 2160 593 2205 ρὲστερον
620 2160 651 2195 Ε
748 2160 812 2195 οὗν
839 2160 869 2195 O

361 2289 450 2314 cum
477 2279 519 2314 in
546 2280 679 2314 animo
707 2280 874 2315 haberet
901 2281 952 2315 ab
973 2280 1130 2315 haeresi
1149 2281 1201 2314 ad
1221 2291 1359 2316 veram
1380 2281 1615 2326 religionem
1636 2280 1852 2323 retrahere,

300 2324 347 2359 20
362 2327 470 2362 viros
497 2327 670 2362 illustres
696 2327 832 2371 mittit3
872 2329 939 2372 qui
968 2338 1058 2362 cum
1085 2329 1293 2372 negotium
1321 2329 1431 2362 nulla
1460 2328 1702 2362 dexteritate
1728 2327 1853 2362 nullo-

362 2385 441 2418 que
459 2375 624 2419 ingenio
645 2374 1002 2417 administrassent,
1023 2385 1103 2410 non
1126 2376 1245 2411 modo
1264 2377 1425 2410 inanem
1445 2376 1624 2410 laborem
1646 2377 1851 2419 ceperunt,

361 2421 431 2457 sed
458 2425 498 2456 et
516 2422 567 2456 ad
588 2422 854 2457 defectionem
875 2423 1069 2467 populum
1099 2433 1268 2466 omnem,
1296 2423 1410 2457 cuius
1437 2422 1562 2457 multa
1591 2425 1706 2457 erant
1732 2422 1852 2464 milia,

300 2467 345 2502 21
360 2469 616 2514 impulerunt,
656 2473 701 2504 ut
729 2480 817 2504 cum
846 2470 1056 2505 Isma‘elitis
1094 2471 1297 2505 coniuncti
1324 2470 1526 2505 Romanos
1566 2473 1854 2515 oppugnarent

359 2517 490 2561 iisque
517 2517 663 2552 inultas
690 2517 826 2552 clades
852 2518 1057 2552 inferrent.

300 2562 346 2596 22
481 2563 532 2599 At
559 2575 630 2599 rex
650 2563 818 2599 Michael
846 2575 974 2600 annos
1001 2565 1199 2609 pueritiae
1226 2575 1414 2610 egressus
1433 2565 1594 2609 iamque
1614 2564 1852 2599 adulescens

359 2611 498 2656 iniquo
525 2612 684 2647 ferebat
710 2612 842 2646 animo
882 2612 997 2654 regni
1038 2612 1424 2647 administrationem
1464 2622 1551 2647 esse
1591 2621 1714 2657 penes
1753 2612 1852 2647 alios

360 2659 558 2703 simulque
592 2659 643 2694 ab
682 2660 886 2694 avunculo
914 2658 1060 2703 Barda,
1099 2670 1180 2693 uno
1211 2670 1233 2694 e
1259 2660 1342 2694 suis
1369 2660 1581 2702 tutoribus,
1620 2658 1672 2693 ad
1713 2659 1852 2704 princi-

300 2704 346 2739 23
360 2709 479 2750 patus
515 2717 588 2741 suo
625 2707 825 2742 arbitratu
860 2706 1029 2752 gerendi
1057 2707 1316 2751 cupidita-tem
1353 2707 1610 2741 incitabatur.
1660 2705 1853 2750 Magister

359 2763 457 2788 vero
476 2753 648 2797 Manuffl,
678 2754 853 2799 quodam
881 2757 1063 2799 tempore
1091 2757 1178 2789 orta
1206 2765 1295 2789 eum
1323 2754 1530 2799 logotheta
1558 2763 1700 2788 cursus
1727 2754 1853 2789 Theo-

361 2801 475 2835 ctisto
496 2802 774 2836 controversia
802 2801 934 2844 (erant
953 2804 992 2836 et
1011 2802 1048 2835 hi
1077 2802 1194 2836 ambo
1214 2805 1368 2837 tutores
1389 2801 1524 2846 regis),
1552 2801 1678 2846 regia,
1705 2801 1744 2835 in
1773 2811 1853 2845 qua

359 2854 441 2881 tum
483 2848 669 2892 ‹leg-ebat,
709 2849 849 2884 relicta
882 2849 923 2883 in
960 2859 1054 2884 suas
1093 2849 1215 2884 aedes
1253 2850 1447 2894 remigrat
1485 2849 1661 2893 indeque
1699 2849 1853 2893 regiam

300 2893 347 2930 24
361 2896 626 2942 frequentans
656 2906 790 2933 rerum
829 2897 1216 2933 administrationem
1255 2897 1437 2944 capessit.
1501 2896 1558 2933 Ea
1597 2906 1660 2932 res
1695 2895 1854 2932 Bardae
