2054 3282
498 282 600 326 LEO
625 287 670 325 V.
697 278 961 325 ARMENIVS
986 277 1290 322 IMPERATOR
1314 276 1525 322 FACTVS.
1689 276 1760 320 319

261 411 450 466 κίμασεν,
494 410 596 453 ἀλλὰ
636 410 684 452 τὰ
723 414 796 466 τῆς
831 409 1039 465 βασιλείας
1075 408 1309 463 παράσημα
1339 411 1401 462 τῷ
1430 407 1580 449 Λέοντι
1611 407 1758 455 ἐξαπέ-

261 479 424 522 στειλεν.
487 479 685 526 ἐλθόντος
724 478 763 520 δ’
796 478 956 521 ἐκείνου
997 478 1054 525 εἷς
1091 476 1141 519 τὰ
1179 476 1363 531 βασίλεια
1401 475 1426 517 ὁ
1457 475 1630 530 Μιχαὴλ
1669 475 1758 529 ἅμα
1776 479 1820 515 19

260 551 311 602 τῇ
341 547 512 602 συζύγῳ
548 547 620 589 καὶ
650 551 735 594 τοῖς
763 546 878 588 παισὶ
908 546 1018 601 πρὸς
1047 545 1120 588 τὸν
1150 545 1195 587 ἓν
1225 549 1286 600 τῷ
1322 543 1458 599 Φάρῳ
1489 543 1593 586 ναὸν
1624 544 1761 598 ἱκέτης

260 616 517 670 εἰσέδραμεν.
579 615 921 661 ἀποσπασθέντες
953 614 990 656 δ’
1023 614 1198 668 ἐκεῖθεν,
1231 613 1256 655 0‘
1285 612 1364 667 μὲν
1395 612 1568 667 Μιχαὴλ
1599 613 1657 658 εἷς
1686 611 1761 666 τὴν
1774 617 1822 653 20
1846 616 1878 652 Β

223 683 448 739 5Πρώτην
478 683 706 738 λεγομένην
737 687 864 738 νῆσον
895 682 1094 737 ἀπάγεται
1124 682 1196 724 καὶ
1222 680 1412 736 μοναχὸς
1452 680 1639 736 γεγονὼς
1677 680 1766 722 ἐκεῖ

259 752 452 806 κατεβίω.
513 751 585 793 τὸν
617 751 662 793 δὲ
687 751 818 793 παῖδα
839 751 989 793 τούτου
1009 750 1082 792 τὸν
1103 749 1417 805 Θεοφύλακτον,
1450 751 1498 796 ὃς
1528 748 1599 791 καὶ
1630 749 1759 803 ἀναρ-
1773 755 1818 791 ‘21

259 820 436 875 ρήσεως,
469 820 532 866 ὡς
562 820 737 874 ἔφημεν,
769 819 1017 874 κατηξίωτο,
1049 822 1135 861 τῶν
1165 818 1434 872 παιδογόνων
1453 817 1620 872 μορίων
1641 817 1759 872 ἀφεί-

516 887 526 902 2
619 892 638 900 -
1437 887 1448 900 ,

973 887 1292 902 .....

387 957 462 1011 Τῷ
491 956 570 1010 μὲν
601 954 677 997 οὗν
707 955 881 1010 Μχαὴλ
913 956 956 1002 ἒς
985 959 1107 997 τοῦτο
1137 955 1186 996 τὰ
1219 959 1291 1010 τῆς
1322 955 1456 1009 ἀρχῆς
1492 954 1831 1009 ἕτελεύτησεν,19

201 1033 247 1069 10
261 1024 340 1067 δύο
371 1024 583 1071 ἐνιαυτοὺς
613 1024 911 1079 βασιλεύσαντι.
974 1024 999 1066 ὁ
1026 1024 1071 1066 δὲ
1092 1024 1219 1067 Λέων
1250 1025 1308 1070 εἷς
1337 1023 1386 1065 τὰ
1417 1023 1601 1078 βασίλεια
1633 1023 1797 1066 doci-2

259 1093 356 1135 θὼν
387 1093 533 1135 αὐτίκα
560 1093 845 1148 ἐκδυσάμενος
866 1094 890 1134 ὃ
910 1093 1136 1146 περιέκειτο
1157 1093 1298 1147 φάρος
1317 1097 1378 1147 τῷ
1398 1091 1567 1146 τραυλῷ
1589 1090 1761 1146 Μιχαὴλ

260 1162 488 1217 ἐνεχείρισε,
526 1162 720 1208 κάκεῖνος
751 1161 881 1208 εὐθὺς
911 1160 1014 1203 αὐτὸ
1046 1161 1301 1216 ἠμφιάσατο,
1334 1161 1358 1202 ὃ
1389 1160 1558 1206 πολλοῖς
1588 1163 1762 1214 σημεῖον

261 1231 411 1285 ἐκρίθη
438 1235 584 1272 τοῦτον
604 1230 764 1284 μέλλειν
786 1230 954 1271 ἔσεσθαι
975 1234 1036 1284 τῷ
1057 1230 1204 1271 Λέοντι
1224 1234 1296 1284 τῆς
1316 1229 1524 1284 βασιλείας
1546 1228 1759 1282 διάδοχον.

262 1299 314 1340 οὗ
344 1303 466 1341 τοῦτο
499 1298 544 1340 δὲ
564 1299 698 1353 μόνον
718 1302 791 1353 τῆς
813 1298 1012 1353 διαδοχῆς
1034 1297 1287 1353 σημαντικὸν
1307 1301 1380 1339 τοῦ
1402 1297 1585 1351 κράτους
1606 1296 1759 1351 συνέβη
1773 1305 1797 1342 3
1823 1305 1853 1342 C

205 1372 323 1422 15τῷ
354 1367 538 1422 Μιχαήλ,
582 1366 684 1408 ἀλλιὶ
721 1366 792 1408 καὶ
829 1366 1004 1408 ὄπισθεν
1041 1370 1115 1407 τοῦ
1147 1365 1331 1412 Λέοντος
1364 1365 1652 1420 πορευόμενος
1681 1366 1759 1420 βα-

261 1435 419 1490 σιλικὴν
450 1435 606 1490 ἐσθῆτα
637 1435 1052 1490 μεταμφιασαμένου,
1084 1433 1131 1476 τὸ
1162 1434 1313 1488 ταύτης
1340 1433 1552 1488 πεπάτηκε
1573 1433 1758 1487 κράσπε-

260 1573 282 1609 9
298 1574 456 1620 βασιλεία
478 1573 627 1613 Λέοντος
646 1578 705 1608 τοῦ
722 1573 901 1618 Ἀρμενίου
921 1573 1101 1618 (ἁρμενίου
1121 1571 1203 1616 CD)
1224 1571 1294 1607 AR
1393 1572 1479 1608 10⁶¹
1455 1586 1518 1607 οσα
1537 1571 1653 1616 (και“
1629 1586 1693 1607 οσα
1712 1571 1758 1615 Ε)

260 1621 388 1668 συνέβη
415 1621 612 1667 σημαντικὰ
639 1626 698 1657 τοῦ
724 1621 782 1657 τὸν
807 1620 954 1667 ᾹῙιχαὴλ
981 1626 1042 1656 τοῦ
1068 1621 1218 1660 Λέοντος
1244 1620 1412 1666 διάδοχον
1437 1621 1578 1656 ἔσεσθαι
1606 1619 1668 1656 CE

332 1753 350 1789 1
377 1752 464 1789 ἀλλὰ
482 1751 561 1798 ΑΕ,
587 1752 660 1788 ἀλλ’
679 1752 789 1792 εὐθὺς
807 1752 905 1799 pr
1003 1757 1063 1799 τῆς
1087 1753 1263 1799 βασιλείας
1288 1751 1435 1797 AEwp,
1461 1756 1522 1788 τοῦ
1547 1751 1699 1797 κράτους
1725 1751 1757 1788 Ο

329 1801 352 1836 4
378 1801 666 1839 ἀποσπασθέντος
693 1800 740 1843 D,
767 1811 868 1836 corr.
896 1800 964 1839 Dw
1062 1801 1083 1836 7
1109 1800 1261 1846 ἔφημεν]
1288 1800 1360 1835 XV
1380 1801 1434 1845 17,
1450 1800 1473 1836 9
1570 1802 1593 1836 8
1617 1800 1759 1845 ἐποίησε

332 1847 498 1894 prDl',
524 1849 688 1894 ἐποίησεν
714 1848 793 1892 ΑΒ,
822 1859 859 1884 V.
886 1849 938 1884 ad
964 1848 1061 1884 XIII
1088 1849 1118 1890 1
1128 1815 1179 1884 5η
1326 1849 1349 1882 9
1374 1849 1423 1887 εἰς
1450 1847 1493 1892 O,
1522 1858 1558 1883 V.
1587 1848 1640 1883 ad
1666 1814 1759 1884 XIV

335 1897 389 1938 1⁶2,
421 1897 463 1931 14
625 1898 666 1931 10
691 1897 755 1932 δύο
780 1896 960 1936 ἐνιαυτοὺς
982 1897 1222 1943 βασιλεύσαντι
1251 1895 1343 1931 DB-
1354 1897 1407 1939 W,
1434 1896 1614 1935 ἐνιαυτούς
1635 1898 1641 1939 Ι
1661 1897 1758 1941 βασι-

329 1944 484 1979 λεύσαντι
501 1943 546 1988 Α,
561 1943 736 1983 ἐνιαυτοὺς
748 1945 989 1990 βασιλεύσαντι
1007 1972 1014 1979 .
1031 1971 1038 1980 .
1055 1971 1062 1979 .
1079 1944 1120 1989 Ε,
1137 1954 1242 1990 quae
1257 1944 1403 1979 lacuna
1418 1954 1441 1978 a
1466 1944 1514 1979 W
1510 1954 1532 1979 o
1547 1944 1758 1990 suppletur

619 2001 637 2016 ΙΙ
1423 2001 1442 2017 α

331 2027 470 2062 addito
494 2027 546 2073 β’,
571 2028 636 2073 βσῖ
656 2027 833 2067 ἐνιαυτοὺς
857 2028 1097 2074 βασιλεύσαντι
1125 2027 1154 2064 C
1181 2028 1269 2074 (pro
1297 2028 1363 2063 illo
1380 2029 1444 2073 βσϊ
1465 2031 1587 2063 antea
1605 2027 1758 2073 aliquid

333 2075 441 2110 aliud
470 2081 558 2110 erat
583 2080 796 2110 exaratum
823 2085 932 2111 nunc
959 2086 1039 2111 non
1068 2077 1339 2121 perspicuum,
1367 2076 1440 2111 etsi
1461 2085 1541 2110 non
1561 2080 1648 2110 erat
1665 2076 1757 2119 δύο),

330 2122 507 2161 ε’-νιαυτοῖς
531 2123 771 2168 βασιλεύσαντι
799 2124 964 2167 τέσσαρας
990 2123 1050 2159 καὶ
1074 2129 1188 2169 μῆνας
1213 2123 1310 2158 ἐννέα
1338 2123 1368 2157 Β
1395 2123 1542 2158 lacuna
1565 2123 1714 2158 codicis
1734 2133 1758 2158 a

331 2171 419 2205 viro
447 2170 622 2215 quodam
651 2170 771 2206 docto
796 2170 950 2216 GLxcae
978 2171 1113 2206 verbis
1139 2174 1191 2216 (p.
1218 2171 1298 2215 531,
1329 2171 1386 2214 17)
1413 2171 1611 2217 suppleta,
1646 2171 1758 2206 ἐνιαυ-

330 2231 410 2257 τους
433 2218 673 2263 βασιλεύσαντι
701 2218 767 2253 δύο
793 2217 915 2264 wpDi
1016 2218 1209 2263 παρελθὼν
1235 2218 1267 2254 O
1382 2219 1421 2253 ll
1455 2218 1601 2263 Τραύλῳ
1629 2218 1675 2264 p*
1702 2219 1757 2253 in-

331 2266 424 2301 vitis
442 2264 557 2350 ὀᾸΙζῐν
681 2266 723 2301 13
749 2270 844 2302 ante
869 2271 989 2301 τοῦτον
1015 2266 1107 2301 add.
1135 2271 1195 2302 τοῦ
1222 2266 1320 2312 pr
1443 2267 1488 2301 16
1513 2267 1626 2311 ἄκρον
1650 2266 1758 2301 πεπά-

330 2327 416 2359 τηκε

258 2433 464 2479 eogitavit‚
507 2433 578 2469 sed
622 2435 736 2479 regia
774 2434 950 2479 insignia
988 2432 1113 2468 Leoni
1153 2434 1276 2478 misit3
1318 2432 1467 2479 illoque
1506 2433 1662 2479 regiam
1701 2434 1757 2469 in-
1773 2437 1817 2472 19

258 2491 399 2527 grosso
434 2481 602 2517 Micbaffl
643 2492 732 2517 cum
777 2492 906 2517 uxore
939 2486 977 2516 et
1020 2481 1155 2516 liberis
1197 2482 1237 2516 in
1280 2481 1434 2523 aedffln,
1473 2491 1579 2526 quae
1618 2485 1678 2517 est
1716 2482 1756 2516 in

259 2529 402 2573 Pharo,
441 2529 611 2575 supplex
646 2530 842 2575 confugit.
895 2529 1005 2564 Illinc.
1037 2529 1167 2564 avulsi
1202 2528 1367 2564 Michaffl
1401 2529 1439 2563 in
1473 2529 1604 2564 insula
1634 2528 1757 2564 Prota
1770 2532 1818 2568 20

259 2577 479 2612 monachus
518 2580 650 2613 factus
682 2578 805 2613 vitam
839 2578 988 2622 exegit,
1028 2575 1367 2622 Theophylactus,
1407 2577 1494 2611 eius
1532 2577 1647 2621 filius,
1687 2577 1755 2622 qui
1770 2581 1814 2616 21

258 2624 487 2670 impe-rator,
517 2630 562 2660 ut
588 2625 775 2669 diximus,
809 2624 1036 2671 appellatus
1070 2626 1213 2668 suerat,
1248 2625 1432 2659 virilibus
1464 2625 1638 2660 exsectis
1665 2634 1756 2660 eum

258 2675 386 2707 matra
412 2675 452 2707 et
478 2673 672 2708 fratribus
698 2677 758 2708 est
785 2673 1001 2717 relegatus

379 2719 433 2754 19.
483 2718 601 2755 Hunc
628 2721 779 2756 exitum
809 2720 949 2755 habuit
968 2719 1171 2754 Michafflis
1198 2719 1407 2765 imperium
1435 2719 1606 2755 duorum
1635 2730 1756 2755 anno-

258 2776 358 2802 rum.
408 2766 499 2802 Lao
526 2777 624 2803 vero
652 2769 859 2813 ingressus
886 2768 1040 2813 regiam
1067 2768 1200 2802 statim
1233 2772 1397 2802 exutam
1431 2771 1594 2812 vestem,
1635 2771 1793 2813 qunm2

257 2814 438 2860 gerebat,
457 2813 639 2850 Michaffli
659 2815 784 2850 Baffio
804 2815 925 2859 dedit,
953 2825 1073 2860 quam
1093 2814 1196 2849 idom
1219 2814 1322 2850 illico
1342 2814 1482 2859 induit,
1509 2815 1618 2850 undo.
1643 2815 1755 2850 multi

258 2862 519 2898 coniecerunt
544 2873 636 2899 eum
662 2862 789 2898 Leoni
817 2864 856 2898 in
884 2873 1012 2909 regno
1042 2872 1322 2898 successurum
1357 2872 1457 2898 esse.
1508 2861 1649 2908 Neque
1682 2862 1792 2902 hoc3

258 2910 387 2945 solum
413 2910 679 2946 successionis
705 2911 810 2947 illius
836 2911 1054 2957 augurium
1081 2910 1117 2945 ei
1146 2910 1328 2954 11111,εαί
1356 2909 1454 2946 illud
1481 2874 1613 2956 etiarqn,
1647 2910 1756 2957 quod

258 2955 435 2994 Leonem
462 2967 568 3006 pone
594 2967 768 3007 sequens
795 2962 948 2995 vestem
975 2958 1130 3006 reg-iam
1157 2958 1330 2995 calcavit
1355 2961 1595 3007 extremam3
1633 2959 1756 3008 idque
