2054 3282
381 218 451 257 278
763 216 943 256 ZONAR.
970 215 1099 253 EPIT.
1126 214 1198 251 XV
1223 214 1257 260 7,
1282 214 1410 259 26—8,
1437 212 1493 250 11.

382 341 509 384 αὐτὸν
551 343 589 383 τί
630 342 749 383 δοκεῖ
787 341 903 393 αὐτῷ
945 337 1040 392 περὶ
1082 342 1154 392 τῆς
1191 337 1319 378 αὐτοῦ
1357 336 1534 382 πίστεως
1572 335 1643 378 καὶ
1678 335 1773 390 περὶ
1802 339 1875 390 τῆς

323 411 369 447 27
382 410 575 452 συνόδου.
638 410 662 451 ὁ
695 409 739 450 δὲ
771 406 1129 462 ἒκμειλισσόμενσς
1159 405 1233 459 τὴν
1262 405 1421 446 ἐκείνου
1445 404 1642 459 ὠμότητα
1665 404 1873 459 ἀπεκρίθη

381 479 452 520 καὶ
479 478 622 524 καλῶς
642 477 841 519 πιστεύειν
863 475 990 516 αὐτὸν
1011 474 1082 515 καὶ
1103 474 1292 528 ἀκριβῶς
1314 474 1558 527 δογματίσαι
1578 473 1652 527 τὴν
1674 473 1873 514 σύνοδον·

381 546 452 588 καὶ
487 551 613 588 ταῦτα
645 545 774 587 εἰπὼν
806 545 829 585 ὁ
861 543 1097 598 τρισάθλιος
1128 543 1185 589 εἷς
1214 541 1261 583 τό
1293 541 1506 596 Κυνήγιον
1537 541 1744 596 ἀπαχθεὶς
1775 541 1874 583 ἀπε-

381 615 523 670 τμήθη
555 614 629 667 τὴν
660 613 862 668 κεφαλήν.
1889 613 1912 650 5

116 683 315 721 Ρ11112Α
342 679 367 722 8
500 679 616 723 Καθ’
650 682 826 735 ἑκάστην
859 680 904 722 δὲ
934 685 983 735 τῇ
1015 679 1121 721 κατὰ
1152 683 1237 721 τῶν
1269 679 1503 734 ἐκκλησιῶν
1533 678 1605 720 καὶ
1634 682 1720 720 τῶν
1742 693 1876 733 μονα-

347 751 563 805 Ξστηρίων
604 750 733 803 μανίᾳ
775 750 1009 803 προσετίθει
1046 749 1070 789 ὁ
1101 748 1292 803 βέβηλος.
1355 748 1586 794 ἀκόλαστος
1625 747 1670 789 δὲ
1708 749 1771 789 ὢν
1807 746 1927 788 καὶῙ)
1946 744 2054 783 ΠΙῧὲ

382 823 489 872 τρεῖς
512 823 711 872 γυναῖκας
738 818 928 872 ἠγάγετο,
961 817 1032 859 καὶ
1063 818 1110 859 ἐκ
1141 816 1219 871 μὲν
1249 822 1321 871 τῆς
1350 817 1522 871 πρώτης
1543 818 1637 871 ἔσχε
1656 816 1786 858 παῖδα
1807 815 1879 858 τὸν

384 887 559 940 Λέοντα,
593 888 642 928 ὃν
672 886 744 928 καὶ
773 890 847 928 τοῦ
878 891 951 941 τῆς
981 886 1188 941 βασιλείας
1220 885 1427 940 ὀνόματος
1458 886 1728 940 κατηξίωσεν,
1761 885 1807 926 ἔκ
1834 884 1879 927 δὲ

382 959 468 996 τῶν
489 955 629 996 ἄλλων
649 954 964 1009 Χριστοφόρον,
996 954 1252 1009 Νικηφόρον
1273 970 1315 994 τε
1335 954 1406 995 καὶ
1428 946 1628 1008 Νικήταν.
1690 953 1762 995 καὶ
1783 953 1880 1000 τοὺς
1896 959 1940 995 10

382 1023 461 1078 μὲν
483 1023 562 1064 δύο
589 1023 803 1078 Καίσαρας
825 1024 984 1077 ἔστεψε,
1016 1022 1087 1064 τὸν
1110 1023 1155 1064 δὲ
1176 1022 1367 1076 Μκήταν
1399 1023 1562 1077 ἐτίμησε
1592 1022 1879 1077 νωβελίσιμον.

348 1091 455 1134 3καὶ
486 1097 548 1146 τῷ
578 1093 739 1146 πρώτῳ
771 1093 852 1146 υἱῷ
874 1093 1003 1133 αὐτοῦ
1026 1092 1096 1133 καὶ
1117 1091 1278 1146 βασιλεῖ
1295 1091 1471 1146 ἠγάγετο
1494 1095 1670 1145 γυναῖκα
1693 1092 1738 1140 ἐξ
1752 1091 1880 1146 Ἀθη-

384 1164 472 1202 νῶν
503 1160 575 1202 καὶ
606 1160 910 1215 ἐμνηστεύσατο
940 1160 1092 1214 ταύτην
1124 1161 1253 1214 αὐτῷ,
1287 1161 1443 1214 στέψας
1474 1159 1603 1214 αὐτὴν
1633 1159 1882 1214 Αὐγούσταν

384 1229 455 1271 καὶ
485 1229 665 1275 καλέσας
692 1228 894 1283 Εἰρήνην,
928 1230 972 1277 ἔξ
1006 1228 1055 1284 ἧς
1086 1229 1234 1283 ἐτέχθη
1267 1234 1329 1283 τῷ
1358 1228 1508 1270 Λέοντι
1537 1233 1634 1275 παῖς
1659 1227 1882 1270 Κώνσταν-

384 1301 494 1344 τῒνος
525 1298 790 1352 ὀνομασθείς.
1898 1302 1943 1339 15

349 1368 373 1404 4
503 1365 643 1412 Αὖθις
676 1366 720 1408 δὲ
752 1367 776 1407 ὁ
807 1366 1109 1420 Κοπρώνυμσς
1144 1365 1247 1420 μετὰ
1288 1366 1457 1421 σφόδρα
1493 1366 1663 1407 πολλῶν
1700 1368 1884 1420 τριηρῶν

340 1434 457 1477 Βκαὶ
501 1435 742 1490 δρομώνων
785 1434 891 1476 κατὰ
929 1434 1194 1489 Βουλγάρων
1237 1435 1472 1489 ἐξώρμησε,
1515 1434 1773 1489 βουλόμενος
1817 1432 1883 1476 διὰ

388 1576 409 1612 7
434 1577 485 1611 ὅτι
511 1582 601 1620 τρεῖς
625 1582 793 1622 γυναῖκας
818 1576 963 1621 ἠγάγετο
988 1576 1047 1611 καὶ
1073 1577 1177 1614 ὅσους
1202 1576 1304 1621 ἔσχεν
1329 1576 1367 1617 ἐξ
1392 1576 1509 1611 αὐτῶν
1535 1575 1588 1617 (ἐξ
1604 1575 1722 1611 αὐτῶν
1739 1575 1819 1621 ἔσχε
1837 1575 1882 1617 Ε)

386 1624 513 1663 παῖδας
539 1623 601 1660 CE
627 1624 687 1660 καὶ
713 1625 763 1659 ὅτι
789 1630 840 1669 τῷ
865 1624 998 1670 πρώτῳ
1023 1625 1092 1669 υἱῷ
1118 1624 1225 1659 αὐτοῦ
1249 1629 1399 1669 γυναῖκα
1423 1623 1568 1669 ἠγάγετο
1595 1622 1624 1659 C

460 1755 479 1790 1
506 1755 602 1800 αὐτῷ
632 1756 734 1790 δοκεῖ
754 1755 850 1800 Ewp
1008 1755 1030 1790 3
1055 1755 1116 1790 καὶ
1142 1756 1253 1800 prius
1281 1755 1479 1800 om.·Ewp
1631 1754 1655 1788 4
1680 1754 1827 1792 δείλαιος
1852 1753 1884 1789 Ο

506 1803 675 1848 κυνήγιον
699 1802 781 1845 AR,
814 1803 1027 1848 Nicephor.
1054 1802 1163 1848 Cpol.
1190 1814 1227 1848 p.
1254 1803 1310 1846 75,
1338 1803 1393 1847 18,
1430 1802 1608 1847 Theoph.
1636 1801 1654 1837 I
1681 1813 1718 1848 p.
1743 1801 1825 1846 442,
1851 1802 1884 1845 8,

460 1851 669 1896 κυνηγέσιον
693 1850 791 1896 Bwp
889 1851 911 1886 6
937 1854 1032 1886 ante
1050 1850 1136 1886 καθ’
1156 1850 1248 1885 add.
1267 1850 1327 1885 καὶ
1346 1851 1376 1884 Ε
1473 1849 1563 1885 κατὰ
1591 1860 1664 1885 om.
1680 1849 1727 1893 D,
1755 1849 1884 1895 suppl.

460 1898 530 1936 Dw
627 1899 649 1933 7
672 1899 779 1943 μανίᾳ
807 1909 882 1934 0111.
898 1898 927 1934 C
1026 1899 1068 1932 11
1096 1898 1236 1943 ἐτίμησε
1253 1898 1506 1943 νωβελλίσιμον
1525 1898 1556 1932 Ε
1652 1897 1885 1942 νωβελίσιμον

461 1945 546 1988 AD,
572 1946 824 1990 νωβελλίσιμον
850 1946 960 1991 pr,
989 1946 1245 1991 νωβελίσσιμον
1270 1944 1337 1988 Di,
1371 1957 1408 1980 V.
1435 1945 1527 1981 XIV
1553 1945 1585 1987 5,
1613 1945 1669 1980 37.
1695 1944 1767 1980 XV
1793 1945 1825 1989 9,
1852 1945 1885 1980 7.

463 1994 518 2038 10,
543 1994 577 2028 4.
604 1993 716 2029 XVII
742 1994 800 2037 18,
827 1994 882 2029 15.
910 1994 965 2035 19,
993 1994 1049 2028 10.
1070 1994 1124 2028 18.
1150 1993 1283 2029 XVIII
1303 1994 1357 2037 19,
1376 1993 1409 2028 5.
1431 1994 1474 2028 18
1573 1992 1617 2027 12
1635 1993 1741 2028 αὐτοῦ
1761 2003 1836 2027 om.
1853 1992 1885 2027 B

463 2041 509 2076 14
534 2044 624 2086 post
649 2041 798 2080 καλέσας
823 2041 915 2076 add.
941 2041 1049 2086 αὐτὴν
1075 2040 1104 2076 C
1243 2041 1287 2076 16
1313 2041 1470 2086 τριήρων
1494 2039 1552 2075 Di
1576 2041 1713 2075 invitis
1738 2039 1886 2085 Apr‚

462 2099 501 2124 v.
529 2089 567 2124 II
593 2100 630 2134 p.
650 2089 730 2133 133,
751 2090 806 2124 18.
834 2088 912 2131 141,
934 2089 964 2123 1.
992 2088 1103 2123 XVII
1130 2088 1186 2132 24,
1206 2089 1227 2123 9
1254 2091 1293 2123 et
1319 2088 1611 2134 Goettliugium
1637 2088 1739 2134 Ally.
1757 2088 1887 2123 Lehre

435 2147 496 2187 ..²7·
523 2136 666 2172 Accent
692 2139 766 2172 cet.
792 2147 829 2182 p.
856 2136 925 2172 257
1024 2137 1068 2172 17
1095 2137 1281 2181 δρομόνων
1307 2135 1336 2172 C

391 2268 492 2302 haee
516 2278 731 2313 procerum
747 2267 989 2313 quibusdam
1015 2268 1144 2303 missis
1158 2271 1357 2312 tyrannus
1384 2277 1476 2302 eum
1491 2269 1763 2312 percontatur,
1790 2266 1888 2312 quid

331 2313 376 2349 27
391 2315 442 2350 de
467 2315 547 2351 fide
571 2316 698 2361 ipsius
723 2316 871 2350 sentiat
897 2315 1029 2360 deque
1068 2315 1236 2360 synodo.
1286 2314 1356 2350 Ille
1385 2315 1662 2350 crudelitatem
1689 2315 1776 2349 eius
1807 2314 1888 2359 pla-

391 2368 556 2398 naturus
575 2363 794 2408 respondet
812 2373 904 2398 eum
923 2367 962 2398 et
980 2366 1089 2398 recte
1108 2363 1274 2398 credere
1292 2366 1331 2398 et
1350 2362 1512 2397 decreta
1531 2361 1676 2406 synodi
1694 2363 1887 2396 accurata

392 2421 501 2455 esse;
528 2411 675 2455 quibus
703 2410 818 2445 dictis
845 2411 963 2446 miser
989 2411 1030 2445 in
1057 2410 1282 2456 Cynegium
1310 2410 1510 2444 abductus
1537 2409 1812 2443 obtruncatur.

510 2458 543 2493 8.
593 2458 639 2492 ln
660 2458 746 2493 dies
760 2462 894 2493 autem
913 2459 1040 2493 furori
1057 2461 1196 2493 contra
1211 2457 1400 2493 eeclesias
1426 2460 1464 2492 et
1478 2457 1722 2491 monasteria
1736 2456 1887 2501 aliquid

356 2502 540 2540 2adiecit
577 2505 695 2541 homo
730 2506 938 2551 profanus.
994 2505 1043 2540 Et
1086 2506 1181 2550 quia
1216 2509 1302 2540 erat
1335 2505 1619 2549 inten1peran3‚
1653 2507 1735 2539 tres
1772 2504 1888 2539 duxit

392 2563 553 2596 uxores,
581 2564 603 2588 e
632 2563 804 2598 quarum
831 2554 959 2598 prima
985 2553 1107 2588 filium
1124 2552 1302 2587 Leonem
1321 2552 1507 2596 suscepit,
1535 2561 1654 2596 quem
1679 2552 1793 2596 regio
1820 2562 1887 2586 no-

393 2601 499 2635 mine
540 2601 710 2644 ornavit,
751 2611 773 2636 e
812 2601 956 2636 ceteris
995 2599 1335 2645 Christophorum‚
1375 2599 1656 2644 Nicephorum,
1694 2598 1887 2642 Nicetam,

394 2657 565 2691 quorum
585 2649 739 2693 priores
767 2648 869 2683 duos
893 2658 1044 2683 corona
1063 2647 1262 2683 Caesarea
1290 2647 1461 2690 ornavit,
1488 2646 1653 2681 Nicetae
1679 2646 1794 2682 titulo
1820 2657 1888 2681 no-

357 2693 379 2727 3
393 2694 573 2729 bilissimi
588 2696 749 2730 tributo.
800 2695 934 2730 Primo
961 2695 1042 2731 filio
1062 2698 1101 2730 et
1126 2695 1214 2740 regi
1230 2704 1399 2729 uxorem
1414 2693 1701 2728 Atheniensem
1721 2694 1888 2739 despon-

394 2741 451 2776 dit
477 2746 516 2776 et
541 2741 770 2787 Augustam
802 2743 1032 2788 appellavit,
1071 2743 1197 2777 indito
1224 2742 1368 2777 Irenae
1393 2742 1566 2785 nomine,
1606 2751 1627 2775 e
1654 2751 1734 2786 qua
1760 2740 1887 2776 Leoni

393 2788 497 2823 filius
525 2788 812 2825 Constantinus
837 2793 957 2825 natus
986 2794 1057 2825 est.

357 2835 381 2868 4
511 2836 605 2871 Post
640 2837 741 2872 haee
767 2837 1048 2883 Copronymus
1086 2837 1220 2872 denuo
1254 2847 1343 2872 eum
1370 2837 1551 2882 plurimis
1583 2836 1827 2870 triremibus-
1849 2839 1888 2871 et

394 2883 593 2928 expeditis
619 2885 794 2920 navibus
835 2890 977 2921 contra
1002 2885 1202 2931 Bulgaros
1228 2887 1288 2921 est
1313 2885 1531 2930 profectus,
1573 2894 1646 2929 per
1674 2883 1820 2919 Istrum
1845 2883 1887 2918 in
