2054 3282
550 221 882 260 IVSTINIANVS
909 220 1199 260 SVCCESSOR
1225 220 1480 258 CREATVR.
1699 221 1764 257 151

260 345 440 401 φίβολον
478 345 529 401 ἧν
566 347 684 400 αὐτῷ
722 345 769 387 τὸ
813 346 1032 400 βιώσιμον,
1077 344 1364 399 μετακαλεῖται
1400 343 1472 385 τὸν
1502 343 1766 398 πατριάρχην

261 415 518 470 Ἐπιφάνιον,
561 416 870 470 μεταπέμπεται
909 415 955 456 δὲ
991 413 1089 460 τοὺς
1127 414 1172 455 ἐν
1207 413 1320 461 τέλει,
1364 412 1436 454 καὶ
1479 413 1651 467 βασιλέα
1695 411 1767 454 τὸν

260 485 515 539 ἀδελφιδοῦν
538 484 821 526 Ἰουστινιανόν
842 484 1141 531 ἀναδείκνυσιν,
1173 482 1300 530 αὐτὸς
1324 487 1374 538 τῇ
1406 482 1567 524 ἐκείνου
1599 481 1765 536 κεφαλῇ

259 554 446 609 περιθεὶς
481 554 528 596 τὸ
566 554 762 608 διάδημα.
824 552 895 594 καὶ
927 553 983 598 εἰς
1013 552 1060 594 τὸ
1091 557 1163 607 τῆς
1195 551 1446 607 ἱππηλασίας
1476 552 1660 605 θέατρον
1690 554 1765 592 τοῦ
1778 554 1827 591 40

50 630 86 667 D
101 629 159 666 III
177 629 249 665 ‘270
263 624 404 680 δήμου
434 628 507 679 τῆς
534 624 700 670 πόλεως
721 622 1037 677 ἀθροισθέντος,
1071 622 1191 670 ἔξεισι
1210 620 1320 676 πρὸς
1341 620 1494 667 αὐτοὺς
1515 620 1766 675 ἐστεμμένος

262 694 286 735 ὁ
310 693 603 740 Ἰουστινιανός,
636 692 707 734 καὶ
731 691 847 745 παρὰ
879 691 1050 733 πάντων
1081 689 1358 746 εὐφημισθεὶς
1389 690 1597 745 ἐπανῆκεν
1628 691 1686 736 εἰς
1716 688 1764 730 τὰ

261 764 458 818 βασίλεια,
509 762 818 816 τεσσαράκοντα
866 761 936 802 καὶ
981 761 1101 802 πέντε
1146 760 1236 802 τότε
1281 759 1502 814 τυγχάνων
1548 759 1763 799 ἐνιαυτῶν.

261 833 408 874 αὐτίκα
442 832 487 874 δὲ
517 831 589 873 καὶ
620 832 645 886 ἡ
680 830 835 885 γαμετὴ
870 830 1000 871 αὐτοῦ
1033 828 1243 882 Θεοδώρα
1276 828 1493 883 ἀνερρήθη
1526 827 1823 881 Αὐγούστα.41

260 900 332 942 καὶ
361 898 449 955 μετ’
483 900 623 954 ὀλίγον
652 905 714 954 τῷ
738 899 944 953 Ἰουστίνῳ
976 898 1163 940 ἐπέλιπεν
1194 899 1219 953 ἡ
1248 898 1355 952 ζωή,
1387 896 1674 951 βασιλεύσαντι
1695 897 1763 950 ἔτη
1778 901 1825 937 42

202 975 249 1011 10
261 970 379 1011 ἐννέα
411 966 478 1024 ἐφ’
512 970 688 1024 ἡμέραις
719 970 859 1010 εἴκοσι.

380 1038 465 1079 Καὶ
509 1039 533 1079 ὁ
569 1038 648 1093 μὲν
691 1038 878 1091 εὐσεβῶς
920 1036 1170 1091 βασιλεύσας
1213 1036 1422 1091 ἀπῆλθεν·
1469 1035 1675 1089 ἄρξαντος
1719 1033 1806 1078 δὲ6

261 1108 547 1150 Ἰουστινιανοῦ
585 1107 664 1149 οὐκ
703 1108 760 1153 εἷς
797 1106 1034 1161 μοναρχίαν
1065 1107 1090 1161 ἡ
1123 1106 1308 1159 βασιλεία
1348 1105 1535 1158 κατέστη,
1580 1100 1667 1145 ἀλλ’
1709 1104 1810 1150 εἶςΡ
1826 1109 1918 1144 ΙΙ61
1935 1107 1969 1144 Α

260 1177 433 1219 διπλοῦν
453 1177 500 1218 τὸ
522 1177 678 1231 κράτος
696 1176 939 1230 μεμέριστο·
974 1174 1098 1216 οὐδὲν
1130 1174 1210 1228 γὰρ
1242 1173 1364 1229 ἦττον
1394 1178 1468 1215 τοῦ
1496 1177 1764 1227 κρατοῦντος,

260 1247 298 1287 εἰ
324 1245 383 1300 μὴ
417 1245 488 1287 καὶ
518 1245 692 1300 μᾶλλον,
739 1246 763 1299 ἡ
796 1243 1004 1290 κοινωνὸς
1040 1244 1158 1298 αὐτῷ
1194 1248 1268 1285 τοῦ
1306 1244 1402 1297 βίου
1436 1242 1648 1297 δεδύνητο.
1711 1241 1800 1297 ἧν2

204 1320 247 1356 15
262 1315 307 1357 δὲ
338 1315 363 1357 ὁ
394 1314 586 1369 βασιλεὺς
618 1312 741 1360 οὗτος
772 1314 926 1369 ῥᾷστος
955 1313 1034 1368 μὲν
1063 1313 1172 1367 πρὸς
1204 1314 1380 1361 ἔντευξιν
1416 1312 1487 1354 καὶ
1524 1313 1761 1354 ἀναπεπτα-

258 1385 389 1438 μένας
420 1383 502 1439 εἷχε
539 1383 612 1430 τὰς
650 1383 785 1430 ἀκοὰς
822 1382 931 1437 πρὸς
971 1382 1186 1437 διαβολήν,
1231 1381 1330 1431 ὀξὺς
1362 1381 1407 1423 δὲ
1437 1380 1547 1435 πρὸς
1583 1381 1761 1435 ἄμυναν,

258 1453 436 1509 ἀφειδὴς
472 1452 581 1507 πρὸς
611 1452 843 1508 χρημάτων
875 1452 1111 1507 ἐξάντλησιν
1141 1450 1214 1492 καὶ
1243 1450 1352 1504 πρὸς
1383 1448 1590 1504 συλλογὴν
1621 1449 1763 1490 αὐτῶν

259 1584 281 1620 9
307 1583 445 1630 τελευτὴ
469 1584 659 1620 Ἰουστίνου
686 1582 749 1619 CE
940 1583 982 1618 11
1010 1583 1170 1629 βασιλεία
1193 1582 1444 1617 Ἰουστινιανοῢ
1471 1579 1554 1625 AR,
1581 1580 1674 1616 add.
1700 1585 1761 1615 τοῦ

257 1632 409 1678 μεγάλου
434 1632 465 1667 Β
651 1632 717 1667 οἶοι
745 1631 823 1671 τοὺς
851 1632 1000 1676 τρόπους
1025 1631 1114 1677 ἦσαν
1135 1629 1380 1669 Ἶουστινιανὸς
1406 1629 1467 1665 καὶ
1493 1629 1514 1675 ἦ
1541 1628 1628 1675 γυνὴ
1654 1627 1761 1664 αὐτοῦ

264 1680 436 1725 Θεοδώρα
463 1679 526 1717 CE

331 1788 354 1823 2
380 1791 470 1834 post
496 1787 535 1823 δὲ
561 1788 652 1823 add.
671 1788 730 1824 καὶ
749 1786 907 1834 prDi
1003 1787 1026 1822 3
1052 1787 1269 1832 ἀδελφιδοῦν
1296 1786 1418 1822 om.B
1515 1785 1762 1822 ἀναδείκνυσιν

332 1836 595 1877 (ἀποδείκνυσιν
621 1836 713 1881 ΟΕ)-
742 1836 846 1875 αὐτός
872 1835 1005 1880 AERS,
1038 1836 1106 1871 Wo
1134 1836 1220 1870 Iat.:
1250 1833 1340 1871 suis
1366 1832 1558 1871 manibus
1585 1834 1673 1870 eius
1700 1844 1762 1869 ca-

333 1885 404 1930 piti
431 1884 619 1920 diadema
644 1885 824 1931 imponit,
848 1884 1098 1919 ἀποδείκνυσιν
1122 1884 1224 1922 αὐτός
1252 1883 1336 1929 w*p
1462 1883 1484 1917 (3
1511 1882 1658 1921 ἰστιανός
1685 1881 1714 1918 C

380 1932 605 1978 εὖφημηθείς
633 1932 730 1978 pr
847 1933 867 1967 7
894 1933 1151 1976 τεσσαράκοντα
1179 1942 1253 1967 om.
1280 1931 1309 1968 C
1423 1930 1608 1976 τυγχάνων
1633 1931 1707 1965 τότε
1733 1929 1762 1966 C

332 1981 355 2015 9
380 1985 429 2025 τῷ
457 1991 532 2016 om.
555 1980 591 2015 D
688 1980 827 2015 ἐπέλιπε
853 1980 890 2015 τὸ
912 1980 1090 2026 βιώσιμον
1117 1979 1218 2026 pr
1317 1979 1350 2014 9.
1380 1979 1425 2014 10
1450 1978 1489 2014 δὲ
1514 1979 1561 2014 ἔτι
1587 1978 1686 2014 ἐννέα
1715 1977 1761 2021 Α,

333 2029 390 2072 ἔτη
416 2028 513 2063 ἐννέα
535 2028 647 2070 (ἐννέα
663 2029 720 2073 ἔτη
740 2028 857 2074 pr)
876 2028 1022 2064 omisso
1039 2027 1078 2063 δὲ
1094 2027 1187 2063 RDi
1285 2028 1331 2062 10
1355 2027 1488 2072 ἡμέρας
1514 2026 1599 2072 w*p
1623 2026 1762 2061 invitis

333 2075 405 2111 AR
500 2077 634 2111 εἴκοσιν
651 2074 856 2122 AprDi,
875 2077 986 2111 εἰκοσι
1006 2076 1046 2120 Ε,
1075 2087 1113 2112 v.
1137 2075 1190 2111 ad
1208 2075 1304 2111 XIII
1325 2076 1356 2120 l,
1371 2075 1394 2110 5
1419 2077 1460 2111 et
1485 2075 1538 2110 ad
1565 2085 1623 2110 VS.
1649 2084 1761 2119 sequ.

336 2124 377 2159 11
407 2124 683 2168 Καὶ-ἀπῆλθεν
708 2134 783 2159 om.
811 2123 908 2169 pr
1021 2124 1066 2159 13
1091 2123 1164 2169 τοῦ]
1194 2123 1255 2160 καὶ
1281 2123 1329 2168 D,
1357 2134 1458 2159 corr.
1485 2122 1555 2161 Dw
1674 2136 1762 2167 κρα-

335 2172 486 2217 τοῦντος]
513 2171 666 2216 κράτους
692 2171 722 2206 Ε
858 2171 902 2207 15
927 2171 1028 2211 οὗτος
1053 2173 1073 2207 ὁ
1096 2171 1261 2218 βασιλεὺς
1287 2171 1385 2217 pr
1523 2170 1568 2206 16
1594 2170 1763 2216 διαβολὰς

334 2219 436 2265 pr
571 2219 616 2254 17
641 2219 792 2265 ἀφειδὴς
808 2240 850 2244 —-
867 2230 903 2265 p.
920 2219 1034 2263 1521
1062 2219 1320 2265 ἀφειδέστερος]
1348 2219 1409 2255 De
1437 2219 1614 2254 Chiasmo
1642 2229 1680 2253 V.
1709 2218 1761 2253 ad

334 2267 430 2303 XIII
455 2267 488 2312 9,
515 2268 547 2311 6,
575 2267 625 2302 de
651 2267 983 2303 annominatione
1010 2267 1062 2302 ad
1088 2267 1185 2302 XIII
1210 2267 1243 2312 5,
1269 2267 1325 2303 29.

263 2391 393 2424 sceret
417 2388 471 2423 ita
498 2391 543 2423 ut
561 2388 727 2423 dubium
749 2392 863 2431 osset,
892 2398 985 2422 num
1008 2399 1076 2422 rvx
1099 2390 1422 2430 conservaretur,
1450 2387 1676 2432 Epiphanio
1696 2397 1762 2432 pa-

262 2436 439 2471 triarcha
466 2439 505 2471 et
526 2437 770 2482 prImoribus
789 2436 1000 2471 advocans
1022 2436 1290 2470 Iustinianum
1315 2437 1504 2480 nepotem
1533 2434 1763 2470 diademate

263 2485 345 2519 suis
370 2484 557 2520 manibus
584 2488 701 2519 ornat
722 2489 759 2519 et
781 2495 917 2529 rogem
938 2483 1135 2529 desig-nat.
1188 2482 1370 2528 Cumque
1389 2483 1429 2517 in
1448 2485 1637 2528 equestre
1655 2482 1762 2518 thea-
1776 2478 1823 2515 40

263 2535 367 2567 trum
395 2532 569 2578 populus
597 2533 863 2574 convenisset,
892 2531 1140 2566 Iustinianus
1167 2533 1385 2566 coronatus
1411 2530 1463 2566 ad
1485 2541 1554 2566 eos
1573 2540 1763 2576 egressus

263 2580 315 2615 ab
334 2580 520 2615 omnibus
546 2580 745 2615 salutatus
765 2581 803 2615 in
833 2580 986 2625 regiam
1015 2579 1142 2623 rediit,
1171 2578 1445 2624 quadraginta
1472 2579 1652 2624 quinque
1678 2580 1763 2613 tum

263 2631 383 2663 natus
409 2638 549 2663 annos.
601 2627 740 2664 Statitn
767 2627 983 2663 'Pheodora
1009 2637 1183 2672 quoque,
1215 2627 1302 2662 eius
1330 2636 1447 2670 uxor,
1474 2626 1677 2672 appellata
1704 2628 1764 2662 est
1776 2624 1819 2659 41

263 2674 461 2721 Augusta.
513 2675 654 2721 Neque
686 2679 775 2722 post
812 2675 980 2711 multum
1018 2675 1208 2720 temporis
1235 2674 1413 2710 IustInus
1446 2674 1671 2709 exstinctus
1704 2676 1763 2710 est
1777 2672 1823 2707 42

264 2726 354 2769 post
379 2733 550 2770 regnum
578 2734 724 2759 novem
752 2733 950 2759 annorum
980 2727 1018 2758 et
1045 2723 1200 2757 dierum
1228 2723 1384 2767 viginti.

382 2770 415 2806 (3.
467 2769 528 2806 Ita
554 2771 618 2807 ille
646 2775 735 2817 post
763 2772 972 2817 imperium
1003 2771 1111 2816 pium
1139 2780 1160 2805 e
1189 2770 1272 2805 vim
1300 2769 1489 2814 decessitr,
1516 2768 1762 2805 lum-mmm)

264 2822 399 2854 autem
426 2819 694 2865 principatum
723 2819 883 2865 adepto,
923 2830 1004 2854 non
1031 2819 1152 2853 unius
1179 2822 1266 2853 erat
1292 2821 1470 2863 potestas
1496 2817 1567 2853 sed
1593 2817 1634 2852 in
1661 2817 1764 2853 duas

264 2869 401 2912 partes
419 2866 561 2910 divisa,
589 2876 679 2902 eum
699 2867 786 2902 eius
810 2868 920 2902 socia
946 2877 1027 2901 non
1054 2867 1186 2901 minus
1212 2866 1299 2911 ipso
1326 2875 1375 2901 ac
1399 2866 1534 2911 potius
1560 2865 1650 2911 plus
1677 2876 1764 2911 pos-

266 2918 336 2950 set.
379 2914 474 2950 Erat
494 2914 557 2950 hie
575 2925 646 2950 rex
672 2914 784 2950 aditu
812 2914 1035 2958 facillimus,
1063 2914 1114 2948 ad
1143 2924 1315 2959 poenam
1343 2913 1604 2959 irrogandam
1633 2913 1800 2959 aeque‘2
