2054 3282
350 197 420 234 376
706 195 887 234 ZONAR.
915 196 1044 232 EPIT.
1072 195 1143 231 XV
1170 195 1225 240 28,
1252 195 1404 241 38—29,
1433 195 1487 232 11.

291 320 376 373 3θῆ
407 318 542 373 μόνου
574 322 647 360 τοῦ
681 319 983 373 ὑπηρετοῦντος
1020 318 1137 371 αὐτῷ
1173 316 1244 359 καὶ
1280 321 1353 359 τοῦ
1390 317 1607 372 βασιλέως.
1669 317 1844 374 φιλοπο-

350 391 438 428 νῶν
470 387 549 441 γὰρ
582 388 606 428 ὁ
634 387 840 441 Θεόφιλος
871 386 941 427 καὶ
973 386 1276 439 ἀναγινώσκων
1308 387 1453 440 ἠρώτα
1484 386 1556 428 τὸν
1587 386 1698 440 ἱερὸν
1720 386 1844 429 Mefi-

351 456 467 497 όδιον
509 456 603 509 περὶ
647 454 710 497 ὧν
749 455 1027 509 ἄμφιβάλλων
1063 454 1133 509 ἦν·
1181 454 1245 496 διὸ
1282 455 1352 496 καὶ
1390 455 1433 496 ἓν
1469 459 1556 502 ταῖς
1595 455 1847 510 ἀποδημίαις

352 524 413 565 ἀεὶ
445 523 619 565 συνόντα
652 523 757 577 εἶχεν
789 523 925 564 αὐτόν.

280 591 336 634 29
461 591 618 645 ’Έαρος
651 589 687 632 δ’
722 592 958 638 ἐπιστάντος
990 590 1096 632 κατὰ
1118 595 1203 633 τῶν
1225 591 1470 646 Ἀγαρηνῶν
1502 592 1526 633 ὁ
1556 591 1747 647 βασιλεὺς
1777 591 1882 634 καὶὸ

350 660 471 701 πάλιν
503 659 579 714 ἦρε
609 659 657 700 τὰ
691 659 798 700 ὅπλα
831 660 901 701 καὶ
932 659 1064 701 πολλὰ
1096 664 1168 715 τῆς
1188 660 1349 714 Συρίας
1378 661 1638 716 ἐξεπόρθησε
1668 661 1739 702 καὶ
1768 660 1846 702 πό-

350 728 458 769 λεων
490 729 690 782 ἐκράτησε
721 727 791 769 καὶ
823 729 951 783 αὐτῆς
981 733 1053 783 τῆς
1083 728 1380 782 Σωζοπέτρας,
1419 731 1444 784 ἣ
1476 729 1622 783 πατρὶς
1653 729 1848 784 ἐτύγχανε

125 800 208 836 PII
226 800 422 837 151Ατοῦ
456 797 748 851 ἀμερμουμνῆ,
782 797 853 838 καὶ
883 801 1009 838 ταῦτα
1031 796 1163 838 πολλὰ
1196 797 1398 851 δεομένου
1432 798 1590 839 ἐκείνου
1623 798 1848 852 φείσασθαι

315 869 421 918 Ξτῆς
461 865 661 918 πατρίδος
700 865 842 906 αὐτοῦ.
906 866 930 906 ὁ
960 865 1038 920 μὲν
1075 864 1151 906 οὗν
1182 865 1373 920 βασιλεὺς
1405 867 1620 914 ἀνέζευξεν
1650 867 1846 921 εὐτυχῶς.

315 933 374 973 36
412 931 636 987 Θεόφοβος
669 933 714 974 δὲ
745 934 1047 988 καταλειφθείς,
1092 934 1199 975 ὥστε
1234 933 1283 975 τὰ
1320 938 1405 976 τῶν
1437 934 1756 988 στρατευμάτων
1787 935 1845 976 οἶ·
1862 937 1909 972 10

350 1002 686 1056 κονομήσασθαι,
720 1002 806 1043 ἐπεὶ
837 1002 883 1044 τὸ
915 1006 999 1044 τῶν
1021 1002 1206 1056 Περσῶν
1227 1004 1424 1057 ὑστέρησε
1446 1004 1673 1057 σιτηρέσιον
1707 1002 1846 1057 (στρά-

350 1086 480 1124 τευμα
514 1069 593 1124 γὰρ
625 1070 677 1125 ἦν
708 1076 769 1125 τῷ
789 1071 951 1125 βασιλεῖ
968 1070 1213 1125 Περσικόν),
1245 1071 1611 1126 περιαλγησάντων
1633 1071 1699 1113 διὰ
1726 1075 1847 1114 τοῦτο

350 1141 436 1179 τῶν
469 1138 662 1192 Περσῶν,
695 1138 886 1193 βασιλεὺς
916 1137 1016 1193 παρ’
1051 1140 1191 1181 αὐτῶν
1223 1140 1439 1194 ἀνερρήθη
1473 1140 1543 1181 καὶ
1574 1140 1705 1188 ἄκων,
1741 1140 1847 1194 μᾶλ-

351 1206 423 1248 λον
457 1207 502 1248 δὲ
533 1207 604 1248 καὶ
633 1208 896 1261 παρακαλῶν
928 1207 1079 1254 αὐτοὺς
1109 1209 1298 1262 μεθεῖναι
1329 1213 1401 1263 τῆς
1434 1208 1648 1260 ἀπονοίας,
1685 1208 1744 1262 μὴ
1777 1208 1849 1250 καὶ

351 1275 524 1321 ἑαυτοὺς
546 1275 616 1316 καὶ
638 1275 765 1317 αὐτὸν
788 1276 974 1330 ἐσχάτοις
995 1280 1144 1322 κακοῖς
1165 1277 1463 1330 περιβάλωσιν·
1489 1274 1576 1317 ἀλλ’
1601 1277 1680 1318 οὐκ
1697 1277 1846 1318 ἔπειθε.
1863 1278 1907 1314 15

315 1343 501 1385 4στέλλει
533 1343 609 1385 οὖν
639 1343 748 1398 πρὸς
778 1343 849 1385 τὸν
879 1345 1063 1399 βασιλέα,
1110 1349 1231 1386 τοῦτο
1262 1345 1358 1391 τοὺς
1390 1344 1561 1398 Πέρσας
1593 1346 1846 1400 ἀποκρυψά-

349 1427 491 1467 μενος,
537 1413 756 1467 γνωρίζων
793 1412 839 1454 τὸ
879 1413 1049 1467 γεγονὸς
1092 1414 1163 1455 καὶ
1205 1413 1339 1468 μηδέν
1382 1430 1416 1455 τι
1460 1413 1550 1455 κατ’
1596 1414 1725 1455 αὐτοῦ
1768 1415 1846 1456 ὑπ-

352 1565 374 1600 5
400 1567 450 1600 ὅτι
476 1565 565 1601 κατὰ
595 1571 665 1601 τῶν
698 1566 788 1610 (om.
816 1566 862 1608 E)
890 1567 1089 1612 Ἀγαρηνῶν
1122 1567 1374 1611 ἐκστρατεύσας
1402 1567 1614 1611 (στρατεύων
1641 1567 1686 1610 Ε)
1711 1568 1732 1602 ὅ
1759 1567 1846 1603 Θεό-

353 1613 456 1658 φιλος
481 1613 671 1658 εὐτύχησεν
697 1614 909 1659 (ηὗτύχησεν
934 1615 979 1656 Ε)
1008 1614 1070 1650 ΟΕ
1175 1615 1220 1650 10
1244 1616 1340 1653 ὅπως
1364 1614 1459 1658 παρὰ
1484 1619 1554 1649 τῶν
1578 1615 1846 1660 μισθοφορούν-

352 1674 424 1696 των
449 1662 606 1706 Περσῶν
631 1662 652 1696 ὁ
680 1662 865 1708 Θεόφοβος
889 1661 1052 1708 βασιλεὺς
1077 1663 1257 1708 ἀνερρήθη
1284 1662 1343 1698 καὶ
1368 1663 1470 1697 ἄκων
1497 1661 1526 1698 C

425 1810 443 1844 1
469 1812 581 1855 μόνου
607 1810 689 1853 AR,
714 1812 825 1855 μόνου
852 1812 892 1846 in
920 1812 951 1846 E
978 1812 1034 1846 ita
1061 1814 1284 1855 exaratum,
1311 1815 1356 1847 ut
1383 1822 1511 1856 paene
1539 1813 1713 1848 evaserit
1728 1813 1846 1857 μόνον,

423 1858 519 1893 inde
543 1860 652 1903 μόνον
671 1869 752 1904 wp3
780 1870 816 1893 v.
845 1859 897 1894 ad
923 1859 1014 1894 XIV
1040 1859 1073 1903 6,
1099 1859 1143 1894 31
1266 1859 1288 1894 2
1314 1860 1436 1904 ἦρωτα
1464 1860 1548 1902 (sie)
1576 1859 1623 1904 D,
1651 1870 1751 1895 corr.
1779 1860 1847 1898 Dw

471 1906 565 1951 ἱερὸν
581 1907 754 1951 μεθόδιον
771 1906 918 1952 AEwp,
943 1908 1042 1942 θεῖον
1059 1912 1180 1941 τοῦτον
1198 1907 1309 1951 ἄνδρα
1328 1907 1370 1948 Ο,
1399 1907 1577 1942 divinum
1599 1908 1749 1943 Virum:
1779 1909 1847 1944 WO

423 1954 490 1989 lat.
599 1954 622 1988 4
647 1954 744 1989 αὐτῶ
771 1955 867 1999 Ewp
989 1955 1011 1989 6
1035 1954 1214 1999 ἐπόρθησε
1241 1954 1271 1990 Ο
1394 1955 1414 1989 7
1440 1955 1546 2000 αὐτῆς
1571 1961 1630 2000 τῆς
1655 1957 1741 1995 σωζ.
1767 1955 1846 1997 ΑΕ,

424 2007 484 2047 τῆς
510 2003 595 2042 σωζ.
622 2002 727 2047 αὐτῆς
755 2001 797 2046 Ο,
823 2002 929 2047 αὐτῆς
955 2003 1039 2042 σωζ.
1067 2002 1150 2047 w*p
1272 2003 1294 2036 9
1319 2002 1509 2043 ἀναζεύξας
1535 2003 1565 2037 Ε
1677 2003 1722 2037 1Ο
1745 2017 1847 2038 κατα-

423 2049 575 2094 ληφθεὶς
602 2049 649 2093 D,
679 2059 779 2084 corr.
805 2049 873 2087 Dw
1011 2055 1235 2094 στρατιωτῶν
1262 2050 1291 2084 Ε
1426 2051 1466 2084 11
1494 2050 1549 2084 ε’πὶ
1576 2050 1623 2094 D,
1651 2061 1750 2085 corr.
1779 2050 1846 2088 Dw

426 2097 470 2131 12
495 2096 553 2132 διὰ
578 2102 678 2132 τοῦτο
706 2107 780 2132 om.
808 2097 843 2131 D
941 2097 1041 2132 τουτὸ
1067 2098 1097 2131 Ε
1203 2098 1247 2131 13
1273 2097 1333 2132 καὶ
1361 2108 1434 2132 om.
1463 2097 1491 2133 C
1602 2097 1647 2132 14
1670 2098 1730 2133 καὶ
1757 2101 1847 2144 post

421 2143 472 2190 μὴ
489 2155 564 2180 om.
581 2144 612 2180 Ο
704 2145 748 2180 15
763 2144 867 2180 αὐτὸν
881 2144 961 2189 ΑΟ,
977 2145 1099 2180 ἑαυτὸν
1112 2143 1268 2190 EwpDi
1366 2145 1410 2180 16
1424 2145 1486 2180 οὖν
1499 2143 1581 2188 AO,
1595 2150 1679 2191 γοῦν
1692 2144 1847 2191 EwpDi

290 2292 336 2327 39
351 2293 479 2328 solum
518 2295 605 2329 eius
642 2294 865 2330 ministrum
901 2298 940 2329 et
965 2305 1102 2340 regem
1131 2295 1417 2339 Theophilum3
1457 2295 1525 2339 qui
1553 2305 1642 2329 cum
1669 2294 1847 2330 studiose

350 2341 516 2386 legeret,
558 2345 740 2376 sanctum
769 2342 1013 2377 Methodium
1046 2342 1095 2376 de
1122 2343 1218 2377 loeis
1247 2342 1377 2376 dubiis
1403 2343 1684 2387 interrogabat
1709 2343 1846 2387 itaque

351 2389 470 2423 etiam
498 2389 539 2423 in
566 2389 963 2434 peregrinationibus
989 2399 1148 2434 semper
1174 2400 1307 2424 secum
1338 2390 1523 2424 habebat.

469 2437 525 2471 29.
577 2437 680 2472 Vere
718 2437 935 2482 incipiente
972 2448 1045 2471 rex
1079 2436 1280 2482 Agarenis
1316 2447 1456 2471 rursus
1490 2447 1602 2470 arma
1638 2437 1770 2471 intulit
1808 2440 1846 2472 et

350 2494 500 2529 magna
519 2483 662 2529 Syriae
688 2488 802 2529 parte
829 2485 1053 2527 devastata,
1078 2485 1247 2519 urbibus
1275 2487 1333 2519 est
1361 2485 1509 2529 potitus
1536 2484 1704 2529 ipsaque.
1729 2483 1845 2519 Sozo-

351 2534 477 2576 petra,
517 2533 648 2576 patria
674 2532 970 2576 amermumnis,
1009 2533 1193 2577 quamvis
1226 2532 1290 2566 ille
1321 2531 1487 2566 multum
1519 2537 1663 2571 oraret,
1702 2535 1746 2566 ut
1779 2542 1845 2577 pa-

255 2577 287 2612 2.
315 2578 452 2613 3triae
479 2589 578 2614 suae
604 2584 849 2625 parceretur.
890 2579 950 2614 Ae
976 2589 1046 2613 rex
1075 2579 1245 2614 feliciter
1273 2579 1433 2614 domum
1460 2579 1588 2613 rediit.
1637 2579 1845 2624 Theopho-

350 2626 427 2660 bus
455 2630 590 2661 autem
617 2627 667 2661 ad
696 2627 986 2671 gubernandas
1014 2627 1194 2671 legiones
1219 2627 1392 2669 relictus,
1425 2637 1515 2661 611111
1543 2626 1753 2660 Persarum
1782 2627 1845 2661 sti-

350 2673 499 2717 pendia
522 2675 676 2709 tardius
703 2675 958 2709 solverentur
993 2674 1184 2717 (habebat
1223 2675 1327 2708 enim
1362 2684 1433 2708 rex
1471 2675 1692 2708 exercitum
1719 2673 1845 2708 Persi-

351 2720 456 2764 cum)
483 2721 534 2756 ab
561 2721 636 2756 illis
662 2722 980 2767 indignantibus,
1020 2722 1083 2756 vel
1123 2722 1273 2756 invitus
1312 2724 1434 2765 atque
1466 2721 1516 2755 ab
1546 2731 1593 2755 ea
1619 2722 1845 2756 temeritate

350 2768 501 2802 frustra
521 2768 750 2812 dehortans,
775 2779 827 2804 ne
854 2773 893 2804 et
919 2772 1045 2804 semet
1070 2769 1179 2814 ipsos
1207 2773 1245 2803 et
1271 2779 1313 2803 se
1338 2769 1378 2802 in
1406 2772 1587 2803 ext-rema
1613 2769 1717 2803 mala
1740 2769 1844 2803 eoni-

314 2813 498 2857 4eerent,
536 2826 607 2851 rex
643 2816 852 2851 salutatur.
903 2816 990 2858 Quo
1024 2818 1131 2851 facto
1168 2816 1269 2851 elam
1295 2816 1428 2851 Persis
1461 2816 1501 2850 id
1528 2817 1615 2860 reg-i
1643 2816 1844 2860 sig-nificat

315 2861 470 2910 5eique
496 2863 614 2900 fidem
642 2865 748 2911 facit,
787 2875 838 2900 ue
874 2864 970 2912 quid
1007 2863 1157 2902 sinistri
1191 2863 1240 2901 de
1275 2875 1318 2900 se
1352 2864 1589 2911 suspicetur.
1640 2863 1843 2899 Reversus
