2054 3282
366 249 437 288 580
715 250 896 290 zoNAR,
924 249 1054 287 EPIT.
1080 250 1191 288 XVII
1220 250 1274 296 12,
1302 248 1452 296 10—13,
1479 248 1511 286 5.

365 373 406 414 οἱ
437 370 474 414 δ’
508 374 555 414 ἔκ
586 378 658 428 τῆς
689 374 924 427 ναυμαχίας
956 372 1335 426 ἀποδιδράσκοντες
1369 372 1552 414 κλύδωνι
1582 372 1676 426 περὶ
1705 372 1752 414 τὸ
1784 372 1857 414 Σι-

307 446 348 480 11
364 441 530 482 κελικὸν
576 442 867 494 διεφθάρησαν
909 441 1102 494 πέλαγος.
1165 441 1236 482 καὶ
1280 440 1404 487 αὖθις
1448 441 1492 489 ἐξ
1525 440 1727 495 Ἀφρικῆς
1765 441 1862 495 περί

363 525 446 550 που
478 509 550 554 τὰς
580 509 709 562 χιλίας
741 513 844 562 νῆας
877 509 1124 556 ἐξέπλευσαν
1160 510 1229 550 καὶ
1270 509 1427 555 πολλὰς
1464 513 1548 550 τῶν
1587 510 1729 563 νήσων
1772 509 1857 550 ἔνιά

307 581 350 616 12
363 593 403 618 τε
424 581 509 618 τῶν
530 577 749 630 παραλίων
771 576 976 631 ἐδῄωσαν.
1039 577 1141 618 ἀλλὰ
1163 583 1212 633 τῇ
1234 578 1394 619 τούτων
1415 578 1544 632 μοίρᾳ
1565 581 1857 632 περιτυχοῦσαι

362 650 457 699 νῆες
492 645 722 698 Ῥωμαϊκαὶ
766 645 836 685 καὶ
879 645 1060 691 πολλοὺς
1103 647 1263 687 ἀνεῖλον
1305 646 1376 687 καὶ
1414 647 1711 692 πεντακοσίους
1749 645 1892 687 εἴλονὸ

305 718 349 752 13
363 713 515 766 ζωούς,
562 714 606 753 οἳ
636 718 697 766 τῷ
727 713 889 766 βασιλεῖ
914 713 998 754 ὑπὸ
1032 713 1200 767 δεσμοῖς
1231 714 1533 769 ἐκομίσθησαν.
1596 713 1698 755 ἀλλὰ
1729 713 1799 755 καὶ
1831 713 1856 754 ὁ

360 781 746 834 πρωτοσπαθάριος
785 780 828 820 Γ
823 781 1000 834 εώργιος
1037 782 1061 822 ὁ
1099 783 1325 837 Μανιάκης
1363 786 1448 823 τῶν
1488 782 1856 836 παρευφρατιδίων

319 849 527 890 Οπόλεων
558 852 800 903 στρατηγῶν
828 854 900 904 τῆς
916 849 1091 904 Ἐδέσης
1118 851 1357 905 ἐκράτησεν,
1390 851 1494 892 ἔνθα
1525 851 1596 891 καὶ
1626 850 1700 904 τὴν
1731 849 1904 891 αὐτό-Ι)
1924 856 1978 893 IV
1998 858 2054 894 135

362 932 528 971 γραφον
560 917 775 971 ἐπιστολὴν
805 921 878 958 τοῦ
911 917 1016 959 θεοῦ
1048 918 1119 959 καὶ
1150 924 1340 973 σωτῆρος
1366 920 1490 974 ἡμῶν
1510 918 1647 973 Ἰησοῦ
1668 917 1853 972 Χριστοῦ

303 991 348 1025 14
362 985 557 1039 εὑρηκὼς
594 990 655 1039 τῷ
692 986 852 1039 βασιλεῖ
885 986 1147 1033 ἐξαπέστειλε.
1209 987 1331 1041 λιμοῦ
1365 987 1410 1028 δὲ
1440 987 1514 1041 τὴν
1545 987 1855 1028 Καππαδοκίαν
1870 996 1916 1031 10

361 1053 432 1094 καὶ
462 1052 534 1094 τὸν
550 1053 824 1107 Ἀρμενιακὸν
856 1054 926 1094 καὶ
956 1054 1030 1108 τὴν
1051 1054 1357 1109 Παφλαγονίαν
1385 1057 1607 1104 πιέζοντος,
1639 1055 1710 1096 καὶ
1731 1054 1856 1101 αὖθις

362 1121 536 1175 ἀκρίδος
566 1121 640 1175 τὴν
671 1120 784 1175 ἑῴαν
815 1122 1103 1177 κεραϊζούσης,
1136 1123 1281 1164 πολλοὶ
1311 1127 1632 1177 μεταναστεῦσαι
1661 1127 1747 1164 τῶν
1773 1139 1854 1164 πα-

304 1197 348 1230 15
362 1190 516 1244 τρίδων
548 1191 689 1231 αὐτῶν
711 1191 1056 1245 ἠναγκάσθησαν,
1090 1193 1164 1237 οὓς
1184 1193 1358 1246 χρυσίου
1382 1193 1599 1246 διανομαῖς
1621 1192 1854 1246 ἀνακτησά-

361 1274 489 1312 μενος
526 1259 550 1299 ὁ
588 1262 758 1312 κρατῶν
796 1260 989 1300 πέπεικεν
1028 1259 1153 1305 αὖθις
1191 1260 1263 1306 τὰς
1307 1261 1557 1314 ἕνεγκούσας
1594 1261 1853 1315 καταλαβεῖν.

305 1333 349 1367 16
362 1330 545 1381 σεισμῶν
568 1326 613 1367 δὲ
638 1328 876 1381 γενομένων
898 1329 1074 1375 ξενῶνές
1095 1345 1136 1370 τε
1158 1333 1306 1375 κακῶς
1329 1330 1571 1384 διετέθησαν
1592 1330 1663 1371 καὶ
1686 1330 1725 1370 οἱ
1746 1329 1852 1370 ἀντί·
1869 1338 1913 1371 15

360 1396 552 1450 πορθμοι
594 1400 666 1450 τῆς
703 1395 962 1444 Βυζαντίδος
1006 1397 1233 1452 ἅνδρῶνες,
1279 1399 1324 1438 οἳ
1362 1398 1636 1453 διαιτητήριον
1679 1398 1854 1439 ἔκπαλαι

360 1525 381 1559 6
406 1525 486 1569 περὶ
513 1530 571 1570 τῆς
596 1524 820 1570 αὐτογράφου
848 1525 1029 1571 ἐπιστολῆς
1055 1531 1114 1561 τοῦ
1140 1528 1268 1571 κυρίου
1295 1528 1386 1568 (om.
1406 1526 1449 1572 C)
1476 1528 1633 1572 Χριστοῦ
1660 1530 1749 1565 (0111.
1769 1526 1852 1571 ΑΕ)

359 1578 419 1617 τῆς
431 1573 510 1616 περὶ
525 1572 582 1607 τὸν
591 1572 756 1617 Αὕγαρον
769 1576 811 1615 (τ.
825 1588 859 1608 π.
875 1588 903 1608 τ.
919 1573 1005 1619 Αὕγ.
1022 1585 1097 1609 0111.
1113 1573 1190 1616 C&
1208 1576 1257 1609 ef.
1274 1574 1388 1610 Cedr.
1405 1574 1594 1620 (Seylitz.)
1612 1575 1647 1609 ΙΙ
1666 1586 1702 1620 p.
1714 1575 1794 1619 501,
1809 1574 1853 1609 14

360 1624 399 1654 et
425 1620 570 1655 Euseb.
597 1620 645 1654 H.
674 1621 714 1655 Ε.
742 1620 758 1654 Ι
787 1621 846 1663 13)
872 1621 973 1656 ACb]
1091 1623 1135 1656 10
1162 1623 1242 1667 περὶ
1268 1627 1338 1657 τῶν
1362 1624 1684 1667 μεταναστευόντων
1712 1622 1769 1657 διὰ
1794 1622 1852 1656 τὸν

357 1668 459 1712 λιμόν
486 1667 548 1702 GE
677 1668 721 1702 15
745 1669 824 1712 περὶ
850 1674 1003 1714 σεισμῶν
1029 1668 1057 1704 C
1084 1670 1144 1705 καὶ
1168 1670 1247 1715 περὶ
1272 1675 1343 1705 τῶν
1366 1671 1495 1705 παθῶν
1521 1675 1591 1705 τῶν
1616 1670 1683 1705 ὑπὸ
1708 1675 1851 1715 σεισμοῦ

359 1715 540 1759 δημοσίων
565 1716 677 1750 οἴκων
704 1715 734 1750 Ε

432 1835 450 1868 1
477 1833 534 1868 τὸν
559 1833 594 1868 D
699 1834 721 1868 3
746 1839 831 1880 νῆας
857 1838 896 1870 et
920 1841 999 1881 νῆες
1024 1834 1060 1870 Α
1087 1836 1280 1881 (dubium,
1308 1839 1444 1871 utrum
1466 1841 1552 1882 νῆας
1577 1839 1775 1872 mutatum
1801 1837 1851 1871 sit

430 1892 481 1917 ex
507 1887 586 1927 νῆες
613 1892 664 1916 an
689 1887 769 1927 νῆες
795 1893 847 1917 ex
871 1886 982 1927 νῆας),
1009 1889 1094 1928 νῆας
1120 1883 1166 1928 D,
1192 1890 1272 1929 νῆες
1294 1883 1452 1929 prDi
1547 1884 1570 1918 4
1595 1890 1636 1930 τῇ
1662 1895 1737 1919 0111.
1752 1884 1849 1929 pr

478 1932 568 1975 post
591 1930 698 1974 μοίρᾳ
724 1930 814 1964 add.
842 1931 905 1964 τινὶ
924 1930 1051 1976 Bpr
1148 1937 1382 1977 περιτυχοῢσα
1400 1932 1435 1965 D
1533 1932 1555 1967 5
1581 1932 1733 1977 τριήρεις
1751 1931 1849 1977 pr

476 1977 536 2012 καὶ
563 1981 657 2012 ante
681 1977 831 2016 πολλοὺς
858 1988 932 2013 0111.
951 1978 1139 2024 BprDz'
1236 1980 1257 2014 6
1283 1980 1537 2024 ἐκωμίσθησαν
1564 1979 1612 2025 Ρ*
1710 1980 1732 2014 8
1758 1980 1849 2014 ε’δέσ-

429 2038 492 2069 σης
518 2023 679 2070 prDi
841 2027 886 2060 10
909 2026 1011 2070 λιμὸν
1038 2026 1077 2070 C,
1106 2037 1206 2062 corr.
1234 2026 1294 2065 Cw
1453 2028 1494 2062 11
1522 2027 1580 2062 τὸν
1606 2029 1690 2068 (τῶν
1715 2027 1766 2069 D)
1791 2027 1850 2072 ἀρ-

427 2072 594 2117 μενιακὸν
621 2073 718 2117 (ἄρμ.
744 2072 790 2117 A,
817 2073 1042 2117 ἀρμενιακῶν
1068 2074 1118 2116 D)
1145 2074 1226 2119 AR,
1252 2075 1290 2109 τὸ
1315 2075 1528 2119 ἀρμενιακὸν
1554 2074 1687 2120 wpDi,
1714 2075 1784 2110 sed
1812 2086 1847 2109 V.

428 2119 531 2155 Ann.
560 2119 695 2155 Comn.
722 2120 758 2154 ΙΙ
785 2131 822 2166 p.
840 2121 918 2164 109,
934 2121 956 2156 6
982 2125 1022 2156 et
1048 2122 1133 2156 eod.
1155 2122 1270 2158 Coisl.
1290 2122 1404 2158 Cedr.
1424 2122 1612 2168 (Seylitz.)
1627 2122 1663 2156 II
1679 2133 1716 2168 p.
1732 2123 1811 2167 163,
1827 2123 1849 2157 8

475 2168 744 2213 παμφλαγονιάν
771 2167 806 2202 D
961 2169 1006 2203 12
1031 2172 1122 2214 post
1146 2170 1239 2214 ἑῴαν
1266 2170 1358 2205 add.
1384 2170 1510 2215 σχεδὸν
1533 2175 1647 2205 πᾶσαν
1671 2169 1800 2216 Bpr

476 2216 715 2260 καραϊζούσης
740 2215 789 2261 p*
907 2216 952 2251 16
978 2219 1125 2258 ξενῶνες
1151 2217 1187 2251 D
1308 2217 1359 2262 οἳ]
1386 2218 1408 2263 ἢ
1435 2217 1470 2252 D
1592 2218 1786 2263 διαιτήριον
1811 2217 1847 2252 D

299 2343 340 2378 11
357 2346 584 2387 evaserant,
610 2343 652 2378 in
670 2344 771 2378 mari
790 2342 922 2379 Siculo
942 2347 1180 2390 tempestate
1198 2346 1415 2390 perierunt.
1454 2345 1515 2381 Ex
1528 2345 1666 2381 Africa
1686 2356 1848 2391 quoque
2044 2380 2046 2382 .

358 2391 516 2426 circiter
550 2391 657 2426 mille
690 2401 817 2426 naves
852 2402 1042 2437 egressae
1075 2393 1220 2427 multas
1257 2393 1409 2428 insulas
1448 2397 1486 2428 et
1523 2394 1612 2429 loca
1650 2394 1848 2429 maritima
2043 2383 2054 2442 ⁹}

300 2438 344 2472 12
358 2438 559 2483 quaedam
591 2442 868 2474 vastaverunt.
920 2438 999 2475 Sed
1025 2440 1232 2475 Romanae
1265 2451 1390 2475 naves
1421 2451 1560 2476 earum
1594 2446 1748 2486 partem
1779 2441 1849 2476 ad·
2044 2434 2054 2449 ¹

358 2490 476 2531 eptae
509 2489 549 2521 et
582 2486 729 2521 multos
761 2487 1008 2522 sustulerunt
1041 2491 1080 2522 et
1106 2488 1349 2533 quingentos
1383 2494 1522 2533 captos
1554 2489 1605 2523 ad
1637 2499 1775 2534 regem
1805 2490 1847 2524 in

298 2533 344 2568 13
358 2533 529 2568 vinculis
555 2534 760 2569 miserunt.
810 2533 1164 2580 Protospatharius
1192 2545 1288 2570 vero
1316 2535 1517 2580 Georgius
1543 2536 1756 2579 Maniaces,
1783 2546 1846 2571 ur-

357 2581 467 2615 bium
503 2581 555 2615 ad
588 2581 832 2626 Euphratem
872 2583 1038 2617 sitarum
1078 2586 1250 2627 praetor,
1290 2583 1419 2618 Edesa
1451 2584 1601 2628 potitus
1633 2584 1845 2628 epistulam

358 2628 422 2663 dei
455 2632 494 2663 et
526 2629 745 2663 servatoris
776 2630 902 2664 nostri
935 2629 1028 2664 Iesu
1061 2629 1204 2665 Christi
1236 2641 1359 2665 manu
1393 2631 1594 2676 scriptam,
1636 2641 1756 2676 quam
1789 2632 1845 2666 ibi

299 2676 344 2710 14
357 2676 579 2718 invenerat,
606 2677 694 2721 regi
720 2677 837 2711 misit.
888 2676 1074 2712 Ceterum
1100 2678 1207 2712 fame
1225 2677 1523 2722 Cappadociam
1550 2681 1589 2713 et
1614 2678 1845 2714 Armeniam

357 2726 397 2757 et
421 2722 741 2768 Paphlagoniam
769 2729 987 2769 premente,
1014 2724 1176 2759 locustis
1203 2735 1300 2760 vero
1328 2725 1529 2760 Orientem
1550 2726 1844 2771 infestantibus,

298 2771 343 2805 15
356 2770 470 2805 multi
504 2772 632 2805 coacti
665 2774 759 2806 sunt
790 2772 922 2816 patria
953 2772 1092 2806 relicta
1118 2782 1246 2807 novas
1272 2773 1387 2807 sedes
1418 2774 1658 2817 quaeritare,
1698 2774 1845 2818 quibus

356 2818 576 2862 imperator
601 2819 690 2853 auri
717 2819 999 2864 largitionibus
1026 2820 1248 2855 sublevatis
1280 2821 1490 2865 persuasit,
1529 2824 1573 2855 ut
1599 2821 1650 2855 ad
1682 2831 1756 2856 sua
1787 2831 1845 2856 re-

298 2866 343 2900 16
357 2867 622 2900 verterentur.
671 2865 900 2911 Hospitales
921 2866 1060 2902 domos
1082 2870 1204 2912 atque
1230 2867 1414 2902 aedificia
1437 2867 1632 2912 Byzantio
1661 2869 1844 2912 obversa,

357 2913 503 2957 quibus
530 2914 751 2959 antiquitus
777 2914 814 2958 ii,
843 2924 1014 2959 quorum
1033 2924 1204 2960 corpora
1223 2915 1287 2950 vel
1311 2926 1426 2950 sacro
1453 2916 1593 2951 inorbo
1621 2917 1762 2951 vitiata
1780 2916 1844 2952 vel
