2066 3230
699 248 771 289 DE
795 247 992 289 ALEXIO
1018 245 1270 288 IVDICIVM.
1661 245 1731 286 767

237 377 310 430 τῆς
341 373 606 429 δικαιοσύνης
637 373 690 429 ἦν
719 377 863 429 τηρῶν
893 373 1060 428 ἀρετήν’
1106 371 1257 427 ταύτης
1295 370 1376 426 γὰρ
1419 371 1525 413 ἴδιον
1566 370 1614 412 τὸ
1657 374 1731 412 τοῦ

237 443 330 486 κατ’
361 443 481 492 ἀξίαν
511 442 676 496 ἑκάστῳ
709 441 1017 496 διανεμητικόν·
1063 440 1088 482 ὁ
1121 440 1167 483 δὲ
1196 443 1281 487 τοῖς
1309 439 1389 495 μὲν
1419 439 1630 494 συγγενέσι
1660 438 1732 480 καὶ

84 519 138 558 IV
155 520 226 556 260
237 515 323 554 τῶν
353 510 631 566 θεραπόντων
660 510 760 552 τισὶν
792 510 973 564 ἁμάξαις
1003 510 1118 556 ὅλαις
1147 513 1319 564 παρεῖχε
1348 507 1398 550 τὰ
1422 508 1604 564 δημόσια
1626 508 1730 563 χρή-

33 578 47 595 ‘⁴
237 596 348 636 ματα
380 580 451 622 καὶ
481 579 683 635 χορηγίας
713 579 884 624 ἐκείνοις
914 577 1049 632 ἀδράς
1079 578 1266 633 ἐτησίους
1297 577 1529 632 ἀπένειμεν,
1568 576 1630 623 ὡς
1660 575 1732 617 καὶ

203 649 419 691 ὃπλοῦτον
447 647 746 703 περιβαλέσθαι
775 646 917 702 βαθὺν
953 646 1025 688 καὶ
1062 646 1292 701 ὑπηρεσίαν
1328 646 1490 692 ἑαυτοῖς
1526 644 1732 693 ἀποτάξαι

239 717 318 759 οὐκ
349 717 544 771 ἰδιώταις,
576 715 679 758 ἀλλὰ
707 715 916 771 βασιλεῦσι
947 715 1216 770 κατάλληλον,
1247 714 1319 756 καὶ
1350 715 1494 761 οἴκους
1519 714 1730 768 προσκτή-

239 785 408 839 σασθαι,
439 785 608 840 μεγέθει
637 783 716 839 μὲν
742 783 910 826 πόλεσιν
931 783 1132 838 ἐοικότας,
1163 783 1402 838 πολυτελείᾳ
1435 782 1481 825 δὲ
1510 781 1733 837 βασιλείων

239 852 487 900 ἅπεοικότας
517 853 661 895 οὐδέν·
692 856 778 900 τοῖς
803 853 849 895 δὲ
869 853 1028 899 λοιποῖς
1047 855 1133 894 τῶν
1155 851 1200 894 εὗ
1223 851 1458 907 γεγονότων
1480 851 1560 906 οὐχ
1580 850 1733 906 ὁμοίαν
1745 852 1792 889 25
1818 852 1854 888 D

240 922 493 964 ἐνεδείκνυτο
523 921 597 977 τὴν
626 922 881 977 προαίρεσιν,
913 922 978 963 ἵνα
1009 921 1069 976 μή
1101 937 1136 962 τι
1162 921 1302 975 ἕτερον
1323 920 1487 975 φαῦλον
1508 920 1610 974 ἐρῶ,
1642 935 1731 974 φει-

182 995 229 1032 10
241 990 420 1046 δόμενος
449 994 523 1033 τοῦ
555 990 720 1046 ἀνδρός.
778 989 948 1045 βασιλέα
979 989 1058 1045 μὲν
1089 988 1179 1043 οὖν,
1212 989 1301 1031 οἷον
1329 988 1376 1031 τὸ
1407 987 1578 1043 ἀκριβὲς
1609 987 1731 1030 ἀπαι-
1746 990 1793 1027 26

239 1063 309 1115 τεῒ,
341 1059 422 1101 οὐκ
453 1060 554 1101 ἐῶσι
583 1059 632 1101 τὰ
664 1060 861 1115 εἰρημένα
884 1059 1043 1101 ἐκεῖνον
1063 1057 1329 1113 νομίζεσθαι’
1363 1054 1450 1099 ἀλλ’
1474 1057 1574 1099 οὐδὲ
1594 1057 1734 1112 μέντοι

241 1128 407 1183 φαῦλον
436 1128 542 1170 εἴποι
571 1144 630 1175 τις
659 1127 731 1170 τὸν
761 1126 990 1183 Κομνηνὸν
1022 1126 1324 1182 αὐτοκράτορα.
1381 1127 1420 1168 εἶ
1447 1125 1493 1168 δὲ
1523 1125 1597 1180 τὴν
1628 1125 1735 1180 ἄγαν
1747 1129 1794 1165 27

242 1196 456 1253 ἀκρίβειαν
485 1197 625 1253 ζητοίη
656 1213 715 1243 τις
745 1197 790 1239 ἐν
819 1200 904 1243 τοῖς
931 1196 1270 1251 αὐτοκράτορσιν,
1303 1195 1383 1236 οὐκ
1405 1194 1524 1250 οἶμαί
1541 1210 1628 1236 τινα
1650 1197 1736 1236 τῶν

242 1265 450 1308 ἀνέκαθεν
479 1271 552 1322 τῆς
577 1266 801 1321 Ῥωμαίων
822 1265 1136 1321 ἐπιβεβηκότων
1158 1265 1382 1320 ἡγεμονίας
1403 1264 1447 1306 ἒν
1467 1267 1592 1305 πᾶσιν
1613 1263 1735 1305 εὗδο-

183 1339 229 1374 15
242 1334 449 1390 κιμηκότα
481 1335 774 1390 κριθήσεσθαι,
807 1332 894 1377 ἀλλ’
918 1335 965 1376 ἒκ
986 1338 1060 1376 τοῦ
1091 1334 1393 1383 πλεονάζοντος
1424 1333 1469 1375 ἕν
1499 1336 1583 1378 τοῖς
1614 1332 1736 1387 ἤθεσι

242 1407 367 1458 σφῶν
403 1403 474 1446 καὶ
509 1407 597 1450 ταῖς
631 1403 830 1458 πράξεσιν
867 1403 1031 1458 ἑκάστῳ
1068 1403 1094 1458 ἡ
1132 1402 1311 1444 πολιτεία
1350 1401 1735 1457 κεχαρακτήρισται.

242 1471 492 1527 ἀνέγκλητος
523 1471 603 1527 γὰρ
636 1472 773 1519 οὐδεὶς
803 1472 856 1514 ἄν
885 1487 986 1514 ποτε
1018 1471 1137 1520 δόξαι
1167 1470 1258 1513 οὐδ’
1283 1469 1435 1525 ἀμιγὴς
1455 1474 1528 1525 τῆς
1549 1469 1738 1524 χείρονος
1751 1473 1797 1509 ‘28
1810 1471 2012 1510 P11311A

243 1541 387 1590 ἕξεως
424 1541 640 1596 θειοτέρας
671 1540 752 1596 γὰρ
783 1544 904 1583 τοῦτο
935 1541 1102 1595 μοίρας,
1134 1539 1222 1582 ἀλλ’
1256 1540 1336 1581 οὔκ
1369 1539 1645 1594 ἀνθρωπίνης
1675 1538 1736 1592 εἴη

243 1609 296 1651 ἄν
325 1625 426 1652 ποτε
455 1609 640 1665 φύσεως.

318 1722 337 1757 1
364 1721 408 1767 ἦν
433 1731 509 1758 om.
523 1721 553 1758 C
649 1723 741 1758 ἴδιον
764 1720 951 1769 stpDz·‚
978 1722 1059 1758 ἴδιοι
1077 1720 1114 1757 Α
1221 1719 1297 1766 τοῦ]
1316 1720 1359 1756 οὐ
1380 1722 1386 1766 Ι
1409 1719 1438 1757 C
1465 1719 1597 1757 Wolfii
1615 1728 1740 1755 manu

318 1773 502 1805 notatum
598 1769 620 1805 2
644 1769 793 1806 ἑκάστου
819 1770 889 1806 BD
992 1769 1016 1806 3
1040 1768 1280 1815 θεραπόντων]
1307 1769 1490 1814 ἀρχόντων
1515 1767 1545 1804 C
1653 1767 1741 1813 ἁμά-

317 1819 394 1858 ξαις
419 1816 604 1864 OsswpDz'‚
629 1817 780 1863 ἀμάξαις
806 1817 875 1853 ΑΕ
970 1817 994 1853 4
1019 1817 1129 1862 ἁδρὰς
1149 1816 1298 1863 Apr,
1323 1816 1433 1862 ἁδρὰς
1450 1814 1508 1852 Di
1603 1815 1741 1861 ε’τησίας
1961 1803 1985 1825 .

318 1864 480 1911 BCEVi'p
618 1865 782 1911 ἀπένειμε
807 1864 973 1911 EwpDi,
999 1876 1038 1901 v.
1063 1865 1116 1901 ad
1142 1865 1237 1900 XIII
1267 1866 1299 1909 1,
1326 1864 1348 1900 5
1498 1864 1521 1899 8
1546 1864 1681 1908 ὁμοίοις
1710 1863 1740 1897 Ε

320 1914 361 1948 ll
390 1913 437 1948 δι’
454 1913 589 1948 ἐκεῖνον
606 1913 638 1948 Ε
735 1913 780 1948 13
804 1913 920 1958 ἄκραν
937 1913 1007 1948 BD
1119 1913 1164 1948 14
1189 1916 1284 1948 ante
1309 1913 1483 1958 ῥωμαίων
1508 1911 1601 1946 add.
1619 1915 1689 1946 τῶν
1708 1910 1740 1945 Ο

366 1961 631 2007 ἐπιβεβηκότων
656 1959 825 2007 prDi,
850 1961 1084 2007 ἐπιβεβηκότα
1108 1959 1144 1995 Α
1290 1961 1334 1996 15
1358 1960 1606 1998 πλεονάσοντος
1632 1958 1680 2004 p*

320 2009 365 2069 1'6
389 2008 635 2101 ἑκάσ(ιιῖυ)ΒᾹ)
758 2009 800 2045 17
827 2009 913 2053 δόξη
940 2008 1087 2054 Apr,
1115 2018 1216 2044 corr.
1243 2006 1299 2042 Di
1418 2007 1546 2053 ἀμιγὴς
1572 2004 1739 2052 prDz'‚

317 2061 445 2102 αμιγῆς
487 2067 505 2092 Β
522 2067 543 2091 c

248 2164 437 2209 tribuere,
471 2174 551 2210 quo
579 2168 639 2201 est
665 2164 830 2212 dignus3
871 2165 935 2200 iile
962 2174 1059 2200 vero
1087 2163 1271 2210 cognatis
1298 2166 1338 2198 et
1363 2162 1554 2198 ministris
1580 2161 1742 2207 quibus-

249 2212 340 2247 dam
359 2216 444 2248 tota
462 2213 643 2259 plaustra
690 2213 848 2248 ublieae
866 2213 1064 2259 pecuniae
1082 2211 1306 2257 praebebat
1324 2214 1364 2246 et
1382 2220 1540 2245 annuos
1558 2212 1742 2256 sumptus

249 2260 496 2306 largissimos
522 2261 808 2307 sum)e(itavit,
839 2265 882 2295 ut
909 2264 946 2295 et
973 2260 1132 2305 magnis
1159 2259 1303 2304 opibus
1331 2257 1586 2293 abundarent
1613 2261 1653 2292 et
1680 2267 1742 2291 co-

248 2309 431 2343 mitatum
474 2308 627 2343 aierunt
670 2318 750 2343 uon
791 2309 959 2354 privatis
1003 2307 1230 2342 hominibus
1272 2306 1342 2341 sod
1385 2306 1552 2350 regibus
1598 2315 1742 2340 conve-

249 2356 424 2391 nientem
452 2359 491 2391 et
517 2356 639 2391 aedes
666 2361 947 2401 compararent
974 2360 1018 2390 ut
1044 2354 1323 2400 magnitudine
1342 2353 1512 2388 urbibus
1531 2363 1660 2399 pares
1687 2353 1742 2387 ita

249 2404 550 2449 magnificentia
577 2404 699 2450 regiis
726 2403 885 2449 palatiis
914 2402 1021 2438 haud
1049 2403 1234 2448 impares.
1286 2401 1392 2446 Erga
1420 2400 1616 2446 reliquam
1644 2410 1741 2435 vero
1755 2398 1802 2434 25

250 2451 500 2486 nobilitatem
527 2461 608 2487 non
635 2450 803 2497 perinde
829 2451 1050 2496 benignum
1078 2460 1122 2485 se
1148 2449 1382 2495 praebebat,
1420 2458 1472 2483 ne
1504 2448 1601 2494 quid
1632 2447 1742 2483 aliud

252 2498 303 2534 de
329 2499 417 2534 viro
444 2498 585 2543 dicam,
625 2500 740 2534 cuius
772 2498 913 2534 honori
941 2497 1167 2533 consultum
1194 2496 1298 2532 volo.
1349 2496 1463 2538 Quae
1490 2506 1553 2531 res
1578 2494 1802 2531 Comne-26

251 2555 346 2582 num
375 2556 511 2593 regem
539 2547 762 2593 perfeetum
790 2546 959 2582 iudicari
986 2555 1067 2580 non
1094 2546 1247 2590 sinunt3
1274 2553 1406 2589 neque
1433 2547 1566 2579 tamen
1594 2543 1741 2578 malum

251 2595 534 2640 imperatorem
550 2594 796 2631 Comnenum
825 2594 1036 2639 quisquam
1064 2592 1221 2627 dixerit.
1272 2591 1371 2627 Nam
1399 2591 1468 2637 qui
1494 2591 1676 2626 severius
1702 2591 1740 2625 in
1755 2589 1801 2625 27

251 2643 515 2688 imperatores
540 2642 805 2688 inquisiverit,
831 2641 1016 2687 equidem
1043 2650 1122 2675 non
1150 2640 1326 2675 arbitror
1351 2638 1474 2675 ullum
1504 2648 1641 2684 rogem
1669 2638 1741 2673 Ro-

253 2699 463 2726 rnanorum
492 2690 720 2736 principatu
747 2689 970 2735 antiquitus
988 2689 1156 2734 potitum
1185 2687 1444 2723 inventurum
1472 2696 1570 2729 esse,
1598 2687 1637 2721 in
1661 2695 1741 2731 quo

253 2738 349 2774 nihil
376 2736 428 2772 ad
454 2741 770 2773 consummatam
790 2736 948 2772 laudem
969 2735 1236 2779 desideretur3
1263 2744 1343 2780 quo
1363 2735 1416 2778 flt,
1439 2737 1484 2769 ut
1502 2734 1740 2779 cuiusquam

314 2786 497 2821 bernatio
536 2795 586 2821 ex
626 2794 781 2820 morum
820 2788 860 2819 et
904 2793 1035 2819 rerum
1075 2783 1161 2818 eius
1194 2783 1346 2817 maiore
1382 2786 1495 2828 parte
1530 2781 1741 2816 iudicetur.

252 2834 347 2869 Eine
385 2833 550 2869 crimine
588 2837 696 2868 certe
734 2832 894 2877 quidem
934 2835 972 2866 et
1008 2831 1251 2866 deteriorum
1284 2829 1542 2865 affectionum
1578 2828 1803 2874 ωσι-811328

253 2890 400 2928 expers
426 2890 543 2916 nemo
570 2881 816 2925 invenietur-3
847 2878 886 2914 id
913 2879 1017 2914 enim
1045 2879 1208 2913 divinae
1236 2877 1435 2913 felicitatis
1462 2877 1584 2912 suerit
1610 2885 1742 2922 neque

252 2938 431 2976 unquam
460 2929 498 2964 in
526 2928 742 2964 humanam
768 2930 954 2963 naturam
983 2926 1182 2962 ceciderit.
