2054 3282
591 257 810 296 THOMAE
835 255 1093 296 CRVDELIS
1118 252 1408 294 INTERITVS.
1676 250 1747 290 347

248 383 275 437 ἡ
305 381 384 437 μὲν
415 380 491 424 οὖν
521 386 595 424 τοῦ
631 381 773 437 Θωμᾶ
810 381 1084 427 ἐπανάστασις
1120 383 1267 422 τοῦτον
1302 377 1374 421 τὸν
1403 375 1561 432 τρόπον
1591 376 1747 432 κατηύ-
1761 378 1809 414 30

248 467 385 494 ναστο.
447 452 491 492 αἱ
512 451 558 493 δὲ
579 450 790 506 Θρᾳκικαὶ
809 449 948 496 πόλεις
969 450 1013 491 αἱ
1031 449 1214 503 πάραλοι
1235 447 1432 490 κάκείνου
1461 446 1749 500 παρελθόντος
1761 446 1807 482 31

249 521 304 563 ἔτι
335 524 408 575 τῆς
438 520 623 567 στάσεως
653 521 826 574 εἴχοντο,
858 519 930 561 καὶ
959 518 1119 573 μᾶλλον
1149 520 1235 559 τῶν
1264 516 1404 558 ἄλλων
1423 514 1471 557 τὸ
1492 514 1657 556 Πάνιον
1677 514 1750 556 καὶ

249 590 276 644 ἡ
308 589 538 643 Πείρινθος
582 588 712 643 (οὕτω
752 587 832 643 γὰρ
868 587 995 629 πάλαι
1033 586 1257 642 ὠνόμαστο
1294 586 1320 640 ἡ
1352 582 1596 638 Ἡράκλεια)
1641 584 1794 638 μίσειΒ

213 661 311 712 ὃτῷ
341 657 450 712 πρὸς
479 657 551 700 τὸν
581 658 883 711 αὐτοκράτορα.
945 655 1048 698 ἀλλὰ
1087 655 1133 697 τὸ
1171 655 1251 709 μὲν
1281 653 1444 696 Πάνιον
1481 658 1642 708 σεισμῷ
1675 656 1749 695 τοῦ
1763 653 1810 690 32

249 727 410 781 τείχους
440 727 569 768 αὐτοῦ
599 726 799 772 πεσόντος
829 725 954 773 ἑάλω,
986 725 1012 779 ἡ
1036 722 1073 766 δ’
1091 723 1318 778 εΗράκλεια
1341 721 1409 764 διὰ
1429 726 1503 777 τῆς
1532 721 1751 776 θαλάσσης

251 796 418 849 γέγονεν
456 795 608 850 ἁλωτή.
669 799 796 837 ταῦτα
827 794 964 836 τοίνυν
994 793 1278 847 κατορθώσας
1309 792 1334 834 ὁ
1366 790 1539 846 ΝῙιχαὴλ
1569 790 1751 832 ἒπάνεισι
1763 792 1810 828 33

249 867 579 919 τροπαιοφορῶν
609 864 680 906 καὶ
711 864 882 905 ἱππικοῦ
913 863 1164 916 τελουμένου
1196 861 1365 915 ἀγῶνος
1394 859 1492 907 τοὺς
1521 865 1583 914 τῷ
1609 858 1752 914 Θωμᾷ

251 931 325 986 τὴν
355 933 578 987 τυραννίδα
610 932 936 986 συμπράξαντας
968 931 1081 977 ὄνοις
1112 930 1395 985 ἐφεζομένους
1426 928 1661 983 εἰσαγαγὼν
1693 929 1751 974 εἶς

194 1004 240 1040 10
251 1000 298 1042 τὸ
328 1001 511 1055 θέατρον
541 1001 769 1055 ὑπερορίαν
799 1000 940 1042 αὐτῶν
972 999 1231 1050 κατεδίκασε,
1263 998 1323 1053 μή
1355 1014 1391 1039 τι
1419 997 1546 1039 πλέον
1566 997 1752 1043 κολάσας

251 1069 418 1123 αὐτούς,
458 1070 496 1111 εἰ
522 1069 582 1124 μὴ
617 1069 695 1111 δύο
725 1068 836 1115 τινὰς
865 1067 937 1110 τὸν
968 1067 1155 1122 Χοιρέαν
1186 1067 1257 1108 καὶ
1287 1066 1359 1108 τὸν
1391 1065 1652 1120 Ζαγορηνόν,
1689 1064 1749 1120 μὴ

250 1138 531 1192 πειθομένους
567 1138 677 1193 μηδὲ
712 1137 815 1192 μετὰ
847 1136 921 1191 τὴν
951 1137 1174 1179 κατάλυσιν
1204 1140 1278 1178 τοῦ
1316 1133 1457 1190 Θωμᾶ
1486 1134 1752 1189 παραδοῦναι

251 1205 300 1248 τὰ
332 1207 531 1261 φρούρια,
564 1208 590 1248 ἂ
622 1211 827 1261 κατεῖχον,
860 1206 969 1248 ἑλὼν
999 1205 1070 1247 καὶ
1101 1204 1438 1250 ἀνασκολοπίσας
1468 1204 1689 1245 ἀπέκτεινε.

375 1275 434 1330 Τῇ
467 1279 568 1330 γοῦν
599 1276 830 1329 ἀποστασία
860 1279 910 1330 τῇ
940 1279 1014 1316 τοῦ
1037 1273 1179 1328 Θωμᾶ
1208 1274 1280 1315 καὶ
1310 1277 1395 1320 τοῖς
1426 1272 1643 1327 ἐμφυλίοις
1672 1287 1751 1313 πο-
1766 1267 1824 1311 24
1850 1272 1880 1309 C

197 1346 240 1381 15
251 1343 392 1398 λέμοις
422 1347 507 1385 τῶν
532 1343 785 1398 Ῥωμαϊκῶν
821 1343 1149 1398 ἀσχολουμένων
1187 1342 1412 1396 δυνάμεων
1448 1341 1591 1382 ἄδειαν
1627 1341 1752 1395 εὕρη-

253 1412 372 1459 κότες
405 1415 545 1454 πᾶσαν
582 1413 622 1454 οἱ
659 1412 767 1467 πρὸς
804 1412 984 1466 ἑσπέραν
1008 1411 1242 1466 Ἆγαρηνοί,
1287 1411 1332 1452 οἳ
1366 1409 1438 1452 τὸν
1474 1413 1546 1464 τῆς
1570 1408 1754 1464 Ἰβηρίας

255 1541 301 1577 14
326 1543 424 1582 ὅπως
449 1542 471 1588 ἧ
497 1542 620 1588 Κρήτη
647 1542 786 1588 γέγονεν
811 1541 880 1578 ὑπὸ
904 1540 984 1581 τοὺς
1005 1541 1216 1587 Ἀγαρηνούς
1243 1542 1327 1583 (τῶν
1353 1540 1540 1586 ἀγαρηνῶν
1566 1538 1613 1583 Ε)
1640 1537 1704 1575 CE

323 1661 347 1697 2
372 1662 537 1707 παράλιοι
562 1661 709 1708 DEwp‚
737 1673 774 1696 v.
793 1661 845 1696 ad
863 1660 935 1696 XV
955 1661 1011 1704 27,
1029 1661 1046 1696 1
1146 1660 1206 1696 καὶ
1231 1660 1368 1695 ἐκείνου
1394 1659 1430 1694 D
1529 1659 1562 1694 3.
1581 1659 1604 1695 5
1627 1658 1754 1694 πάνιον

324 1708 432 1745 ARw
464 1708 532 1752 Di,
559 1709 704 1746 Genes.
732 1721 768 1755 p.
781 1709 840 1753 45,
854 1709 887 1753 6,
914 1708 1094 1754 Theopli.
1114 1711 1219 1744 cont.
1248 1719 1283 1754 p.
1299 1709 1356 1752 71,
1371 1707 1404 1751 5,
1432 1717 1470 1742 v.
1495 1706 1615 1742 Basil.
1639 1707 1751 1742 notit.

327 1758 396 1793 133
459 1758 576 1802 elzer,
614 1757 786 1793 Hierocl.
814 1756 978 1802 synecd.
1005 1756 1085 1800 632,
1113 1756 1135 1792 5
1160 1755 1435 1799 Burekhardt3
1473 1755 1606 1790 minus
1643 1757 1753 1790 reete

324 1805 451 1850 πάριον
477 1804 592 1842 Ccdr.
619 1805 807 1850 (Seylitz.)
835 1804 872 1839 11
899 1815 935 1850 p.
963 1805 1019 1847 90,
1046 1804 1079 1840 8.
1107 1805 1150 1839 11
1260 1804 1284 1839 4
1308 1803 1477 1848 πέρινθος
1502 1802 1587 1848 w*p
1614 1802 1752 1837 invitis

326 1852 407 1898 AR,
435 1864 473 1889 v.
498 1853 594 1888 ΧΙΙῘ
620 1853 653 1898 3,
679 1853 726 1888 29
822 1852 927 1888 πάλαι
954 1851 1100 1897 AEwp,
1128 1858 1197 1891 τοῖς
1220 1852 1381 1890 παλαιοῖς
1409 1850 1440 1886 Ο
1553 1853 1643 1896 post
1668 1849 1753 1896 ἦρά·

325 1901 426 1936 κλεια
452 1900 543 1935 add.
569 1901 768 1942 ἐστασίαζον
794 1900 826 1935 δ’
845 1901 892 1935 ἔτι
914 1899 967 1942 (δὲ
985 1905 1035 1935 τῶ
1055 1899 1100 1945 Β)
1119 1899 1218 1946 pr
1317 1900 1338 1935 6
1365 1897 1404 1934 δὲ
1422 1898 1469 1944 p*
1488 1899 1625 1933 invitis
1643 1897 1752 1933 ARw

325 1949 348 1983 9
373 1948 597 1994 ἐφεζομένοις
624 1949 654 1984 Ε
742 1949 787 1984 10
810 1948 927 1984 αὐτῶν
952 1948 1162 1983 κατεδίκασε
1189 1947 1334 1993 AEwp,
1361 1947 1630 1992 κατεψηφίσατο
1648 1950 1753 1991 σφῶν

326 1996 358 2032 Ο
450 1997 490 2031 11
518 2010 611 2036 τινας
636 1997 702 2032 δύο
728 1996 826 2042 pr
919 1997 1112 2041 ζαγορηνόν
1137 1994 1286 2041 Apr,
1311 1994 1508 2040 ζαγᾶρηνόν
1535 1993 1575 2038 C,
1601 1994 1754 2038 ζαρηνόν

325 2043 439 2086 EDw,
477 2045 674 2089 γαζαρηνόν
701 2043 882 2089 Tlieoph.
909 2047 1014 2079 cont.
1042 2054 1078 2089 p.
1106 2043 1162 2087 71,
1189 2043 1231 2078 21
1250 2054 1312 2088 38„
1353 2042 1467 2079 Cedr.
1495 2040 1688 2087 (Scylitz.)
1716 2040 1753 2076 11

326 2102 362 2137 p,
386 2092 443 2136 90,
469 2091 517 2127 20
616 2091 660 2127 12
684 2091 770 2136 μετὰ
795 2089 954 2137 prDi
981 2092 1033 2134 (v.
1061 2101 1217 2137 argum.
1245 2090 1296 2126 ad
1323 2090 1395 2126 XV
1421 2090 1478 2134 23,
1502 2089 1574 2134 25),
1602 2088 1691 2125 κατὰ
1718 2087 1753 2124 A

326 2139 370 2175 16
394 2144 510 2175 πᾶσαν
534 2139 648 2175 initio
675 2139 854 2186 paginae
881 2149 956 2175 om.
983 2138 1019 2174 D

252 2278 332 2314 quo
360 2268 528 2304 ficticius
556 2271 671 2314 pater
697 2267 894 2314 supplicio
914 2267 1084 2303 affectus
1103 2267 1301 2303 violenter
1320 2270 1359 2303 et
1377 2267 1463 2311 ipse
1482 2266 1611 2311 periit.
1650 2265 1751 2301 Tho·
1765 2261 1814 2297 30

250 2327 341 2352 mae
378 2315 576 2351 seditione
612 2315 664 2351 ad
696 2315 804 2350 hune
829 2315 992 2351 modum
1020 2324 1262 2360 compressa,
1302 2315 1527 2349 maritimae
1553 2313 1751 2348 Thraciae
1766 2309 1811 2345 31

250 2364 434 2399 civitates
468 2363 736 2407 nihilominus,
777 2363 896 2398 etiam
928 2363 995 2398 illo
1030 2362 1201 2406 sublato,
1240 2366 1390 2397 motum
1424 2371 1515 2397 eum
1547 2361 1753 2406 urgebant

251 2422 299 2447 ac
336 2421 433 2458 prae
466 2412 610 2447 ceteris
643 2411 812 2446 Panium
853 2414 892 2446 et
924 2410 1137 2446 Perinthus
1175 2410 1247 2451 (sic
1285 2410 1389 2445 enini
1423 2408 1621 2444 Heraclea
1659 2409 1752 2444 olim

251 2459 550 2505 appellabatur)
589 2463 754 2504 propter
793 2458 928 2494 odium
969 2458 1167 2493 adversus
1205 2458 1501 2503 imperatorem.
1565 2455 1752 2492 Ceterum
1766 2451 1813 2487 32

250 2506 421 2542 Panium
461 2507 672 2542 moenibus
711 2510 845 2541 terrae
883 2510 994 2541 motu
1028 2506 1214 2551 collapsis
1247 2509 1408 2551 captum
1444 2508 1514 2548 est,
1554 2503 1752 2539 Heraclea

250 2555 350 2590 mari
386 2560 636 2601 expugnata.
686 2553 855 2589 Michael
888 2553 948 2588 his
986 2553 1107 2588 rebus
1141 2553 1244 2588 bene
1277 2553 1402 2598 gestis
1433 2551 1685 2597 triumphans
1711 2547 1814 2586 in33

250 2602 391 2637 urbem
425 2602 542 2637 rediit
574 2605 614 2637 ct
646 2601 750 2637 ludis
777 2601 1033 2637 Circensibus
1059 2600 1240 2635 Thomae
1272 2600 1479 2635 adiutores
1513 2599 1636 2634 asinis
1662 2599 1752 2634 insi-

251 2649 393 2685 dentes
418 2650 458 2685 in
485 2650 687 2685 theatrum
714 2649 965 2684 introductos
984 2648 1069 2684 sola
1088 2648 1338 2693 relegatione
1359 2651 1573 2683 contentus
1592 2647 1751 2692 gravio-

251 2697 362 2732 ribus
380 2697 587 2743 suppliciis
606 2707 686 2732 non
705 2697 850 2740 affecit,
879 2696 1039 2731 duobus
1067 2696 1247 2741 exceptis
1270 2694 1449 2731 Clioerea
1470 2698 1510 2730 et
1527 2694 1751 2739 Zagoreno,

250 2745 331 2790 qui,
370 2754 459 2780 cum
488 2745 663 2788 castella,
703 2744 850 2789 quibus
876 2748 1104 2790 praeerant,
1142 2754 1193 2779 ne
1221 2747 1310 2789 post
1336 2742 1515 2778 Tliomae
1546 2742 1751 2778 interitum

250 2792 412 2838 quidem
440 2793 601 2828 tradere
628 2792 788 2836 vellent,
817 2792 922 2838 capti
951 2793 991 2827 in
1019 2802 1178 2826 crucem
1207 2791 1285 2826 acti
1312 2795 1416 2826 suut.

367 2839 424 2875 24.
475 2839 580 2875 Dum
610 2839 882 2875 Romanorum
914 2840 1056 2885 copiae
1083 2838 1262 2874 Tliomae
1294 2838 1522 2873 desectione
1557 2837 1753 2883 bellisque

250 2887 436 2923 civilibus
463 2892 726 2933 occupantur,
753 2886 934 2933 Agareni
966 2886 1249 2930 occidentales,
1277 2886 1388 2921 sinus
1412 2885 1555 2922 lberiei
1583 2885 1751 2930 incolae,

250 2935 318 2980 qui
337 2934 506 2982 Hispani
534 2939 743 2980 vocantur,
771 2938 935 2981 arrepta
962 2935 1177 2971 occasione
1197 2945 1221 2969 a
1239 2943 1312 2970 suo
1338 2933 1453 2978 duce,
1481 2942 1599 2979 quem
1627 2943 1751 2969 amer-
