1968 3302
411 218 816 268 AMmeocmvs.
843 216 1109 266 Ansemvs.
1136 195 1411 266 AROADIVS.
1618 220 1664 264 93

164 351 347 400 ἐκείνους
384 353 463 408 μὲν
503 353 569 394 ἐπὶ
606 352 783 407 θρόνων
822 351 1029 405 ἐκάθιζεν,
1074 349 1200 397 αὐτὸς
1233 348 1270 391 δ’
1310 351 1441 398 ἑστὼς
1480 351 1664 406 ἐπλήρου
1680 355 1710 392 C

161 423 236 478 τὴν
275 422 545 464 διδασκαλίαν
582 421 732 467 αῧτοῖς.
794 421 869 462 καί
902 436 1002 461 ποτε
1041 419 1205 474 ἀθρόον
1242 419 1383 466 αὐτοῖς
1419 419 1443 461 ὁ
1474 418 1666 474 βασιλεὺς
1680 425 1727 460 20

163 490 329 537 ἐπιστὰς
366 490 437 531 καὶ
479 489 576 536 τοὺς
618 490 696 544 μὲν
739 490 1013 543 καθημένους
1056 488 1207 542 εὑρών,
1252 488 1471 542 ἱστάμενον
1511 487 1556 529 δὲ
1594 486 1666 529 τὸν

163 557 379 613 Ἀρσένιον,
412 559 684 613 ἠγανάκτησε,
723 557 793 599 καὶ
829 557 926 604 τοὺς
956 557 1034 611 μὲν
1064 557 1218 603 παῖδας
1248 559 1334 598 τῶν
1363 555 1540 610 ’θρόνων
1571 556 1665 604 ἔξα-

127 628 384 682 5ναστήσας,
418 627 599 673 καθίσας
633 627 677 668 δὲ
699 626 770 668 τὸν
791 625 1009 680 Ἀρσένιον,
1043 626 1156 667 οὕτω
1179 625 1388 667 διδάσκειν
1409 624 1562 671 αὐτοὺς
1585 625 1665 666 διε-

163 698 325 744 τάξατο.
386 690 457 737 καὶ
495 695 603 750 ἦσαν
641 696 779 737 ἔκτοτε
818 696 859 736 οῖ
895 695 972 748 μὲν
1010 697 1272 748 παρεστῶτες
1309 698 1371 748 τῷ
1408 693 1665 748 διδασκάλῳ,
1681 701 1726 736 21

0 765 189 813 ’1112326
222 764 267 806 δὲ
300 764 514 806 διδάσκων
545 765 801 819 καθήμενος.
863 764 962 805 ποτὲ
993 764 1130 805 τοίνυν
1159 763 1472 818 παρασφαλέντι
1492 767 1553 818 τῷ
1575 760 1665 817 Ἀρ-
1680 770 1728 805 22

165 833 303 888 καδίῳ
332 833 535 887 μάστιγας
567 833 758 874 ἐνέτεινεν
790 833 814 874 ὁ
847 832 1111 878 διδάσκαλος.
1174 832 1198 874 ὁ
1226 831 1271 874 δὲ
1291 835 1455 887 μηνιῶν
1478 831 1545 874 διὰ
1567 832 1665 873 ταύ-
1680 840 1728 876 23

164 917 238 948 τας
268 902 386 956 αὐτῷ
418 901 642 956 ἐπιβουλὴν
674 901 886 955 συντίθησι
907 900 999 942 κατ’
1023 901 1151 942 αὐτοῦ
1174 900 1245 942 καὶ
1266 905 1418 943 κτεῖναι
1438 900 1510 943 τὸν
1531 900 1666 955 ἄνδρα

107 987 152 1022 10
166 971 421 1025 διεμελέτησε
458 971 529 1012 καὶ
566 970 638 1012 τὸν
675 971 839 1025 σφαγέα
880 970 1087 1024 ἡτοίμαζε.
1150 969 1275 1024 γνοὺς
1315 969 1360 1011 δὲ
1399 969 1445 1011 τὸ
1484 969 1666 1024 μελετώ-
1681 978 1728 1014 24

163 1055 292 1095 μενον
323 1040 347 1081 ὁ
378 1038 583 1094 Ἀρσένιος
614 1038 756 1093 λάθρᾳ
787 1042 872 1080 τῶν
903 1038 1124 1093 βασιλείων
1160 1039 1465 1094 ὕπανεχώρησε
1503 1038 1575 1080 καὶ
1611 1039 1668 1085 εἷς

163 1108 238 1163 τὴν
267 1108 424 1164 Σκῆτιν
455 1107 656 1149 ἀπελθὼν
687 1108 761 1162 τὴν
791 1108 958 1163 μονήρη
992 1107 1110 1162 ζωὴν
1143 1108 1307 1163 ὑπῆλθε
1345 1108 1417 1150 καὶ
1455 1108 1669 1162 ἶσάγγελος

165 1179 318 1232 γέγονε.
379 1177 538 1232 πολλὴν
570 1177 616 1218 δὲ
647 1177 776 1218 αὐτοῦ
807 1177 990 1231 θέμενος
1021 1177 1188 1231 ζήτησιν
1219 1177 1244 1218 ὁ
1280 1176 1472 1231 βασιλεὺς
1508 1176 1666 1219 Θεοδό-
1682 1185 1729 1221 25
1755 1184 1791 1221 D

166 1261 254 1292 σιος
286 1246 365 1288 οὐκ
397 1247 506 1300 ἔγνω
539 1246 636 1287 ὅποι
668 1249 744 1300 γῆς
775 1244 838 1300 ἦν.

107 1331 152 1367 15
285 1314 490 1370 Νοσήσας
528 1314 573 1356 δὲ
604 1314 629 1355 ὁ
659 1313 851 1369 βασιλεὺς
888 1312 1011 1361 οὗτος
1050 1314 1094 1356 ἓν
1124 1313 1404 1361 Μεδιολάνοις
1441 1315 1669 1370 μετήλλαξε
1683 1324 1730 1359 26

166 1383 241 1439 τὴν
284 1384 415 1438 ζωήν,
459 1383 738 1425 ἑπτακαίδεκα
778 1383 846 1438 ἔτη
884 1383 959 1438 τὴν
995 1383 1205 1438 βασιλείαν
1249 1383 1399 1430 ι’θύνας
1443 1383 1509 1425 ε’πὶ
1550 1384 1670 1426 πέντε

164 1453 279 1508 μησί,
319 1453 492 1507 μερίσας
525 1452 570 1493 δὲ
600 1452 752 1506 ταύτην
782 1456 867 1499 τοῖς
900 1452 1017 1494 δυσὶν
1049 1452 1176 1494 υἱέσιν
1213 1452 1357 1507 αὐτοῦ,
1398 1452 1469 1494 καὶ
1499 1456 1561 1506 τῷ
1591 1451 1671 1507 μὲν

164 1520 373 1577 Ἀρκαδίῳ
404 1521 478 1576 τὴν
509 1521 607 1563 νέαν
638 1521 869 1576 ἀπονείμας
895 1520 1065 1576 Ῥώμην
1096 1520 1167 1563 καὶ
1197 1520 1244 1562 τὸ
1276 1521 1388 1576 ἑῷον
1419 1525 1576 1577 τμῆμα,
1607 1525 1670 1576 τῷ

168 1687 212 1724 15
237 1686 375 1734 τελευτὴ
402 1691 463 1723 τοῦ
487 1686 660 1733 βασιλέως
687 1689 728 1731 (τ.
753 1688 833 1734 βασ.
861 1697 936 1724 om.
964 1686 1014 1730 A)
1045 1687 1240 1724 Θεοδοσίου
1266 1687 1368 1726 ACE

243 1846 257 1879 l
286 1843 445 1890 ἑστηκὼς
472 1843 569 1890 pr
673 1843 696 1878 2
721 1844 741 1879 ὁ
765 1843 927 1890 βασιλεὺς
955 1844 1072 1884 αὐτοῖς
1098 1844 1164 1880 ΒΕ
1273 1845 1306 1881 3.
1333 1844 1357 1880 4
1382 1844 1463 1885 τοὺς
1487 1844 1553 1891 μὲν
1581 1845 1671 1881 καθ-

239 1893 390 1938 ημένους
415 1892 543 1937 εὑρών,
570 1893 755 1937 ἱστάμενον
780 1892 819 1927 δὲ
845 1892 902 1927 τὸν
924 1893 1107 1938 Ἀρσὲνιον]
1135 1893 1197 1929 De
1225 1894 1402 1930 chiasmo
1431 1905 1467 1929 v.
1495 1894 1547 1929 ad
1574 1893 1671 1929 XIII

238 1942 271 1986 2,
295 1942 317 1976 6
414 1941 435 1976 7
462 1940 626 1985 σφαλέντι
646 1940 682 1975 D
780 1941 802 1975 8
829 1945 868 1975 et
894 1944 984 1987 post
1008 1942 1180 1987 μάστιγας
1206 1946 1246 1977 et
1271 1945 1361 1987 post
1389 1942 1552 1978 ἐνέτεινεν
1578 1942 1670 1977 add.

238 1989 335 2034 αὐτῷ
362 1988 397 2023 D
498 1988 542 2023 12
566 1989 706 2034 μονήρη
726 1998 776 2024 ex
795 1989 976 2034 μονήρους
1003 1999 1104 2025 corr.
1121 1990 1151 2024 E
1249 1990 1382 2035 ἐπῆλθε
1399 1990 1430 2025 Β
1531 1990 1576 2025 14
1602 1991 1670 2036 ὅπη

239 2037 270 2072 Ε
369 2037 413 2071 15
439 2036 471 2071 6’
498 2036 656 2082 prDz'
765 2037 786 2070 ὁ
808 2036 973 2083 βασιλεὺς
998 2037 1100 2076 οὖτος
1123 2037 1170 2082 A,
1209 2038 1230 2072 ὁ
1252 2038 1416 2084 βασιλεὺς
1442 2038 1485 2083 Β,
1524 2038 1626 2078 οὗτος
1653 2039 1674 2073 ὁ

236 2084 400 2131 βασιλεὺς
426 2084 524 2130 pr
626 2085 669 2119 18
695 2088 786 2130 post
811 2085 939 2130 ῥώμην
965 2085 1058 2121 add.
1084 2086 1144 2121 καὶ
1170 2085 1211 2121 τὰ
1235 2086 1314 2131 περὶ
1340 2086 1449 2133 αὐτὴν
1475 2086 1574 2132 pr

168 2241 445 2288 praeceptoris
483 2240 743 2287 fungeretur,
794 2251 867 2277 rex
906 2241 1126 2287 aliquando
1166 2241 1217 2279 de
1259 2243 1480 2290 improviso
1519 2243 1672 2289 ingres·
1686 2245 1734 2281 20

168 2300 248 2334 sus,
286 2293 331 2324 ut
368 2289 456 2324 illos
491 2289 679 2324 sedentes
714 2289 981 2334 deprehendit
1013 2292 1185 2326 stantem
1217 2289 1444 2335 Arsenium,
1484 2291 1673 2337 indigna-

169 2342 234 2373 tus
267 2342 326 2373 est
361 2341 399 2372 et
432 2337 522 2372 filiis
552 2347 576 2371 a
603 2337 767 2372 sedibus
800 2338 964 2373 remotis
990 2336 1205 2373 Arsenium
1236 2339 1449 2375 considere
1475 2340 1590 2374 iussit
1617 2342 1672 2374 at-

171 2396 250 2431 que
275 2386 332 2420 ita
358 2395 428 2420 eos
454 2385 614 2420 docere.
663 2384 798 2430 Atque
825 2385 876 2420 ab
904 2395 952 2420 eo
988 2388 1170 2431 tempore
1205 2386 1244 2421 hi
1275 2397 1402 2432 prope
1432 2387 1671 2432 magistrum
1686 2389 1729 2424 21

170 2434 343 2477 stabant,
381 2433 447 2468 ille
484 2443 581 2468 vero
616 2432 761 2468 sedens
797 2432 980 2468 docebat.
1032 2432 1232 2469 Arcadius
1269 2439 1404 2470 autem
1440 2435 1571 2481 plagis
1606 2435 1672 2470 ali·
1686 2437 1733 2472 22

171 2481 334 2526 quando
363 2481 414 2516 ob
441 2480 631 2516 delictum
658 2481 835 2526 acceptis
854 2481 981 2516 iratus
1005 2482 1260 2527 praeceptori
1278 2482 1444 2517 insidias
1463 2487 1671 2528 comparat
1686 2485 1734 2520 23

170 2533 210 2564 et
236 2538 384 2564 necare
410 2529 606 2574 cogitavit
632 2533 672 2564 et
690 2539 969 2574 percussorem
990 2530 1161 2575 paravit.
1212 2530 1300 2572 Quo
1320 2531 1486 2566 oonsilio
1506 2531 1671 2576 cognito
1685 2533 1733 2568 24

170 2576 365 2612 Arsenius
398 2576 499 2611 clam
532 2586 554 2612 e
586 2577 700 2622 regia
734 2587 924 2623 egressus
957 2581 996 2612 et
1026 2576 1172 2613 Seetim
1207 2579 1413 2623 profectus
1451 2578 1671 2614 solitariam

171 2626 294 2660 vitam
322 2624 406 2669 egit
431 2625 558 2659 instar
585 2624 733 2670 angeli.
785 2624 911 2667 Quem
945 2635 1035 2660 cum
1068 2635 1141 2660 rex
1168 2625 1422 2661 Theodosius
1455 2626 1672 2672 diligenter
1686 2629 1733 2665 25

170 2672 416 2718 indagasset,
442 2682 525 2707 non
551 2673 717 2716 invenit,
743 2673 815 2707 ubi
842 2676 1041 2708 terrarum
1070 2678 1186 2708 esset.

290 2719 430 2755 Morbo
457 2722 668 2765 correptus
694 2721 759 2756 hic
784 2730 857 2756 rex
878 2720 1094 2756 Mediolani
1121 2721 1252 2756 finivit
1279 2722 1415 2766 vitam,
1443 2731 1533 2757 cum
1560 2721 1672 2757 XVII
1686 2725 1733 2761 26

172 2778 300 2804 annos
334 2777 507 2814 regnum
539 2768 734 2804 tenuisset
766 2778 890 2815 supra
917 2768 949 2804 V
981 2779 1140 2804 menses
1172 2769 1296 2815 idque
1332 2770 1535 2805 divisisset
1568 2770 1673 2805 inter

173 2817 275 2852 duos
302 2817 402 2852 filios
426 2825 521 2852 suos
547 2819 586 2852 et
611 2814 807 2853 ARCAmo
834 2827 984 2853 novam
1011 2817 1260 2853 attribuisset
1285 2817 1453 2853 Romam
1480 2822 1519 2854 et
1546 2819 1673 2854 orien-

172 2866 293 2901 talem
328 2868 495 2913 partem,
536 2865 733 2905 Hoxomo
768 2871 905 2904 autem
941 2870 1118 2903 veterem
1150 2866 1318 2903 Romam
1353 2867 1602 2914 assignasset
1634 2869 1675 2903 et

173 2923 309 2967 partes
337 2917 619 2956 occidentales.
