2054 3282
337 227 405 267 160
749 225 928 268 ZONAR.
956 225 1087 266 ΕΡΙΤ.
1114 224 1205 266 XIV
1232 226 1264 275 7,
1292 224 1420 266 7—20.

338 355 651 396 Κωνσταντίνου
683 354 984 408 δεδομημένος,
1020 353 1098 406 οὐχ
1131 352 1218 397 οἷος
1252 352 1288 392 δ’
1323 352 1346 393 ὁ
1378 356 1452 394 νῦν
1484 353 1577 407 ἔστι,
1609 352 1755 408 πολλῷ
1788 352 1834 395 δὲ

332 424 481 465 τούτου
513 423 583 464 καὶ
613 422 722 477 πρὸς
753 422 905 467 κάλλος
936 420 1005 462 καὶ
1036 420 1145 474 πρὸς
1177 420 1307 473 ὄγκον
1338 420 1594 474 λειπόμενος.

297 499 319 533 8
454 492 663 546 Ὀνωρίου
702 492 749 532 δέ
782 506 880 531 ποτε
917 494 989 544 τῆς
1019 490 1304 543 πρεσβυτέρας
1334 489 1625 543 βασιλεύοντος
1651 490 1832 546 Ῥώμης,

329 560 588 615 μεταναστὰν
623 560 670 601 τὸ
706 563 791 600 τῶν
828 557 1090 612 Οὒανδήλων
1122 558 1248 603 ἔθνος
1279 558 1350 598 καὶ
1381 559 1438 603 εἷς
1471 557 1676 600 Ἱσπανίαν
1707 558 1834 601 ἐλθὸν

330 630 527 670 κάκεῖθεν
570 630 626 673 εἷς
663 627 826 682 Λιβύην
868 626 1110 680 περαιωθὲν
1153 626 1228 667 σὺν
1270 632 1331 680 τῷ
1368 627 1510 681 οἰκείῳ
1548 627 1643 682 ῥηγὶ
1681 627 1725 668 Γ
1720 628 1868 670 ονδι-5

295 698 484 752 9γίσγλῳ
528 698 701 751 κατέσχε
744 696 906 750 ταύτην.
969 695 1036 749 ἐφ’
1070 696 1174 741 υἱοῖς
1212 695 1257 736 δὲ
1298 695 1390 736 δυσὶ
1426 696 1575 736 τούτου
1613 696 1830 746 θανόντος,

331 764 394 807 ὧν
416 767 561 820 ἅτερος
582 765 626 806 Γ
620 765 803 819 ονδαρις,
837 765 861 805 ὁ
892 764 936 806 δὲ
967 764 1112 810 λοιπὸς
1143 764 1327 805 ἐκαλεῖτο
1348 764 1577 819 Γιζέριχος,
1611 766 1668 811 εἷς
1696 766 1831 820 μόνον

329 834 400 876 τὸν
439 834 655 888 Γιζέριχον
694 834 719 887 ἡ
761 833 870 887 ἀρχὴ
915 834 1119 887 περιέστη,
1165 848 1238 874 του
1278 832 1321 873 Γ
1316 833 1463 887 ονδαρι
1506 834 1829 889 τελευτήσαντος.
1846 839 1880 874 D
1899 831 2054 919 111276}

272 912 317 946 10
331 902 453 948 οὗτος
485 901 560 943 οὗν
593 903 616 943 ὁ
648 901 864 956 Γιζέριχος
895 903 969 956 τήν
999 918 1041 943 τε
1073 902 1348 956 Καρτάγεναν
1379 903 1624 957 παρειλήφει
1655 918 1726 944 και
1756 903 1831 958 τὴν

278 971 493 1026 ΒῬώμην
537 972 679 1025 αὐτήν,
724 971 794 1012 καὶ
834 971 899 1011 ἐπὶ
935 971 1156 1025 τριάκοντα
1194 986 1264 1012 και
1297 971 1414 1012 ἐννέα
1445 987 1531 1012 των
1568 970 1831 1027 Οὐανδήλων
1847 979 1893 1015 10

271 1047 311 1081 11
328 1041 614 1095 ἡγεμονεύσας
645 1039 857 1086 ἐνιαυτοὺς
889 1040 1052 1081 ἀπέτισε
1081 1040 1128 1081 τὸ
1156 1041 1307 1094 χρεών.
1370 1041 1419 1081 ὃν
1443 1039 1674 1095 Ὀνώριχος
1696 1041 1720 1083 ὁ
1741 1041 1832 1088 υἱὸς

330 1109 552 1163 διεδέξατο,
597 1105 671 1164 ὑφ’
707 1107 757 1150 οὗ
789 1109 955 1150 πλεῖστα
997 1108 1108 1150 δεινὰ
1147 1113 1232 1154 τοῖς
1269 1109 1523 1163 ὄρθοδόξοις
1567 1110 1828 1165 ἐπήχθησαν,

270 1184 314 1219 12
328 1178 570 1233 ἀρειανίζειν
612 1178 771 1224 πάντας
808 1178 1211 1232 καταναγκάζοντος.
1274 1179 1321 1224 ὃς
1354 1176 1416 1219 ἐπ’
1451 1179 1518 1233 ἔτη
1552 1179 1684 1233 ἄρξας
1715 1179 1828 1221 ὀκτὼ

269 1254 314 1288 13
328 1246 393 1288 ε’πὶ
424 1247 612 1302 διαδόχῳ
633 1247 678 1288 Γ
673 1247 986 1302 ουνδαμούνδῳ
1018 1252 1078 1301 τῷ
1110 1248 1257 1302 υἱωνῷ
1287 1247 1462 1301 τελευτᾷ.
1525 1247 1596 1288 καὶ
1629 1246 1751 1294 οὗτος
1783 1249 1828 1290 δὲ

326 1316 461 1371 βαρὺς
491 1320 576 1362 τοῖς
608 1316 862 1371 ὀρθοδόξοις
894 1316 1130 1370 γενόμενος,
1168 1317 1366 1357 κατέλυσε
1396 1316 1470 1370 τὴν
1502 1317 1619 1371 ζωὴν
1651 1316 1716 1358 ἐπὶ
1748 1318 1826 1359 ἔνι·
1843 1325 1887 1360 15

326 1467 350 1502 3
373 1467 452 1512 περὶ
478 1472 549 1502 τῶν
578 1468 807 1513 Οὐανδήλων,
846 1467 906 1502 καὶ
932 1468 1029 1505 ὅπως
1055 1472 1114 1512 τῆς
1140 1467 1276 1513 Λιβύης
1300 1467 1507 1512 ἐκράτησαν,
1546 1468 1606 1503 καὶ
1630 1468 1686 1503 ἐπὶ
1715 1470 1826 1504 πόσον

325 1515 386 1550 καὶ
413 1517 510 1554 ὅπως
537 1515 592 1550 ἐπὶ
614 1516 863 1550 Ἶουστινιανοῦ
889 1515 1228 1560 κατεπολεμήθησαν
1251 1515 1347 1559 παρὰ
1372 1521 1431 1550 τοῦ
1458 1516 1668 1560 Βελισαρίου
1695 1515 1724 1552 C

397 1657 416 1691 1
444 1655 478 1691 δ’
501 1655 582 1701 AR,
611 1655 650 1691 δὲ
675 1654 819 1702 W*1)Di
948 1656 1018 1691 ἐστι
1046 1655 1214 1702 ΒΨΡΠὶ,
1242 1656 1331 1691 ἐστὶν
1357 1655 1402 1700 A,
1430 1667 1467 1691 V.
1496 1657 1547 1692 ad
1572 1656 1669 1692 XIII
1697 1658 1727 1701 1,
1755 1658 1776 1693 5

396 1704 419 1739 3
443 1704 596 1749 ὄνωρίου
609 1703 729 1748 ARW,
748 1705 901 1749 ὁνωρίου
915 1703 1023 1739 BSDi
1119 1704 1143 1738 4
1168 1704 1327 1739 ἰσπανιάν
1341 1703 1493 1749 ARW,‘
1479 1719 1638 1740 ισπανιαν
1653 1704 1824 1751 BS(?)D2'‚

396 1763 433 1787 V.
460 1752 513 1787 ad
538 1752 635 1788 XIII
663 1752 717 1797 10,
745 1752 790 1787 18
886 1751 1003 1788 ἐλθὼν
1025 1751 1161 1797 DEwp
1268 1752 1290 1787 5
1314 1753 1440 1798 λυβιην
1468 1753 1547 1796 Ενν,
1572 1753 1676 1799 λιβύη
1680 1767 1699 1788 ν
1724 1753 1822 1800 AOp

443 1799 704 1845 διαπεραιωθὲν
718 1800 817 1846 pr
916 1800 1125 1845 γοδιδίσγλω
1141 1799 1176 1834 D
1275 1800 1296 1835 7
1321 1801 1488 1844 γούδαρις
1503 1800 1537 1835 D
1636 1801 1659 1836 8
1684 1802 1823 1847 ζέριχον

395 1847 444 1892 D,
471 1859 572 1884 corr.
601 1847 669 1886 Dw
766 1849 919 1893 γόνδαρη
946 1848 992 1893 Α,
1018 1848 1159 1893 γόνδαρι
1186 1847 1354 1893 prDi,
1381 1849 1526 1893 γούδαρι
1554 1848 1589 1883 D
1692 1849 1714 1884 9
1739 1855 1823 1894 γοῦν

395 1896 491 1941 Ewp
589 1896 805 1941 καρτάγεναν
823 1895 894 1930 AR
913 1895 956 1937 (C
983 1907 1011 1931 S.
1041 1899 1138 1938 acc.)
1157 1894 1226 1938 Di,
1252 1896 1465 1941 καρταγέναν
1492 1907 1570 1942 wp3
1597 1897 1822 1942 καρθαγεννα

395 1943 543 1989 Georg.
578 1943 696 1990 Cypr.
729 1943 799 1979 640
833 1944 919 1979 eod.
946 1943 1001 1987 B„
1040 1943 1292 1988 Καρθαγένναν
1325 1944 1503 1990 Theoph.
1532 1944 1548 1978 1
1589 1956 1623 1990 p.
1654 1945 1732 1990 186,
1764 1945 1820 1990 25,

393 1992 619 2037 Καρταγέννα
644 1991 793 2037 Georg.
822 1991 942 2038 Cypr.
968 1992 1038 2027 640
1238 1993 1278 2025 11
1307 1992 1479 2037 ὁνώριχος
1506 1992 1573 2026 Ew
1601 1992 1778 2038 Theoph.
1806 1993 1822 2027 I

396 2050 433 2085 p.
462 2040 542 2084 186,
568 2039 624 2084 26,
652 2040 672 2074 ὁ
695 2041 834 2085 νόριχος
856 2039 903 2084 A,
929 2040 1090 2084 ὀνόριχος
1117 2039 1160 2083 R,
1191 2039 1377 2084 Ονώρικος
1404 2051 1439 2085 p,
1465 2040 1659 2085 Ὁνώριχος
1685 2040 1752 2084 Βέ,
1784 2052 1820 2076 v.

393 2087 446 2122 ad
472 2098 508 2133 p.
530 2088 608 2131 161,
634 2087 656 2122 6
755 2091 800 2122 13
824 2087 1143 2132 καταναγκάζοντες
1169 2087 1239 2129 W*,
1266 2088 1592 2132 καταναγκάζοντας
1620 2087 1667 2133 p*
1684 2089 1821 2123 invitis

393 2135 464 2170 AR
556 2136 600 2170 14
618 2135 776 2181 διαδόχῳ
797 2146 872 2170 om.
886 2135 918 2170 B
1007 2136 1286 2181 γουνδαμούνόω
1301 2135 1468 2180 Βψρῦἱ,
1495 2136 1770 2181 γουνδαμούγδω
1785 2136 1821 2171 Α

440 2184 560 2228 υἱωνῷ
587 2184 623 2218 Α
649 2186 702 2225 (v.
727 2184 899 2229 Proeop.
927 2183 943 2218 Ι
970 2194 1007 2229 p.
1032 2183 1112 2227 345,
1139 2183 1193 2227 14,
1220 2183 1310 2218 Due
1337 2183 1409 2228 59),
1435 2185 1502 2228 υἱῷ
1528 2183 1627 2230 pr

320 2351 344 2376 a
371 2339 620 2383 Constantio,
653 2339 906 2376 Constantini
936 2340 1074 2386 magni
1100 2340 1138 2384 f.‚
1166 2339 1390 2384 aedificata,
1430 2349 1511 2375 non
1550 2343 1685 2375 tamen
1724 2340 1818 2375 huic

319 2389 468 2432 similis,
497 2398 603 2434 quae
622 2398 732 2423 nunc
758 2390 828 2432 est,
855 2387 926 2423 sed
953 2391 992 2423 et
1005 2387 1306 2433 pulchritudine
1332 2391 1370 2422 et
1384 2387 1665 2432 magnitudine
1690 2388 1816 2424 multo

318 2437 496 2472 inferior.

283 2484 306 2519 8
437 2484 619 2519 Honorio
647 2483 853 2529 quondam
871 2483 1024 2519 Romae
1050 2483 1179 2518 veteri
1204 2483 1440 2528 impeiante,
1466 2493 1567 2528 gens
1593 2483 1815 2519 Vandaliea

318 2532 467 2567 relictis
493 2531 656 2567 sedibus
682 2532 725 2566 in
750 2531 984 2578 Hispaniam
1013 2541 1056 2566 se
1075 2530 1301 2566 contulerat
1313 2530 1491 2575 indeque
1516 2531 1619 2566 fleto
1645 2532 1814 2567 traiecto

283 2579 410 2614 9cum
443 2590 516 2614 suo
559 2589 658 2625 rege
685 2578 954 2625 Gondigisglo
995 2579 1035 2613 in
1071 2577 1209 2613 Africa
1248 2577 1496 2612 consede1at.
1549 2579 1604 2613 Eo
1642 2582 1814 2624 mortuo,

319 2626 503 2661 Gundari
530 2631 570 2662 et
603 2627 814 2663 Gizericho
841 2627 1001 2662 duobus
1027 2626 1116 2660 filiis
1142 2625 1300 2669 relictis,
1328 2625 1379 2660 ad
1406 2635 1531 2660 unum
1559 2625 1814 2662 Gizeiichum

261 2674 529 2719 lOimperium
558 2678 647 2720 post
661 2675 814 2710 obitum
829 2673 1012 2710 Gundari
1038 2673 1168 2708 rediit.
1219 2671 1544 2714 Qu1G1ae1-1ehus
1572 2677 1610 2709 et
1625 2674 1814 2720 cartage-

318 2731 410 2756 nam
436 2727 475 2757 et
501 2723 628 2767 ipsam
649 2722 815 2757 Romam
837 2721 1064 2767 occupavit,
1091 2730 1264 2766 cumque
1282 2720 1473 2755 Vandalis
1500 2731 1628 2757 annos
1642 2721 1813 2758 XXXIX

261 2769 446 2813 1111npe1
449 2774 566 2814 asset
593 2774 765 2805 naturae,
784 2770 964 2805 debitum
978 2768 1181 2815 persolvit.
1231 2767 1337 2803 Huic
1350 2770 1543 2804 successit
1557 2769 1813 2806 Honorichus

318 2816 432 2859 filius,
460 2817 540 2861 qui,
560 2828 650 2852 eum
667 2817 915 2853 orthodoxos
933 2817 1114 2863 plurimis
1127 2815 1242 2850 malis
1256 2815 1466 2860 affecisset,
1482 2822 1526 2851 ut
1541 2816 1811 2852 A1ianismum

261 2863 306 2898 12
319 2863 668 2908 amplecterentur,
697 2870 785 2910 post
810 2875 983 2911 regnum
1009 2863 1103 2900 VIII
1128 2873 1327 2899 annorum
1344 2862 1646 2900 Gundamundo
1664 2870 1811 2911 nepote.

260 2911 305 2946 13
319 2920 550 2946 successore
578 2913 716 2947 relicto
743 2913 928 2958 molitum
968 2913 1037 2958 qui
1063 2915 1102 2947 et
1139 2912 1225 2957 ipse
1252 2911 1487 2946 orthodoxis
1513 2912 1682 2948 infestus
1721 2917 1811 2960 post
