2066 3230
328 209 398 245 698
663 207 845 244 ZONAR.
871 206 1002 242 EPIT.
1027 205 1159 241 XVIII
1187 205 1241 249 13,
1269 204 1419 249 14-14,
1444 203 1478 240 4.

329 330 375 372 τὸ
407 329 643 384 εὐαγγέλιον
675 329 743 370 καὶ
771 329 905 382 λέγων
926 327 994 368 “εἰ
1012 326 1084 380 ἐμὲ
1107 326 1298 379 ἐδίωξαν,
1331 325 1400 367 καὶ
1422 326 1534 379 ὑμᾶς
1556 325 1818 373 διώξουσιν.”

271 403 316 439 15
331 399 451 453 ὅμως
494 399 639 440 ἔστειλε
682 397 752 439 καὶ
794 396 865 438 τὸν
907 396 1134 449 μάγιστρον
1170 394 1424 449 λγικηφόρον
1465 394 1536 435 τὸν
1566 394 1820 436 Βασιλάκιον

329 467 431 522 μετὰ
462 468 615 522 μοίρας
646 468 923 520 στρατιωτῶν,
957 462 1020 505 ὧν
1040 463 1358 518 προστεθέντων
1378 468 1439 517 τῷ
1461 463 1677 516 Βρυεννίῳ
1697 463 1870 517 μέχριΙ)
1888 465 1943 501 lv
1959 464 2002 501 2}

273 541 317 576 16
329 538 408 590 μέν
445 552 552 582 τινος
590 534 790 588 ἰσοπαλὴς
827 533 879 588 ἦν
911 534 934 574 ὁ
967 533 1094 586 ἀγών.
1155 531 1238 573 εἶτα
1277 536 1350 573 τοῦ
1387 531 1644 572 Βασιλακίου
1685 531 1819 585 ὁρμή-

286 609 478 650 Βσαντος
499 605 543 645 ἐν
563 603 800 657 προμάχοις
831 601 936 643 κατὰ
967 605 1052 642 τῶν
1084 601 1280 642 ἐναντίων
1302 599 1412 656 ,μετὰ
1443 603 1528 641 τῶν
1558 599 1652 653 περὶ
1682 599 1857 647 αὐτόν,5

330 673 378 714 τὰ
410 676 522 714 νῶτα
555 673 734 726 ἔτρεψαν
766 671 806 711 οῖ
836 670 1038 724 πολέμιοι,
1073 669 1096 710 ὁ
1130 669 1175 710 δὲ
1197 669 1360 721 ἐδίωκε,
1392 672 1465 709 τοῦ
1487 667 1717 722 Βρυεννίου
1747 667 1822 709 σὺν

274 747 317 782 17
331 745 415 787 τοῖς
446 739 552 794 ἀμφ’
587 739 713 781 αὐτὸν
743 739 802 793 μὴ
839 739 1076 784 διώκοντος.
1140 738 1201 783 ὡς
1236 737 1281 779 δὲ
1311 737 1405 791 περὶ
1435 736 1507 778 τὸν
1537 737 1706 791 χάρακα
1736 739 1822 777 τῶν

332 809 527 850 ἐναντίων
559 808 729 861 ἐγένετο,
760 807 986 861 πληγέντος
1017 807 1134 860 αὐτῷ
1163 810 1237 847 τοῦ
1269 807 1411 859 ἵππου,
1445 806 1578 860 ἀπέβη
1602 805 1730 846 αὐτοῦ
1752 804 1821 846 καὶ

333 877 399 918 διὰ
431 876 476 918 τὸ
508 880 593 917 τῶν
624 876 768 917 ὅπλων
805 876 938 930 βάρος
978 876 1056 916 οὐκ
1097 875 1309 929 εὐκίνητος
1346 875 1408 915 ὢν
1445 873 1669 915 κυκλοῦται
1706 872 1822 927 παρὰ

274 952 319 986 18
331 949 416 987 τῶν
446 945 660 998 πολεμίων
690 945 760 986 καὶ
793 943 1030 998 ζωγρηθεὶς
1067 949 1128 998 τῷ
1165 943 1380 997 σουλτάνῳ
1416 942 1683 997 προσάγεται·
1729 942 1824 983 οὔτε
1839 946 1884 981 10

123 1019 319 1056 W111224
334 1011 370 1055 δ’
411 1015 568 1059 ἐκεῖνος
613 1013 917 1067 δουλικώτερον
961 1014 1077 1067 αὐτῷ
1119 1011 1293 1067 προσῄει
1332 1013 1425 1053 οὔτε
1462 1011 1548 1065 μὴν
1587 1011 1611 1052 ὁ
1648 1010 1824 1052 σουλ-τὰν

333 1083 394 1129 ὡς
425 1082 681 1136 αἰχμαλώτῳ
713 1082 831 1135 αὐτῷ
859 1082 1133 1136 προσήνεκτο,
1167 1080 1363 1134 συχνάκις
1387 1079 1431 1121 δὲ
1451 1079 1522 1120 τὸν
1545 1079 1678 1133 ἄνδρα
1698 1094 1823 1133 μετα-

332 1151 594 1205 καλούμενος
631 1150 726 1204 περὶ
761 1154 834 1191 τοῦ
874 1150 1079 1204 βασιλέως
1118 1149 1413 1190 διεπυνθάνετο
1451 1147 1522 1189 καὶ
1559 1146 1632 1193 τὰς
1671 1147 1825 1193 οἰκείας

275 1225 319 1260 19
335 1220 530 1274 δυνάμεις
551 1219 768 1261 ἐδείκνυεν.
832 1219 855 1259 ὁ
879 1218 924 1260 δὲ
945 1218 1015 1260 καὶ
1038 1218 1176 1273 ἐπῄνει
1200 1217 1249 1258 τὰ
1280 1221 1353 1258 τοῦ
1387 1215 1562 1258 σουλτὰν
1592 1215 1664 1257 καὶ
1695 1215 1823 1257 ἐθαύ-

331 1290 477 1343 μαζεν,
511 1289 562 1330 οὐ
583 1289 722 1343 μέντοι
753 1288 981 1342 συμφέρειν
1013 1288 1130 1341 αὐτῷ
1161 1287 1295 1340 ἔλεγεν
1327 1285 1735 1340 ἀντιπαρατάξασθαι
1765 1289 1826 1338 τῷ
1841 1287 1886 1324 15

220 1362 249 1399 C
275 1362 321 1398 20
333 1358 502 1413 βασιλεῖ.
565 1358 589 1399 ὁ
622 1357 669 1399 δέ
702 1373 747 1411 γε
777 1355 969 1411 βασιλεὺς
1005 1355 1107 1410 μετὰ
1146 1359 1231 1396 τῶν
1269 1355 1524 1408 περιλοίπων
1561 1354 1710 1408 ἐξῆλθε
1752 1357 1826 1394 τοῦ

334 1427 524 1481 χάρακος
544 1425 884 1480 κατασκοπήσων
905 1425 943 1465 τί
960 1424 1006 1466 τὸ
1029 1424 1258 1478 γινόμενον,
1292 1422 1422 1468 ἑστὼς
1445 1420 1480 1463 δ’
1505 1422 1571 1463 ἐπὶ
1593 1421 1827 1476 γεωλόφων

275 1499 319 1534 21
333 1496 479 1550 μέχρις
501 1495 679 1549 ἑσπέρας
699 1494 942 1548 ὑπέστρεψε.
1005 1492 1075 1534 καὶ
1097 1493 1136 1533 οἳ
1160 1492 1340 1546 Τοῧρκοι
1363 1491 1400 1532 δ’
1424 1490 1553 1537 εὐθὺς
1579 1490 1827 1532 ἐκύκλωσαν

407 1643 426 1678 1
452 1641 662 1687 εὐαγγέλιον]
690 1642 830 1678 Ioann.
855 1641 927 1677 XV
953 1641 999 1676 20
1116 1641 1302 1682 διώξουσιν
1328 1638 1496 1685 prDi‚
1523 1638 1689 1680 διώξουσι
1715 1637 1760 1682 A,
1789 1649 1826 1673 v.

406 1691 459 1726 ad
471 1690 568 1726 XIII
584 1690 651 1735 1‚5
748 1690 770 1725 3
794 1691 969 1736 βρυεννίω
996 1687 1165 1734 prDi,
1190 1689 1341 1734 βρυενίω
1368 1686 1468 1723 ACE
1565 1686 1588 1721 4
1611 1687 1676 1730 μέν
1702 1697 1778 1721 om.
1795 1685 1824 1721 C

406 1739 428 1774 5
456 1738 547 1774 κατὰ
571 1752 599 1773 τ.
625 1738 791 1773 ἐναντίων
818 1740 912 1773 ante.
937 1737 974 1772 ἐν
1001 1736 1030 1772 C
1127 1736 1217 1771 κατὰ
1234 1740 1305 1770 τῶν
1322 1735 1486 1770 ἐναντίων
1506 1745 1581 1769 om.
1595 1734 1626 1769 E
1723 1733 1827 1769 αὐτὸν

407 1797 459 1822 ex
484 1786 601 1822 αὐτῶν
628 1796 728 1821 corr.
754 1783 790 1820 A
918 1785 941 1820 6
966 1785 1141 1830 ἔστρεψαν
1165 1783 1319 1829 Bspr
1448 1783 1632 1828 βρυεννίου
1658 1779 1826 1827 prDi,

405 1835 570 1881 βρυενίου
596 1831 664 1869 AC
762 1835 783 1870 7
808 1833 924 1868 αὐτῶν
949 1832 985 1867 D
1096 1831 1191 1876 παρὰ
1217 1831 1247 1865 Β
1359 1831 1402 1865 10
1429 1832 1500 1871 ζῶν
1524 1829 1772 1874 παραληφθεὶς
1799 1828 1827 1865 C

408 1883 465 1917 10.
493 1882 535 1916 11
563 1880 636 1916 οὔτ’
663 1881 795 1920 ἐκεῖνος
822 1879 851 1916 C
970 1879 1015 1915 12
1039 1880 1292 1924 προςενήνεκτο
1319 1878 1361 1923 Ο,
1389 1889 1425 1912 V.
1453 1878 1505 1913 ad
1531 1877 1603 1912 XV
1628 1877 1684 1922 29,
1711 1877 1733 1912 6

408 1929 455 1965 14
480 1932 573 1965 ante
600 1929 674 1964 δυν.
702 1928 794 1964 add.
816 1928 911 1963 αὐτῶ
930 1927 959 1963 C
1114 1927 1174 1962 καὶ
1200 1927 1311 1972 prius
1339 1937 1413 1961 om.
1429 1925 1457 1961 C
1613 1924 1654 1960 τὰ
1680 1935 1755 1959 om.
1781 1924 1828 1969 p*

455 1976 601 2012 σουλτὰν
627 1974 794 2022 prDi‚
821 1977 968 2011 σουλτᾶν
993 1975 1070 2018 ΑΕ,
1099 1986 1135 2010 V.
1163 1975 1215 2009 ad
1241 1974 1352 2010 XVII
1379 1973 1434 2017 25,
1461 1973 1504 2007 21
1629 1972 1829 2016 ἐθαύμαζεν

407 2023 576 2071 prDi,
601 2023 852 2069 ἐθαύμαζεΑ,
879 2034 916 2058 V.
944 2023 997 2058 ad
1014 2022 1110 2058 XIII
1131 2023 1161 2067 1,
1176 2022 1198 2057 5
1298 2022 1340 2056 15
1366 2021 1549 2066 συμφέρον
1574 2019 1610 2054 D
1709 2019 1764 2055 15.
1785 2019 1828 2054 16

408 2073 500 2118 ἔλεγε
525 2077 575 2107 τῶ
598 2073 679 2118 βασ.
704 2071 1046 2116 ἀντιπαρατάξασθαι
1066 2070 1094 2106 C
1192 2070 1236 2105 16
1261 2069 1395 2104 λοιπῶν
1410 2068 1441 2103 Β
1541 2068 1585 2103 18
1610 2067 1718 2106 εὐθὺς
1739 2070 1829 2113 post

407 2121 467 2156 καὶ
493 2120 640 2166 DEwp,
668 2123 759 2165 post
783 2124 927 2164 τοῦρκοι
955 2118 984 2155 C
1081 2118 1225 2163 τούρκοι
1253 2116 1336 2162 W*p
1434 2115 1466 2151 δ’
1495 2127 1569 2152 om.
1597 2115 1693 2161 pr

338 2258 435 2293 lium
453 2257 552 2292 illud
569 2257 775 2292 recitaret:
800 2257 823 2270 ‘⁶
832 2256 873 2292 Si
895 2267 959 2292 me
978 2256 1178 2302 persecuti
1198 2257 1326 2297 erunt,
1346 2257 1385 2289 et
1402 2264 1475 2289 vos
1497 2251 1831 2299 persequentur.”

281 2304 326 2340 15
340 2305 388 2340 Et
413 2307 549 2340 tamen
574 2306 812 2350 magistrum
830 2304 1101 2350 Nicephorum
1119 2303 1361 2338 Basilacium
1380 2311 1469 2336 cum
1488 2304 1604 2346 parte
1623 2300 1830 2345 copiarum

338 2353 455 2396 misit,
494 2353 640 2397 quibus
678 2352 882 2395 Bryennio
924 2351 1148 2387 coniunctis
1187 2350 1478 2395 aliquantisper
1517 2348 1718 2392 utrimque
1755 2357 1830 2392 par

280 2399 325 2434 16
340 2403 545 2435 certamen
570 2400 657 2434 fuit.
716 2399 874 2434 Deinde
899 2399 1122 2434 Basilacius
1149 2408 1239 2432 cum
1265 2398 1358 2439 suis,
1400 2396 1604 2440 Bryennio
1631 2405 1712 2430 non
1739 2405 1830 2429 con-

282 2447 326 2482 17
340 2450 489 2490 secuto,
515 2447 621 2482 inter
647 2447 796 2492 primos
821 2448 1007 2482 invectus
1025 2447 1158 2481 hostes
1176 2446 1217 2480 in
1238 2445 1376 2489 fugam
1397 2444 1586 2486 coniecit3
1613 2452 1714 2487 quos
1735 2442 1831 2476 dum

340 2495 392 2530 ad
418 2494 568 2530 vallum
597 2504 728 2539 usque
754 2495 1022 2539 persequitur,
1062 2503 1166 2538 equo
1194 2493 1406 2527 vulnerato
1442 2492 1483 2525 in
1515 2490 1637 2536 pedes
1671 2489 1831 2524 desiluit

340 2546 390 2587 et,
430 2542 526 2587 quia
558 2551 658 2587 prae
690 2552 893 2577 armorum
926 2541 1107 2587 pondere
1141 2550 1284 2585 parum
1310 2549 1353 2574 se
1379 2548 1542 2573 movere
1570 2541 1738 2583 poterat,
1778 2536 1830 2571 ab

281 2590 326 2625 18
340 2590 521 2625 hostibus
540 2590 859 2624 ‘circumventus
897 2590 1066 2634 eapitur.
1117 2588 1223 2622 Dum
1255 2597 1352 2622 vero
1382 2586 1433 2621 ad
1467 2586 1671 2620 sultanum
1704 2583 1832 2619 addu-

340 2638 454 2681 citur,
481 2646 557 2672 nee
581 2638 668 2682 ipse
695 2636 820 2680 aliter,
849 2647 969 2681 quam
996 2637 1127 2671 virum
1153 2636 1378 2680 ingenuum
1402 2634 1526 2677 decet,
1555 2643 1597 2667 se
1622 2633 1729 2677 gerit
1754 2640 1830 2666 nec

340 2685 523 2720 sultanus
551 2694 642 2719 eum
669 2694 740 2729 pro
769 2685 931 2729 captivo
952 2686 1110 2726 tractat,
1137 2682 1208 2718 sed
1228 2683 1390 2726 saepius
1409 2681 1645 2715 arcessitum
1664 2679 1714 2714 de
1732 2689 1830 2723 rege

283 2733 327 2768 19
340 2734 577 2778 interroga-t,
616 2732 741 2777 copiis
779 2732 862 2766 suis
900 2731 1120 2766 ostentatis.
1171 2730 1279 2771 Quas
1305 2729 1369 2764 ille
1396 2729 1469 2764 etsi
1499 2728 1721 2762 admiratus
1747 2726 1830 2760 lau-

342 2781 476 2824 dabat,
515 2783 650 2814 tamen
676 2789 698 2814 e
723 2789 767 2814 re
794 2780 880 2814 eius
907 2788 994 2813 esse
1019 2778 1210 2823 negabat,
1247 2780 1293 2812 ut
1326 2786 1417 2811 cum
1450 2785 1549 2821 rege
1580 2775 1828 2809 decerneret.

282 2828 329 2862 20
342 2828 427 2863 Rex
456 2837 552 2862 vero
581 2837 671 2862 cum
696 2826 876 2871 reliquiis
903 2826 1105 2860 exercitus
1133 2825 1237 2860 vallo
1260 2833 1460 2870 egressus,
1486 2828 1531 2857 ut
1549 2822 1825 2867 specularetur

283 2875 328 2910 21
343 2875 440 2923 quid
465 2875 588 2921 fieret,
615 2875 656 2909 in
682 2874 850 2911 collibus
876 2883 1006 2920 usque
1033 2873 1085 2908 ad
1116 2882 1330 2918 vesperum
1352 2871 1469 2907 stetit.
1521 2869 1620 2906 Cum
1638 2870 1679 2904 in
1698 2870 1830 2904 castra
