2020 3230
180 2676 278 2712 -9,
315 2677 362 2712 D.

693 258 826 297 Ἰοῦστιι
841 279 886 288 -
901 257 1151 300 Ἰουστινιανός.

219 381 424 418 faventem
481 381 626 428 legatis
676 382 885 428 Tarquinii

221 429 393 477 Superbi
418 430 476 473 43,
489 430 523 466 6.
550 430 651 466 filios
670 431 887 477 participes

220 479 459 525 proditionis
491 482 611 514 necat
635 478 755 521 43,1o
768 489 797 514 s.
837 479 887 515 de

221 528 366 562 ceteris
401 527 664 572 participibus
698 527 887 572 proditio-

220 575 283 610 nis
309 575 467 610 civibus
493 575 691 621 suffragia
717 574 887 610 ferenda

220 623 413 668 permittit
428 622 558 665 44,13.
582 623 776 668 populum
797 633 886 658 con-

219 674 282 705 tra
309 669 548 707 Collatinum
575 671 716 706 incitat
751 670 804 706 ib.
830 670 886 706 18.

220 718 262 754 P.
278 717 463 754 Valerius
481 718 687 764 Poplicola
705 719 793 754 eius
811 718 886 754 col-

219 766 314 811 lega
337 766 396 808 44,
409 766 467 801 21.
493 769 664 802 necatur
689 765 748 808 45,
761 766 794 802 3.

173 831 215 837 —
243 813 277 849 2.
316 813 357 850 C.
390 814 531 850 Iunius
565 813 715 850 Brutus
747 814 888 850 consul

221 872 245 896 a
272 860 520 898 Samnitibus
552 863 592 897 in
627 862 738 897 silvis
763 861 888 898 Aver-

220 910 283 945 nis
307 910 439 946 victus
465 909 503 945 II
530 910 610 953 100,
623 909 656 945 4.
690 920 769 946 cos.
797 921 887 945 cum

220 957 263 1000 Q.
291 957 417 993 Fabio
458 958 537 1000 104,
552 957 587 993 2.
626 958 752 993 vincit
788 957 888 993 Fali-

221 1015 311 1041 scos
349 1006 402 1040 ib.
432 1005 465 1041 5.
511 1016 589 1041 cos.
625 1016 715 1041 cum
743 1005 887 1041 Rufino

219 1052 425 1089 Samnium
442 1054 598 1090 invadit
617 1053 888 1096 122,17—123,

220 1101 267 1184 6.2
280 1101 389 1137 solus
414 1105 569 1147 partem
585 1099 737 1137 Samnii
756 1105 890 1137 vastat

175 1215 216 1221 —
244 1197 278 1232 3.
309 1196 354 1232 L.
380 1196 522 1233 Iunius
554 1198 720 1233 classem
749 1201 890 1233 contra

222 1244 381 1281 Poenos
413 1248 531 1291 parat
563 1245 601 1280 Π
627 1245 709 1287 158,
722 1246 755 1281 9.
795 1246 890 1291 Ery·

222 1303 307 1328 cem
326 1293 481 1339 subigit
508 1293 588 1335 158,
602 1293 659 1328 20.
686 1303 711 1328 a
727 1292 889 1330 Cartha-

221 1340 314 1376 lone
337 1342 496 1384 capitur
523 1341 603 1382 158,
617 1340 675 1376 22.

175 1406 216 1413 —
242 1388 277 1423 4.
304 1388 352 1424 M.
380 1388 519 1424 Iunius
546 1388 677 1434 [Pera]
705 1399 784 1424 cos.
811 1389 890 1425 bel-

220 1436 276 1472 lat
302 1447 392 1472 cum
418 1435 544 1472 Gallis
570 1436 608 1472 II
635 1437 715 1479 169,
730 1438 762 1473 7.

173 1502 218 1508 —
255 1482 289 1519 5.
334 1483 382 1518 M.
419 1484 560 1520 Iunius
598 1484 728 1530 [Pera]
769 1484 889 1521 dicta-

220 1535 284 1567 tor
297 1531 432 1574 11201,
444 1532 547 1568 1-9.
573 1532 655 1574 205,
665 1533 699 1568 5.
718 1533 770 1568 ab
781 1532 889 1568 Han-

222 1580 358 1615 nibale
384 1580 516 1615 victus
542 1580 624 1622 205,
638 1581 768 1617 9—17.

174 1646 218 1652 —
256 1627 289 1662 6.
328 1627 376 1663 M.
407 1627 548 1663 Iunius
587 1627 748 1665 Silanus
786 1627 888 1664 Afri-

222 1676 313 1711 cani
346 1676 509 1711 maioris
543 1676 701 1723 collega
735 1676 775 1711 11
806 1677 888 1719 217,

224 1723 278 1758 16.
319 1727 457 1759 contra
489 1723 703 1766 Magonem
741 1726 888 1760 missus

221 1770 374 1813 222,11.
401 1790 444 1796 —
472 1770 511 1806 II
536 1771 617 1813 223,
631 1772 664 1807 5.

175 1837 218 1843 -
245 1818 279 1854 7.
306 1817 368 1864 [Μ.
396 1818 551 1864 Iunius]
578 1818 740 1862 Brutus,
773 1824 889 1863 pater

222 1865 407 1902 Caesaris
447 1867 727 1909 interfectoris,
776 1867 888 1903 Pom-

222 1915 314 1959 peio
349 1924 393 1950 se
427 1913 538 1950 dedit
572 1918 612 1950 et
649 1919 817 1951 necatur
851 1915 888 1951 II

215 1961 304 2005 302,
321 1962 496 2004 19-303,
509 1962 543 1997 4.

175 2028 218 2034 ——
245 2010 278 2044 8.
312 2009 360 2045 Μ.
388 2009 529 2045 Iunius
561 2009 709 2046 Brutus
742 2021 766 2045 a
794 2010 889 2047 Cae-

221 2058 714 2141 3”ff.35.¹;12¹.1.”.33²0¹;‘5}14¹1‘
736 2057 782 2140 {¹
806 2058 888 2142 ἓξὲξ

221 2152 279 2188 22.
316 2153 399 2195 303,
416 2152 449 2188 2.
489 2153 630 2195 324,1.
668 2153 751 2195 327,
776 2154 833 2189 21.
871 2153 889 2189 Ι

220 2200 303 2242 407,
319 2201 374 2235 11.
391 2200 629 2236 Macedonia
648 2202 683 2237 ei
698 2201 890 2238 mandata

223 2247 439 2290 11345,21.
479 2248 732 2285 Theodotum
771 2253 890 2285 necat

221 2295 304 2338 327,
325 2295 382 2331 21.
420 2296 543 2332 bellat
581 2306 671 2332 cum
710 2296 888 2332 Antonio

223 2347 264 2379 et
289 2343 513 2379 Octaviano
545 2343 888 2386 355,15—364,13.

223 2390 349 2433 1410,
366 2392 399 2426 3.
443 2403 486 2426 se
524 2396 643 2427 necat
682 2391 718 2427 II
755 2392 837 2434 365,
855 2392 888 2428 4.

223 2439 311 2474 eius
343 2449 491 2485 corpus
522 2440 574 2474 ab
609 2439 785 2475 Antonio
824 2440 889 2475 ho—

223 2491 391 2522 noratur
428 2486 581 2529 365,13.
624 2487 766 2523 Porcia
803 2489 890 2523 eius

222 2544 327 2569 uxor
352 2534 691 2577 365.16-366,19.
719 2554 761 2561 --
789 2535 806 2571 1
834 2535 890 2577 13,

227 2581 277 2616 17.
305 2581 342 2616 ῘΙ
368 2581 521 2623 349,13.
547 2582 702 2625 350,15.
736 2583 818 2625 353,
831 2582 889 2619 20.

221 2629 303 2671 367,
317 2630 350 2664 3.
372 2629 455 2671 370,
472 2630 525 2666 17.

397 2677 565 2723 [Iunius]
599 2677 749 2713 Brutus
780 2677 888 2713 Albi-

224 2734 301 2760 nus
319 2725 504 2761 Caesaris
522 2726 688 2766 amicus,
715 2736 820 2761 unus
840 2726 890 2762 de

224 2772 313 2808 cius
338 2773 647 2818 percussoribus
673 2772 709 2808 11
736 2773 888 2815 333,14.

222 2819 375 2862 334,11.
452 2824 587 2857 raeest
620 2820 782 2857 Galliae
820 2822 889 2857 cis-

223 2867 383 2911 alpinae
421 2889 429 2901 .
470 2868 586 2910 2,18.
637 2868 759 2904 bellat
798 2879 887 2904 cum

224 2914 398 2950 Antonio
427 2915 508 2958 342,
536 2916 589 2951 16.
628 2915 710 2957 344,
735 2916 889 2959 4—345,

960 641 1003 647 —
1024 622 1079 658 12.
1105 621 1248 658 Iunius
1271 621 1433 658 Priscus

1601 257 1673 297 843

960 401 1004 408 -
1017 382 1071 418 10.
1089 380 1143 428 [G.
1145 379 1157 426 ]
1169 380 1310 417 Iunius
1325 379 1494 426 [Vibius]
1511 379 1671 426 [Pausa]

1005 440 1087 521 ἓὲἕ.
1100 429 1210 514 gello
1228 429 1445 466 Mutinensi
1463 429 1501 465 II
1518 429 1672 472 344,19.

959 545 1002 551 -
1031 526 1086 561 11.
1112 525 1162 562 Μ.
1189 525 1358 571 [Iunius]
1385 523 1546 562 Silanus
1573 524 1672 562 Cali-

1005 574 1128 621 gulae
1146 584 1262 610 socer
1277 584 1319 610 se
1336 577 1456 610 necat
1469 573 1509 609 II
1521 572 1672 616 449,19.

1458 625 1623 668 praetor
1649 632 1674 657 a

1006 669 1191 716 Caligula
1216 673 1386 706 necatur
1410 669 1452 705 II
1475 669 1628 712 452,18.

1042 718 1097 753 13.
1135 717 1179 752 L.
1206 718 1346 754 Iunius
1373 717 1534 754 Silanus
1561 717 1674 753 Clau-

1007 765 1062 801 dii
1088 765 1117 801 1.
1145 775 1273 812 gener
1298 765 1338 801 ΙΙ
1362 766 1444 809 462,
1459 765 1494 801 4.
1518 765 1602 809 465,
1618 765 1673 802 16.

1006 817 1174 850 necatus
1200 813 1283 856 468,
1298 814 1353 849 12.

955 861 994 897 ’I
1002 875 1022 897 ο
1034 866 1056 897 ῦ
1069 875 1091 897 σ
1103 876 1121 897 τ
1132 875 1155 897 ιι
1182 861 1454 898 Valentiniani
1479 861 1509 897 I.
1549 864 1589 898 et
1613 861 1675 898 Iu-

1007 910 1137 946 stinae
1163 909 1244 945 filia
1270 909 1330 945 III
1355 909 1412 952 74,
1426 909 1460 945 4.

961 956 1171 993 Ἰουστῖνα
1203 957 1332 994 altera
1363 968 1469 993 uxor
1502 957 1674 994 Valenti-

1006 1006 1116 1041 niani
1136 1005 1164 1040 Ι.
1191 1008 1231 1042 et
1255 1011 1384 1042 mater
1402 1005 1674 1042 Valentiniani

1006 1053 1068 1097 11.,
1094 1053 1242 1096 lustae,
1267 1053 1431 1096 Gratae,
1457 1053 1598 1090 Gallae
1617 1053 1676 1089 III

1007 1101 1065 1144 74,
1077 1101 1110 1136 4.
1137 1100 1291 1138 Ariana
1315 1102 1373 1144 85,
1386 1101 1420 1137 2.

961 1148 1269 1189 ’Ῑουστινιανός
1288 1150 1318 1185 1.
1339 1149 1366 1185 I.
1386 1150 1437 1185 ab
1458 1148 1674 1185 Anastasio

1007 1197 1038 1232 Ι.
1064 1201 1206 1243 captus
1224 1197 1295 1234 sed
1314 1197 1500 1234 dimissus
1518 1197 1578 1233 111
1594 1197 1676 1239 142,

1009 1245 1065 1281 15.
1107 1246 1301 1290 magister
1338 1246 1506 1282 militum
1541 1246 1675 1281 omnia

1008 1294 1116 1339 regit
1148 1293 1275 1336 147,1.
1315 1293 1395 1336 150,
1409 1294 1441 1329 8.
1480 1293 1675 1329 nobilissi-

1008 1351 1097 1377 mus
1123 1341 1167 1376 fit
1193 1341 1344 1384 150,14.
1385 1342 1436 1377 ab
1463 1341 1617 1377 Iustino
1644 1341 1675 1377 Ῑ.

1008 1399 1079 1424 rex
1097 1389 1327 1425 declaratur
1341 1389 1448 1425 XLV
1462 1400 1590 1425 annos
1608 1399 1675 1424 ua-

1008 1441 1072 1473 tus
1097 1437 1176 1480 150,
1196 1437 1372 1479 18—151,
1388 1438 1420 1474 7.
1459 1438 1545 1473 eius
1568 1447 1676 1473 uxor

1008 1485 1224 1520 Theodora
1259 1484 1448 1529 Augusta
1485 1486 1675 1531 potentis-

1008 1534 1108 1568 sima
1149 1533 1227 1575 151,
1249 1533 1282 1568 8.
1311 1533 1366 1568 11.
1415 1534 1502 1569 eius
1527 1537 1676 1569 namra

1009 1581 1090 1623 151,
1101 1579 1278 1624 14—152,
1291 1581 1323 1616 6.
1351 1582 1491 1616 uxoris
1506 1581 1593 1617 eius
1607 1591 1675 1616 na—

1008 1634 1100 1664 tura
1133 1628 1213 1671 152,
1227 1629 1356 1664 6-10.
1402 1629 1673 1665 subiectorum

1008 1677 1095 1712 eius
1122 1676 1306 1712 condicio
1339 1676 1489 1719 152,11.
1524 1677 1600 1712 sub
1627 1687 1675 1712 eo

1008 1729 1183 1760 cometes
1199 1724 1346 1766 152,18.
1372 1735 1464 1760 cum
1473 1724 1606 1760 Persis
1620 1725 1676 1760 fa-

1009 1774 1062 1808 cit
1075 1783 1215 1819 pacem
1233 1772 1313 1815 153,
1327 1772 1359 1808 2.
1387 1773 1462 1808 sub
1475 1782 1523 1808 eo
1539 1773 1676 1808 factio—

1008 1830 1103 1856 num
1131 1820 1274 1856 seditio
1302 1831 1407 1866 quae
1423 1821 1522 1856 Νίκα
1548 1820 1674 1865 vulgo

1009 1868 1155 1904 dicitur
1181 1868 1261 1911 153,
1276 1869 1308 1904 7.
1352 1869 1427 1904 sub
1463 1878 1510 1904 eo
1550 1868 1676 1903 multa

1008 1915 1142 1961 Cpolis
1167 1916 1256 1951 loca
1283 1916 1493 1952 combusta
1512 1915 1674 1959 154‚9-

1009 1963 1090 2005 155,
1106 1964 1136 1998 1.
1166 1963 1401 2009 Hypatium,
1427 1964 1676 2010 Pompeium,

1008 2011 1108 2047 alios
1125 2014 1245 2047 necat
1264 2011 1344 2054 156,
1358 2011 1485 2047 7-13,
1505 2022 1578 2058 pro
1596 2022 1676 2047 ma-

1008 2059 1677 2153 {xffiglffif..fixigzpffl‘szssssssz

1010 2154 1136 2197 157,1.
1174 2154 1376 2201 stipendia
1407 2155 1610 2200 magistris
1636 2155 1677 2190 li-

1008 2202 1203 2238 beralium
1251 2203 1396 2238 artium
1443 2202 1538 2238 data
1576 2203 1678 2238 tollit

1009 2250 1202 2293 157,1—7.
1221 2249 1527 2295 Augusteonem
1545 2251 1676 2296 erigit,

1009 2298 1189 2333 canalem
1233 2298 1465 2344 plumbeum
1505 2298 1676 2335 destruit

1010 2345 1089 2387 157,
1099 2346 1227 2380 8-18,
1243 2346 1318 2381 sub
1334 2356 1381 2381 eo
1397 2349 1529 2382 terrae
1543 2350 1676 2382 motus

1010 2393 1137 2437 158,1.
1163 2393 1238 2428 sub
1265 2404 1312 2428 eo
1340 2395 1452 2430 canis
1484 2395 1676 2429 mirificus

1009 2440 1161 2486 Cpolim
1189 2441 1405 2477 adducitur
1431 2441 1513 2484 158,
1526 2441 1560 2477 3.
1588 2442 1676 2487 Epi·

1010 2488 1157 2533 phanio
1196 2488 1376 2524 succedit
1411 2489 1486 2524 sub
1521 2499 1570 2525 eo
1596 2488 1675 2525 An-

1009 2536 1156 2571 thimus
1192 2536 1271 2578 158,
1297 2536 1352 2572 14.
1403 2537 1561 2572 libidini
1595 2547 1676 2573 ma-

1009 2583 1146 2619 sculae
1172 2585 1342 2619 infestus
1370 2585 1518 2627 158,17.
1550 2585 1675 2620 multa

1008 2642 1133 2715 gpera
1166 2633 1422 2722 ξξκῗῐᾞίιιὲἑ
1464 2636 1601 2716 οῃιιὲιη
1634 2633 1674 2667 in

1038 2689 1181 2725 ang-ari
1227 2689 1287 2714 aci
1604 2691 1676 2726 per

1008 2726 1244 2763 Belisarium
1270 2726 1462 2770 Africam,
1488 2726 1675 2769 Siciliam,

1008 2773 1247 2818 Sardiniam,
1286 2776 1421 2810 omnia
1458 2785 1589 2820 uscue
1623 2775 1675 2810 ad

1008 2821 1144 2857 Gades
1170 2823 1324 2869 subigit
1360 2823 1438 2865 161,
1451 2823 1604 2867 9-165,
1619 2823 1674 2858 16.

1008 2870 1059 2904 ab
1078 2868 1266 2916 Agapeto
1293 2874 1424 2906 motus
1443 2869 1674 2906 Anthimum

1008 2917 1112 2959 eicit,
1128 2917 1283 2953 Menam
1300 2919 1387 2953 eius
1401 2928 1674 2955 successorem

1010 2969 1118 3001 creat
1156 2965 1234 3009 166,
1248 2965 1401 3009 2-167,
1424 2966 1477 3002 10.
1517 2966 1592 3002 sub
1626 2976 1674 3003 eo
