2054 3282
146 0 247 19 ,ις’-ξυμ·
263 0 282 15 .'

543 243 908 288 VANDALORVM
934 241 1150 286 REGNVM
1177 241 1231 285 IN
1256 240 1460 285 AFRICA.
1682 241 1748 284 161

249 373 403 421 αυτοὺς
431 373 507 429 τὴν
538 373 674 429 ἀρχὴν
705 372 931 428 κατασχὼν
963 372 1233 414 δυοκαίδεκα.
1296 370 1379 412 εἶτα
1417 370 1753 426 Τρασαμοῧνόος
1768 373 1814 409 14

247 447 334 486 τῶν
371 442 635 498 Οὗανόήλων
666 443 834 497 γέγονεν
865 442 1049 497 ἡγεμών,
1080 440 1151 482 καὶ
1183 438 1307 486 οὗτος
1339 439 1560 495 Ἆρειανός,
1594 440 1646 481 οὗ
1677 455 1752 481 κο-

249 513 392 562 λάζων
429 512 527 559 τοὺς
565 511 844 566 ὀρθοόόξους,
887 510 1022 565 μόνον
1064 511 1205 565 μέντοι
1248 509 1638 564 ἀποστρεφόμενος·
1683 508 1754 550 καὶ

249 582 399 624 τούτου
432 582 478 623 δὲ
509 583 577 636 ἔτη
610 582 738 623 εἴκοσι
769 580 841 622 καὶ
873 579 973 621 ἑπτὰ
1007 579 1277 634 ὂιαγαγόντος
1309 579 1352 620 ἓν
1383 583 1432 634 τῇ
1465 579 1576 634 ἀρχῇ
1607 577 1679 619 καὶ
1707 577 1754 619 τὸ

213 657 236 693 5
250 651 458 706 βιώσιμον
490 650 831 705 ἒκμετρήσαντος,
876 650 933 694 εἷς
966 648 1184 703 Ἰλόέριχον
1214 649 1240 703 ἡ
1279 648 1479 703 ἡγεμονία
1518 648 1752 702 μετέπεσεν,

252 721 300 766 ὃς
321 719 540 774 Γιζερίχου
561 718 614 774 ἦν
635 717 790 764 υἱωνὸς
812 718 857 766 ἐξ
879 717 1114 772 Ὀνωρίχου
1141 721 1215 759 τοῦ
1245 717 1405 759 ἐκείνου
1436 716 1598 763 παιδός.
1661 717 1755 758 οὔτε
1769 719 1815 755 15

253 788 299 830 δὲ
329 792 576 843 χριστιανοῖς
606 788 802 842 χαλεπῶς
832 788 1117 841 προσεφέρετο
1146 786 1217 828 καὶ
1238 790 1339 828 πᾶσι
1359 791 1498 840 πρᾷος
1520 786 1753 840 ἐτύγχανεν,
1767 787 1847 823 PII
1857 787 1945 824 65A

252 858 322 899 ἅτε
351 857 423 899 καὶ
453 857 682 912 μαλθακοῦ
713 855 854 911 τυχὼν
885 856 1023 910 ἤθους
1054 856 1102 897 ἐκ
1134 856 1317 910 φύσεως,
1350 855 1453 896 ὅθεν
1482 854 1534 910 ἦν
1555 854 1626 896 καὶ
1646 854 1755 908 πρὸς

251 926 464 981 πολέμους
501 926 774 979 νωθέστερος.
838 924 960 971 οὗτος
998 924 1049 979 δὴ
1084 925 1108 966 ὁ
1142 924 1359 979 Ἰλὸέριχος
1390 925 1580 979 συνήθης
1612 925 1755 979 γέγονε
1769 926 1815 962 16

195 1003 241 1038 10
253 1000 314 1050 τῷ
346 994 620 1049 Ἰουστινιανῷ
651 995 706 1036 ἔτι
738 994 999 1036 ἰδιωτεύοντι.
1061 993 1087 1034 Ι
1093 993 1238 1048 ἐλίμερ
1276 994 1323 1035 δέ
1352 1010 1410 1040 τις
1442 993 1650 1048 ὁμογενὴς
1683 993 1753 1035 Ἰλ-
1769 995 1815 1032 17

254 1064 436 1119 ὃερίχου,
475 1064 582 1119 ἀνὴρ
613 1064 851 1118 κακοήθης,
892 1063 1142 1118 δραστήριος
1174 1063 1220 1105 δὲ
1250 1063 1321 1104 καὶ
1353 1063 1591 1117 νεωτερίσαι
1624 1062 1754 1104 δεινό-

251 1149 384 1181 τατος,
427 1133 601 1175 ἐπέθετο
631 1132 860 1186 τυραννίδι·
902 1132 971 1173 καὶ
1002 1131 1074 1173 τὸν
1107 1133 1260 1173 οἰκεῖον
1291 1131 1518 1187 κατασχὼν
1551 1132 1755 1187 δεσπότην
1769 1135 1815 1170 18

253 1203 393 1257 εἱρκτῇ
436 1201 701 1256 παραδίδωσι
744 1201 815 1242 καὶ
859 1200 956 1247 τοὺς
993 1201 1084 1242 ὅσοι
1116 1201 1264 1255 ἐκείνῳ
1295 1202 1522 1255 ᾠκείωντο.
1585 1202 1754 1255 ἀποτρι-
1770 1204 1815 1238 19

252 1271 435 1327 βόμενος
467 1267 504 1312 δ’
539 1270 628 1312 οἷον
658 1269 710 1316 τὸ
736 1274 808 1325 τῆς
838 1270 1084 1324 τυραννίδος
1115 1270 1295 1324 αἰτίαμα,
1331 1270 1482 1324 γράφει
1511 1270 1620 1325 πρὸς
1653 1270 1755 1311 'Iov-

195 1348 240 1384 15
254 1339 457 1381 στινιανὸν
488 1339 550 1385 ὡς
583 1339 633 1381 οὗ
671 1343 743 1394 τῆς
782 1339 916 1394 ἀρχῆς
959 1339 1072 1393 ἐρῶν
1115 1339 1265 1393 ταύτης
1309 1339 1528 1393 ἐδράξατο,
1574 1337 1661 1380 ἀλλ’
1695 1339 1755 1381 ὅτι

255 1408 472 1463 Ἰλὸέριχος
508 1408 771 1462 ἀποπεφύκει
802 1407 910 1462 πρὸς
940 1407 1015 1462 τὴν
1045 1408 1196 1462 ταύτης
1229 1408 1440 1462 διοίκησιν.
1503 1408 1527 1449 ὁ
1561 1409 1606 1450 δὲ
1636 1409 1754 1463 βασι-
1768 1410 1816 1445 20

253 1477 347 1523 λεὺς
377 1477 659 1519 ἅνταπέστειλε
690 1482 750 1531 τῷ
779 1476 804 1517 I
807 1475 970 1531 Ἰελιζαερι
1002 1476 1064 1522 ὡς
1095 1477 1175 1518 οὐκ
1207 1477 1403 1530 ἀνέξεται,
1437 1478 1475 1518 εἴ
1500 1477 1560 1532 μὴ
1594 1483 1655 1531 τῷ
1686 1494 1754 1518 τυ-
1769 1478 1801 1514 Β

254 1546 500 1602 ραννηθέντι
543 1546 621 1601 μὲν
663 1546 884 1601 βοηθήσει,
928 1545 1000 1587 τὸν
1038 1545 1083 1587 δὲ
1119 1547 1431 1601 τυραννήσαντα
1464 1548 1754 1601 τιμωρήσεται.

329 1721 347 1755 1
375 1720 620 1766 ῥασαμοῦνὸος
647 1719 682 1755 D
798 1721 820 1755 3
845 1720 1127 1765 ὀρθοόοξοῦντας
1154 1720 1185 1756 Ο
1300 1721 1322 1755 6
1348 1722 1526 1766 γιζερίχου
1552 1720 1671 1765 ARW‚
1699 1722 1756 1756 Γι-

326 1770 468 1822 ζερίκου
494 1779 519 1814 p
657 1769 822 1814 ὀνορίχου
848 1767 930 1814 AR,
957 1769 1145 1814 ὠνωρίχου
1172 1769 1252 1812 Ew,
1281 1769 1472 1814 Ωνωρίχου
1499 1780 1536 1815 p,
1559 1770 1755 1814 Ὁνωρίχου

326 1816 393 1862 Βι,
409 1817 639 1861 corr.B-W,
654 1827 693 1851 v.
707 1816 889 1862 p.160,11
964 1817 986 1852 9
999 1820 1117 1862 γέγονε
1133 1827 1207 1852 om.
1220 1818 1331 1852 initio
1346 1827 1488 1853 versus
1501 1816 1529 1853 C
1608 1818 1646 1852 11
1667 1822 1756 1863 post

326 1864 515 1910 κακοήθης
542 1864 633 1900 add.
656 1863 721 1909 μὲν
746 1863 845 1910 pr
990 1871 1194 1910 νεωτερΐσαι
1222 1865 1307 1909 (Sic)
1334 1864 1370 1899 A
1520 1865 1632 1904 δεινὸς
1660 1865 1755 1911 Ewp

328 1912 372 1948 17
397 1912 636 1948 ἆνταπέστειλε
660 1911 742 1957 AR,
768 1912 999 1948 ἀντεπέστειλε
1025 1911 1191 1958 BwpDi,
1219 1924 1255 1947 v.
1284 1913 1336 1948 ad
1362 1912 1457 1948 XIII
1486 1914 1518 1958 9,
1546 1913 1592 1949 28
1701 1928 1755 1948 τυ-

327 1960 533 2005 ραννηθέντι
552 1958 743 2004 ARwa‚
769 1961 1005 2005 τιμωρηθὲντι
1027 1960 1073 2006 D,
1100 1961 1337 2005 τυραννιθὲντι
1366 1961 1412 2007 p*
1513 1962 1556 1996 18
1580 1961 1753 2007 βοηθήσει

326 2007 586 2102 ᾒᾶαἱιέιιιωῇσήση
614 2007 752 2054 E(wp)‚
779 2009 972 2054 τιμωρήσει
1000 2009 1033 2044 R
1201 2010 1460 2055 τυραννήσαντα
1487 2009 1607 2052 ARw,
1634 2024 1755 2054 τυραν-

256 2217 332 2252 XII
360 2218 475 2264 regni
501 2227 630 2252 annos
657 2227 679 2253 e
705 2218 788 2252 vita
816 2218 998 2254 decessit.
1050 2218 1145 2254 Post
1187 2220 1292 2254 hunc
1319 2219 1624 2255 Trasamundus
1651 2221 1756 2256 Van·
1772 2223 1818 2259 14

257 2266 439 2301 dalorum
473 2265 556 2300 dux
584 2271 643 2300 cst
669 2266 812 2310 factus,
845 2265 1020 2301 Arianus
1048 2270 1086 2301 et
1112 2268 1208 2312 ipsc,
1249 2269 1317 2312 qui
1352 2273 1484 2303 tamen
1521 2269 1757 2304 orthodoxis

256 2318 411 2349 tantum
438 2314 678 2348 adversatus
706 2318 774 2357 est,
802 2325 881 2348 non
902 2315 1021 2349 ctiam
1050 2315 1500 2360 suppliciisinsectatus.
1555 2316 1758 2362 Regnavit

257 2372 386 2397 annos
411 2360 572 2405 XXVII,
600 2371 731 2406 eoque
767 2362 959 2397 defuncto
987 2363 1236 2407 principatus
1263 2363 1315 2397 ad
1342 2363 1616 2399 Hilderichum
1645 2364 1756 2400 Gize-

257 2410 356 2445 richi
395 2420 445 2446 ex
473 2409 705 2444 Honoricho
743 2409 822 2444 filio
862 2413 1048 2455 nepotem
1090 2410 1217 2445 rediit.
1269 2410 1306 2444 Is
1348 2422 1482 2456 neque
1509 2411 1817 2450 Christianoslf)

259 2467 402 2503 aspere
427 2457 629 2492 tractabat
655 2462 694 2492 et
720 2458 955 2493 clementem
984 2468 1026 2492 se
1046 2458 1269 2503 praebebat
1296 2469 1394 2503 erga
1424 2469 1571 2502 omnes,
1597 2461 1658 2494 vir
1673 2462 1756 2496 miti

259 2506 423 2551 ingenio
447 2509 486 2541 et
513 2505 564 2540 ad
591 2505 696 2540 bella
722 2506 980 2551 suscipienda
1008 2507 1273 2541 cunctantior.
1325 2506 1594 2542 Contraxerat
1621 2512 1755 2544 autem
1772 2511 1818 2546 16

260 2553 515 2589 Hildcrichus
542 2563 631 2587 cum
660 2553 883 2589 Iustiniano
911 2558 993 2588 tum
1029 2555 1188 2599 privato
1219 2555 1541 2589 familiaritatem.
1570 2555 1755 2592 Ceterum
1772 2559 1818 2595 17·

261 2600 496 2645 Gestmerus,
517 2601 603 2636 eius
626 2607 837 2647 cognatus,
858 2602 974 2636 homo
994 2602 1203 2647 improbus
1219 2602 1282 2636 ille
1302 2602 1463 2647 quidem
1481 2603 1550 2637 sed
1567 2606 1757 2639 strenuus

261 2653 299 2683 et
325 2659 523 2684 novarum
552 2659 685 2683 rerum
714 2649 1009 2684 sollertissimus
1036 2650 1297 2692 machinator,
1337 2660 1507 2695 regnum
1549 2653 1757 2697 appetivit,

261 2706 334 2731 suo
362 2696 523 2732 domino
563 2697 731 2742 eiusque
759 2697 1024 2732 familiaribus
1064 2698 1249 2732 omnibus
1289 2699 1328 2732 in
1357 2698 1519 2733 vincula
1546 2700 1818 2741 coniectis318

261 2747 300 2779 et
325 2748 370 2779 ut
397 2745 547 2779 crimen
571 2744 797 2790 tyrannidis
824 2756 848 2779 a
874 2755 917 2780 se
944 2748 1163 2789 amoveret,
1191 2745 1241 2780 ad
1263 2745 1528 2781 Iustinianum
1558 2747 1696 2782 scribit
1714 2750 1817 2785 se19

261 2802 342 2827 non
362 2792 562 2838 regnandi
582 2793 803 2838 cupiditate
822 2794 1031 2838 imperium
1053 2794 1261 2836 invasisse,
1281 2793 1351 2828 scd
1373 2794 1481 2839 quod
1502 2794 1757 2831 Hilderichus

262 2839 311 2874 ad
329 2840 540 2885 imperium
560 2839 920 2875 administrandum
943 2844 1089 2876 nutura
1107 2845 1210 2875 essct
1230 2853 1308 2876 nou
1332 2845 1459 2887 aptus.
1495 2841 1547 2877 At
1565 2852 1635 2877 rex
1654 2842 1756 2879 Geli·
1770 2845 1818 2880 20

263 2897 372 2922 mero
392 2888 596 2933 rescripsit
614 2897 656 2922 se
674 2898 754 2923 non
781 2889 1102 2934 conquieturum,
1131 2890 1203 2923 nisi
1233 2893 1272 2924 et
1299 2890 1336 2924 vi
1367 2900 1603 2935 oppressum
1632 2891 1757 2926 vindi-

264 2940 392 2971 nasset
420 2940 458 2970 ct
485 2939 701 2981 tyrannum
721 2936 830 2971 ultus
851 2937 1000 2972 fuisset.
1055 2936 1195 2982 Itaque
1218 2938 1426 2983 matrim-inm
1451 2937 1684 2973 Remurium
1706 2951 1749 2974 vx
1771 2941 1812 2976 ‘21

335 3006 492 3035 Zonaras
511 3006 608 3043 Epito
615 3015 659 3034 me
680 3006 737 3034 111.
1499 2999 1541 3033 11
