2054 3282
342 227 414 265 420
749 227 931 265 ZONAR.
959 227 1088 264 EPIT'.
1115 227 1206 264 XVI
1233 230 1265 273 8,
1294 228 1444 266 17—30.

342 351 618 404 αὖτοκράτωρ
654 350 867 396 Damascos-
905 350 974 390 καὶ
1013 349 1117 391 κατοὶ
1155 354 1240 391 τῶν
1273 351 1524 404 ΆΙανιχαίων
1563 349 1626 392 ὧν
1671 351 1843 407 ἐξῆρχεν

283 424 327 458 18
343 420 367 460 ὁ
388 419 628 472 Χρυσόχειρ
650 419 924 471 καλούμενος,
958 418 1028 459 καὶ
1050 419 1234 472 φρούριά
1257 434 1342 459 τινα
1375 419 1601 473 κατασχὼν
1632 420 1703 461 καὶ
1733 420 1843 461 λείαν

344 487 493 532 ἐλάσας
526 487 762 540 ἐπεχείρησε
793 486 870 539 μὲν
901 486 1176 540 πολιορκῆσαι
1207 487 1278 528 καὶ
1309 487 1382 541 τὴν
1415 487 1630 542 Τεφρικὴν
1660 487 1734 542 τὴν
1766 488 1840 529 αὗ-

341 559 426 596 τῶν
468 555 736 609 μητρόπολιν,
783 553 907 607 γνοὺς
952 554 996 595 δὲ
1035 555 1187 609 ταύτην
1225 555 1295 596 καὶ
1333 555 1606 609 προσεδρείας
1639 556 1842 610 δεομένην

70 627 328 664 ΡῘΙΙΟ8Α19
341 623 497 677 πολλῆς
528 622 599 663 καὶ
637 622 774 667 ἄλλως
815 622 1068 668 δυσάλωτον,
1113 623 1221 675 ἄρας
1264 624 1425 665 ἐκεῖθεν
1470 623 1610 679 ἀπῄει·
1657 625 1727 665 καὶ
1770 623 1878 665 τὸν5

342 691 574 744 Εὐφράτην
606 690 745 742 εὑρὼν
769 690 901 731 πολὺν
923 691 1082 745 ῥέοντα,
1118 692 1267 739 ζεύξας
1297 695 1443 733 τοῦτον
1475 692 1594 732 ναυσὶ
1627 693 1842 746 διεπέρασε

341 759 411 799 καὶ
442 758 574 799 πολλὰ
614 762 698 799 τῶν
735 759 824 799 ἐκεῖ
855 759 1102 813 ληισάμενος
1139 759 1208 800 καὶ
1247 760 1431 813 φρούρια
1470 760 1577 800 ἑλὼν
1616 761 1732 814 ἔτερα
1771 760 1841 802 καὶ

341 831 425 872 τοῖς
454 827 533 881 μὲν
565 830 649 867 τῶν
670 827 905 881 βαρβάρων
927 828 1213 882 σπεισάμενος,
1246 827 1342 873 τοὺς
1364 828 1409 869 δὲ
1430 828 1842 883 προσκεχωρηκότας

342 895 459 948 (ιῦτῷ
492 895 731 948 δεξάμενος,
764 896 821 939 εἷς
852 895 926 949 τὴν
956 899 1042 936 τῶν
1071 897 1238 937 πόλεων
1268 897 1603 951 προκαθημένην
1643 897 1839 951 ἐπανελή-

341 963 446 1003 λυθε
477 963 548 1004 καὶ
582 962 648 1003 διὰ
681 964 813 1017 μέσης
844 964 1135 1017 θριαμβεύσας
1166 969 1238 1019 τῆς
1273 965 1438 1010 πόλεως
1476 965 1532 1010 εἷς
1570 964 1619 1005 τὰ
1657 965 1839 1019 βασίλεια
1860 971 1904 1006 10

283 1038 330 1072 20
343 1032 559 1086 ἐπανῆκεν.
622 1032 647 1072 ὁ
682 1031 726 1072 δὲ
754 1035 839 1072 τῶν
861 1031 1113 1085 ΛΙανιχαίων
1133 1030 1407 1084 προεστηκὼς
1429 1030 1452 1070 ὁ
1474 1029 1714 1085 Χρυσόχειρ
1736 1030 1840 1071 κατὰ

283 1106 325 1141 21
343 1103 427 1140 τῶν
447 1099 700 1153 Ῥωμαϊκῶν
733 1100 846 1154 ἐπῄει
878 1103 1036 1154 χωρῶν
1068 1099 1138 1140 καὶ
1171 1098 1298 1144 αὐτὰς
1330 1099 1518 1152 ἐληίζετο.
1581 1099 1729 1140 στέλλει
1759 1099 1840 1139 τοί-

284 1176 329 1210 22
344 1184 417 1209 νυν
449 1168 473 1209 ὁ
504 1168 696 1222 βασιλεὺς
727 1168 816 1209 κατ’
856 1169 984 1209 αὐτοῦ
1024 1168 1094 1209 τὸν
1136 1167 1381 1221 δομέστικον
1417 1170 1502 1208 τῶν
1540 1167 1718 1221 σχολῶν.
1783 1167 1842 1208 ὅτι

345 1236 390 1276 δὲ
421 1236 480 1290 μὴ
515 1236 748 1290 ἀξιόχρεων
780 1237 954 1291 ἐπήγετο
987 1237 1177 1290 δύναμιν,
1211 1235 1315 1276 κατὰ
1349 1235 1556 1290 συστάδην
1588 1236 1704 1289 αὐτῷ
1736 1251 1840 1289 συμ-

284 1313 330 1348 23
343 1304 484 1358 βαλεῖν
516 1305 595 1345 οὐκ
628 1306 762 1358 ἔκρινε
795 1305 892 1346 δεῖν.
956 1305 1038 1359 ὅπῃ
1073 1305 1117 1345 δὲ
1149 1304 1352 1358 παρείκοι,
1384 1307 1468 1349 τοῖς
1500 1304 1628 1344 αὐτοῦ
1661 1303 1840 1357 συμπλε-
1859 1310 1903 1345 15

299 1373 525 1427 Βκόμενος
577 1373 865 1427 σκιδναμένοις
916 1373 986 1414 καὶ
1037 1373 1304 1427 ποιουμένοις
1355 1371 1628 1426 καταδρομὰς
1684 1373 1842 1413 ἐκάκου

344 1441 497 1486 αὐτοὺς
532 1442 603 1483 καὶ
641 1442 720 1483 οὒκ
759 1442 897 1486 ἀδεῶς
934 1443 995 1482 εἴα
1035 1442 1242 1482 ποιεῖσθαι
1285 1440 1358 1485 τὰς
1401 1440 1615 1494 ἐκδρομὰς
1658 1440 1728 1481 καὶ
1771 1440 1843 1486 τὰς

285 1519 329 1554 24
344 1509 571 1564 λεηλασίας.
635 1510 699 1550 διὸ
738 1510 808 1551 καὶ
846 1512 898 1564 ἣν
937 1511 1017 1564 ἤδη
1058 1511 1197 1564 ἴσχυσε
1235 1509 1374 1563 λαβεῖν
1405 1508 1516 1549 λείαν
1547 1509 1571 1549 ὁ
1604 1508 1842 1563 Χρυσόχειρ

346 1639 387 1673 11
416 1640 514 1678 ὅπως
539 1640 560 1673 ὁ
583 1641 786 1685 Χρυσόχειρ
812 1640 947 1686 ἡττήθη
973 1639 1068 1684 παρὰ
1089 1640 1280 1684 Ῥωμαίων
1305 1638 1364 1674 καὶ
1390 1638 1549 1684 ἀνῃρέθη
1578 1638 1607 1674 C

419 1769 435 1803 1
464 1769 695 1814 αὐτοκράτωρ
723 1779 797 1803 om.
824 1768 859 1802 D
985 1769 1008 1804 3
1032 1769 1152 1806 ἁλίσας
1180 1768 1226 1812 D,
1255 1778 1354 1802 corr.
1383 1767 1450 1805 Dw
1571 1767 1594 1801 4
1618 1767 1842 1812 προςεὸρείας

418 1815 584 1861 prDi‚
612 1816 821 1860 προςεδριάς
846 1815 925 1859 ΑΕ,
954 1827 990 1851 v.
1018 1816 1069 1850 ad
1099 1814 1207 1851 XVII
1237 1816 1293 1857 ⁸23,
1320 1816 1367 1849 34
1502 1815 1522 1849 ’ἶ
1549 1815 1610 1850 καὶ
1638 1819 1733 1850 ante
1763 1814 1844 1858 τοῖς]

417 1863 457 1898 τὰ
484 1864 531 1909 p*
604 1865 627 1898 8
651 1865 978 1908 προκεχωρηκότας
997 1864 1038 1908 E,
1064 1864 1388 1908 προκεχωρηκότας
1405 1862 1452 1907 D,
1481 1873 1580 1897 corr.
1597 1862 1664 1899 Dw
1739 1862 1761 1896 9
1787 1862 1846 1896 αὐ·

417 1917 466 1955 τῷ
494 1922 568 1946 om.
596 1912 631 1946 D
730 1911 966 1956 ἐπανελήλυθε
985 1911 1152 1956 prDz',
1179 1911 1441 1955 ἐπανελήλυθεν
1459 1909 1504 1954 A,
1532 1921 1568 1945 v.
1588 1910 1640 1944 :ld
1659 1909 1755 1944 XIII
1777 1910 1805 1953 l,
1823 1910 1846 1944 5

419 1960 464 1993 10
490 1960 639 2005 θριαμβ.
667 1958 725 1994 διὰ
749 1959 858 2003 μέσης
886 1959 983 2004 pr
1121 1960 1162 1993 11
1190 1958 1407 2003 προεστηκὸς
1437 1957 1484 2003 15⁴²
1616 1958 1659 1992 12
1683 1957 1770 1991 ἒπίει
1798 1956 1844 2001 D,

419 2017 520 2042 corr.
538 2006 604 2045 Dw
703 2007 863 2046 ἑλειίζετο
884 2006 930 2050 D,
958 2017 1061 2041 corr.
1077 2006 1143 2044 Dw
1242 2007 1356 2040 mlom·
1384 2005 1469 2050 κνῆ)
1570 2005 1613 2039 13
1639 2005 1846 2049 δομέστιχον

419 2055 467 2100 p*
568 2055 612 2088 14
636 2054 728 2099 μηδὲ
747 2054 782 2088 D
883 2054 926 2088 15
950 2055 1105 2099 παρήκοι
1125 2053 1272 2099 ARW1)‚
1301 2064 1401 2088 corr.
1421 2053 1477 2088 Di
1575 2053 1619 2087 16
1643 2054 1843 2097 ποιουμένοι

418 2103 503 2147 w*p
605 2104 658 2137 18.
687 2113 722 2148 p.
750 2102 831 2146 421,
861 2102 878 2138 1
905 2102 1002 2147 ἐπαγ.
1029 2103 1050 2135 ὖ
1072 2103 1263 2146 χρυσόχειρ
1290 2100 1321 2135 Ο

344 2230 558 2277 Agarenos
592 2233 631 2266 et
657 2230 926 2271 Manichaeos,
966 2231 1034 2275 qui
1069 2230 1228 2264 cuidam
1257 2228 1498 2265 Clu-isochiri
1536 2229 1745 2274 parebant,
1785 2231 1843 2263 est

285 2281 331 2314 18
345 2280 564 2324 profectus,
603 2282 643 2313 et
675 2278 847 2313 castellis
883 2277 1124 2323 quibusdam
1165 2278 1292 2322 captis
1329 2280 1501 2321 actaque
1540 2276 1691 2321 praeda
1722 2276 1842 2310 etiam

345 2327 596 2372 Tephricam,
633 2336 773 2361 corum
799 2325 1063 2370 metropolim,
1104 2325 1289 2359 obsidere
1321 2326 1470 2368 statuit,
1509 2324 1579 2359 sed
1619 2324 1727 2368 quod
1754 2333 1841 2358 eam

346 2385 435 2410 cum
462 2375 624 2420 longam
652 2374 902 2408 obsidionem
928 2373 1133 2418 postulare
1160 2376 1242 2407 tum
1270 2376 1510 2417 expugnat-u
1536 2372 1731 2406 difficilem
1755 2381 1842 2406 esse

287 2425 331 2458 19
346 2423 616 2467 cognovisset,
654 2421 748 2456 inde
787 2421 984 2464 discessit3
1024 2425 1106 2455 tum
1138 2420 1382 2464 Euphratem
1420 2419 1693 2454 exundantem
1728 2423 1843 2456 navi-

347 2471 421 2504 bus
459 2471 638 2504 iunctum
678 2469 835 2503 transiit
878 2472 917 2503 ct
955 2468 1281 2502 circumiacentia
1318 2467 1407 2501 loca
1442 2467 1670 2511 populeum,
1709 2469 1842 2504 multis

346 2517 517 2552 castellis
548 2516 805 2562 expugnatis,
847 2526 936 2550 cum
972 2516 1239 2550 barbarorum
1279 2515 1365 2549 aliis
1390 2524 1491 2559 pace
1529 2515 1647 2559 facta,
1687 2516 1774 2551 aliis
1800 2518 1839 2552 in

347 2564 591 2599 deditionem
625 2564 812 2608 acceptis,
850 2563 1003 2608 Cpolim
1042 2572 1231 2598 reversus
1268 2562 1520 2607 triumphans
1558 2572 1630 2607 per
1667 2564 1838 2599 mediam

286 2612 487 2649 20urbem
526 2613 712 2646 invectus
750 2612 790 2646 in
830 2612 985 2656 regiam
1023 2610 1151 2645 rediit.
1211 2609 1263 2645 At
1301 2609 1576 2654 Chrysochire,
1617 2610 1840 2646 Manichae—

286 2662 328 2696 21
348 2670 460 2694 orum
489 2659 681 2704 principe,
708 2658 910 2693 Romanas
936 2659 1166 2703 provincias
1192 2657 1411 2692 invadente
1443 2660 1483 2692 et
1509 2658 1739 2702 populante,
1766 2669 1838 2694 rex

286 2709 333 2743 22
347 2707 610 2741 domesticum
649 2706 876 2741 scholarum
914 2707 1051 2748 mittin
1091 2706 1159 2750 qui
1199 2705 1294 2750 quia
1331 2706 1457 2739 iustas
1491 2706 1628 2750 copias
1661 2716 1740 2740 non
1773 2706 1840 2741 ad—

287 2756 333 2790 23
348 2754 532 2795 ducebat,
572 2755 659 2789 acie
698 2763 788 2788 cum
821 2754 934 2788 hoste
962 2753 1259 2788 decernendum
1287 2763 1374 2787 esse
1400 2762 1481 2787 non
1513 2756 1636 2796 ratus,
1674 2754 1743 2788 ubi
1776 2764 1840 2788 res

347 2802 542 2845 ferebant,
582 2803 621 2836 in
659 2801 959 2836 incursionibus
991 2801 1222 2846 palantibus
1252 2800 1536 2834 detrimentum
1570 2801 1768 2835 inserebat
1801 2805 1839 2836 et

287 2850 332 2885 24
347 2849 602 2893 impediebat,
642 2850 856 2894 quominus
894 2850 1025 2884 securi
1060 2847 1297 2894 praedatum
1332 2848 1499 2882 exirent.
1553 2847 1686 2889 Quare
1719 2847 1839 2893 Chry-

287 2898 334 2934 25
347 2896 478 2931 sochir
505 2897 692 2942 abducta,
734 2907 854 2942 quam
886 2899 1061 2943 ceperat,
1099 2895 1252 2942 praeda
1279 2896 1440 2931 domum
1470 2895 1595 2930 rediit.
1646 2894 1704 2930 Ac
1730 2896 1839 2931 scho-
