2054 3282
460 224 722 268 LICHVDES
747 223 1098 266 PATRIARCHA.
1146 222 1488 267 PATZINACAE.
1647 224 1718 265 671

48 401 56 405 2
229 351 387 408 σθῆναί
426 352 513 395 σε.”
573 351 755 394 συνιδὼν
791 350 868 394 οὖν
903 351 928 394 ὅ
959 350 1194 407 Λειχούὸης
1232 350 1294 398 ὡς
1332 350 1470 393 οὐκέτι
1508 350 1627 406 αὐτῷ
1664 351 1722 398 εἷς
1735 355 1781 390 13

59 421 129 464 ‚lv
146 423 216 460 195
227 420 303 475 τὴν
331 421 542 476 προτέραν
577 421 820 463 ἐπανελθεῖν
857 420 1104 463 κατάστασιν
1140 420 1304 475 ἔξεστιν,
1348 420 1461 462 οὕτω
1499 418 1545 462 δὲ
1583 419 1722 475 μένειν

55 494 57 497 ’
229 486 281 531 δι’
314 489 513 545 αἰσχύνης
539 490 807 545 ποιούμενος,
837 490 985 545 φέρων
1008 489 1155 532 δίδωσι
1174 486 1224 530 τὰ
1245 488 1483 543 αι’τούμενα,
1514 487 1586 530 καὶ
1608 488 1721 530 οὕτω
1737 490 1766 528 C

227 561 540 614 παραχωρεῒται
570 558 811 614 τελεσθῆναι
840 557 914 613 τὴν
945 556 1236 613 ἀρχιερατικὴν
1265 557 1439 613 τελετήν.

189 629 214 665 5
341 625 396 669 Ὁ
431 626 477 669 δὲ
510 626 739 682 Κομνηνὸς
779 626 886 669 κατὰ
922 629 1008 668 τῶν
1044 625 1253 680 Οῧγγρων
1289 625 1360 668 καὶ
1398 628 1484 667 τῶν
1513 625 1763 680 Σκυθῶν,6

226 696 272 737 οἳ
286 694 546 744 Πατζινάκαι
566 695 765 750 λέγονται,
796 694 1098 750 ἐκστρατεύσας
1122 699 1207 742 τοῖς
1226 694 1305 749 μὲν
1327 693 1534 750 Οὔγγροις
1555 695 1723 750 εἰρήνην

225 763 515 819 αἰτησαμένοις
548 764 776 806 ἐσπείσατο.
838 762 945 806 κατὰ
985 763 1030 806 δὲ
1067 766 1153 805 τῶν
1183 763 1377 805 Σκυθῶν
1415 763 1645 818 ὁρμήσαντι
1683 763 1724 804 οἱ
1735 768 1759 805 2

223 832 303 888 μὲν
333 833 449 875 ἄλλοι
478 833 704 887 ὗπέκυψαν
741 831 812 874 καὶ
848 832 1091 886 εἷρήνευσαν
1130 830 1199 886 (οὗ
1236 830 1316 886 γὰρ
1356 828 1430 886 ὑφ’
1463 832 1535 874 ἕνα
1572 831 1723 878 πάντες

225 901 411 956 ἡγεμόνα
434 900 678 956 ἐτάττοντο),
710 901 767 948 εἷς
789 899 827 942 ὀ’
851 901 991 942 αὐτῶν
1013 900 1037 941 ὅ
1058 900 1185 942 Σελτὲ
1212 899 1471 955 θρασυνθεὶς
1501 899 1572 942 καὶ
1592 900 1723 955 μοίρᾳ

167 973 214 1009 10
225 970 298 1012 τινὶ
328 974 401 1025 τῆς
429 973 516 1012 τῶν
532 969 756 1024 Ῥωμαίων
778 969 1002 1023 δυνάμεως
1022 969 1255 1024 συμβαλὼν
1275 970 1421 1025 ἥττητο
1442 968 1514 1010 καὶ
1543 967 1590 1010 τὸ
1615 967 1723 1011 πολὺ

224 1041 311 1081 τῶν
331 1039 498 1081 οἰκείων
518 1037 750 1093 ἀποβαλὼν
774 1037 878 1093 μετὰ
903 1041 989 1080 τῶν
1008 1038 1361 1093 περιλειφθέντων
1383 1038 1558 1092 ἀπέδρα.
1620 1038 1722 1079 ἄνα·
1736 1044 1760 1080 3

226 1106 398 1162 ζευγνὺς
430 1106 468 1149 δ’
492 1108 652 1149 ἐκεῖθεν
683 1106 708 1149 ὅ
738 1105 929 1162 βασιλεὺς
960 1107 1199 1161 ἐσκήνωσεν
1231 1106 1275 1148 ἐν
1304 1108 1366 1160 τῷ
1396 1106 1606 1162 Λοβιτζῷ,
1639 1106 1773 1162 ἥὸηΙ)

225 1179 300 1219 τοῦ
342 1176 486 1223 τέλους
528 1177 648 1223 ὄντος
691 1175 812 1230 ἐγγὺς
850 1178 924 1218 τοῦ
963 1175 1222 1230 Σεπτεβρίου
1259 1175 1406 1230 μηνός.
1469 1175 1637 1231 ὄμβρου
1678 1175 1760 1217 ὂὲ4

226 1245 431 1300 ῥαγόαίου
453 1245 787 1301 καταρραγέντος
807 1244 879 1287 καὶ
899 1244 1039 1300 χιόνος
1059 1243 1269 1300 πεσούσης
1288 1243 1374 1299 πρὸ
1403 1244 1523 1299 ὥρας
1552 1244 1724 1300 πολλῆς,

166 1316 212 1352 15
224 1318 298 1370 τῆς
334 1314 464 1356 ἵππου
501 1330 544 1357 τε
581 1313 628 1356 τὸ
667 1314 795 1356 πλέον
836 1314 1069 1369 διέφθαρτο
1106 1312 1178 1354 καὶ
1214 1316 1457 1367 στρατιῶται
1486 1312 1632 1355 πολλοὶ
1663 1317 1725 1367 τῷ
1739 1320 1935 1357 W111215

223 1382 350 1438 ψύχει
380 1382 736 1433 κεκινδυνεύκασι,
767 1383 839 1425 καὶ
868 1382 1051 1438 ποταμοὶ
1084 1380 1120 1424 δ’
1145 1382 1397 1438 ὑπερχειλεῖς
1418 1382 1632 1438 γεγονότες
1652 1382 1726 1424 καὶ

223 1450 514 1507 πελαγίσαντες
549 1451 597 1494 τὰ
636 1452 842 1508 ἐπιτήδεια
882 1455 1006 1507 σφῶν
1043 1451 1209 1506 ἀθρόον
1247 1451 1505 1506 παρέσυραν,
1550 1451 1612 1497 ὡς
1653 1451 1726 1493 καὶ

226 1525 287 1576 τῷ
324 1525 608 1577 στρατιωτικῷ
643 1521 715 1563 καὶ
751 1525 835 1569 τοῖς
872 1521 1113 1575 ὑποζυγίοις
1156 1520 1285 1562 αὐτοῦ
1316 1519 1366 1562 τὰ
1398 1520 1606 1576 ἀναγκαῖα
1638 1520 1725 1562 ἐπι-

226 1662 249 1699 5
285 1664 335 1699 ὅτι
367 1662 627 1709 ἐξεστράτευσεν
659 1664 681 1699 ὀ
711 1662 874 1711 βασιλεὺς
908 1663 1124 1709 (ἐκστρατεία
1150 1662 1194 1707 C)
1228 1661 1319 1700 κατὰ
1350 1666 1422 1699 τῶν
1458 1661 1633 1710 Οὕγγρων
1664 1661 1726 1699 καὶ

226 1711 464 1753 Πατζινάκων
489 1710 552 1748 ΟΕ

297 1843 320 1879 6
344 1843 550 1885 πατζινάκοι
568 1842 600 1878 Β
697 1844 720 1880 8
746 1847 837 1891 post
861 1844 922 1880 ἕνα
949 1843 1042 1880 add.
1067 1843 1129 1880 καὶ
1154 1843 1202 1891 p*
1224 1844 1362 1880 invitis
1378 1842 1487 1879 ARw
1585 1844 1607 1879 9
1632 1842 1728 1880 σελτὲ

298 1901 457 1962 prDi
483 1902 643 1950 Scylitz.
669 1914 707 1950 p.
733 1903 813 1948 646,
840 1903 874 1949 2,
900 1903 996 1940 σελὲτ
1020 1903 1067 1949 1),
1093 1892 1182 1940 «ηπ
1214 1903 1251 1939 A
1427 1905 1473 1940 10
1497 1903 1535 1940 τὸ
1561 1915 1637 1941 om.
1663 1903 1727 1940 Bc

346 1966 384 1987 το
407 1950 511 1996 πολὺ]
537 1950 666 1990 πολούς
692 1961 743 1987 ex
768 1951 859 1987 πολὺ
885 1955 981 1988 mut.
1007 1951 1039 1987 B
1189 1952 1231 1987 11
1258 1951 1552 1997 περιληφθέντων
1578 1952 1664 1997 (sic)
1692 1951 1727 1986 A

300 1998 346 2035 12
369 1999 521 2046 λοβιιζῴ
536 1998 607 2035 Rw
621 1997 782 2045 Scylitz.
803 2009 840 2046 p.
854 1999 935 2044 646,
951 2000 1006 2040 10.
1025 2010 1063 2035 v.
1078 1999 1182 2035 Ann.
1197 1998 1333 2036 Comn.
1349 1999 1365 2034 I
1411 2027 1418 2035 .
1435 2001 1514 2046 167,
1531 2000 1586 2044 13,
1613 1999 1726 2045 Glyc.

300 2057 337 2093 p.
364 2046 446 2091 602,
475 2048 529 2091 11,
556 2047 768 2093 Ephraem.
793 2045 899 2091 3252,
925 2047 1091 2094 Δοβίτζῳ
1146 2075 1155 2092 ,
1179 2046 1334 2093 λυβιστῷ
1400 2046 1456 2083 Di
1560 2047 1605 2083 13
1630 2049 1727 2086 ὄντος

302 2105 378 2131 om.
405 2094 435 2131 C
532 2095 765 2141 σεπτεμβρίου
790 2093 932 2141 Bpr,
959 2106 997 2131 v.
1023 2095 1076 2131 ad
1102 2058 1194 2132 §VI
1224 2095 1277 2139 17,
1303 2095 1349 2131 37

231 2245 457 2292 privilegia,
497 2245 796 2281 criminationes
827 2245 914 2280 illas
945 2245 1163 2291 neglegam
1200 2254 1335 2290 neque
1366 2244 1593 2291 impediam,
1632 2254 1730 2290 quo-

229 2294 363 2329 minus
386 2292 584 2339 ungare.”
620 2291 822 2328 Lichudes
849 2293 918 2338 qui
937 2293 1094 2328 videret
1115 2303 1197 2328 non
1217 2293 1337 2328 licere
1354 2292 1430 2327 sibi
1447 2292 1498 2327 ad
1519 2293 1727 2338 pristinam
1743 2292 1788 2328 13

230 2341 502 2377 conditionem
529 2340 672 2384 redire,
711 2341 768 2376 sic
795 2350 892 2376 vero
919 2350 1084 2376 manere
1109 2344 1228 2386 turpe
1255 2350 1354 2383 esse,
1395 2350 1567 2386 propere
1598 2340 1729 2376 allatis

229 2389 278 2425 iis
304 2398 410 2435 quae
437 2389 691 2435 petebantur,
717 2389 878 2424 nemine
905 2388 1102 2430 obstante,
1130 2388 1334 2434 pontificio
1361 2388 1440 2423 ritu
1467 2388 1659 2423 initiatur.

349 2436 382 2472 6.
408 2435 606 2472 Posthac-c
621 2435 860 2481 Comnenus,
881 2435 1140 2482 expeditione
1155 2439 1296 2471 contra
1311 2434 1474 2481 Ungros
1492 2441 1531 2471 et
1546 2434 1728 2480 Scythas,

231 2485 300 2531 qui
326 2483 570 2520 Patzinacae
589 2484 790 2528 dicuntur,
814 2487 1013 2529 suscepta,
1043 2483 1193 2529 Ungris
1220 2483 1452 2529 petentibus
1478 2493 1618 2529 pacem
1639 2493 1729 2518 con·

231 2534 360 2577 cessit,
386 2530 558 2578 Scythas
585 2542 683 2568 vero
710 2541 958 2577 aggressum
986 2531 1107 2567 ceteri
1135 2531 1299 2576 quidem
1326 2541 1495 2574 cessere,
1523 2541 1662 2577 pacem
1690 2532 1765 2567 et2

231 2580 307 2626 ipsi
330 2580 506 2626 amplexi
533 2581 681 2625 (neque
700 2580 805 2614 enim
825 2579 955 2615 eidem
975 2589 1112 2614 omnes
1131 2578 1223 2614 duci
1243 2578 1470 2624 parebant),
1497 2588 1603 2614 unus
1630 2589 1728 2614 vero

232 2629 338 2664 inter
359 2638 429 2663 eos
448 2626 586 2671 Seites,
613 2627 757 2663 ceteris
776 2626 983 2671 audacior,
1011 2636 1100 2661 cum
1121 2630 1235 2672 parte
1254 2625 1429 2671 quadam
1454 2626 1728 2662 Romanorum

233 2686 280 2710 co
312 2676 442 2711 iarum
480 2685 724 2721 congressus
756 2675 933 2710 vincitur
969 2679 1007 2709 ct
1042 2674 1222 2720 piurimis
1254 2677 1304 2709 de
1330 2674 1413 2708 suis
1445 2674 1601 2709 amissis
1638 2683 1728 2709 cum

233 2686 397 2769 reffquis
428 2723 602 2769 aufugit.
659 2722 743 2757 Rex
779 2726 914 2758 autem
949 2722 1091 2758 castris
1124 2721 1217 2756 Inde
1249 2722 1367 2756 motis
1404 2722 1480 2756 sub
1513 2723 1766 2758 exeuntem3

233 2781 411 2806 mensem
437 2769 712 2816 Septembrem
741 2769 952 2805 Lobitzum
990 2770 1206 2814 concessit3
1244 2769 1313 2804 ubi
1342 2769 1570 2804 vehementi
1602 2770 1766 2806 imbre4

233 2822 274 2854 ct
298 2819 393 2854 nive
419 2818 703 2864 intempestiva
722 2828 770 2853 ac
796 2819 972 2853 maxima
999 2817 1157 2863 plurimi
1184 2817 1275 2862 equi
1305 2817 1512 2862 perierunt
1536 2817 1731 2862 multique

233 2866 379 2902 milites
414 2875 463 2901 ex
499 2866 652 2912 frigore
683 2870 778 2901 sunt
817 2865 1040 2911 periclitati,
1079 2874 1253 2909 cunique
1286 2865 1451 2900 flumina
1477 2864 1730 2900 exundantia

235 2917 275 2950 et
308 2914 543 2960 stagnantia
577 2918 843 2950 commeatum
879 2913 1012 2949 subito
1049 2913 1367 2959 intercepissent,
1406 2915 1445 2948 et
1478 2912 1658 2949 homines
1692 2915 1731 2950 et
