<?xml version="1.0" encoding="UTF-8"?>
<!DOCTYPE html PUBLIC "-//W3C//DTD XHTML 1.0 Transitional//EN"
    "http://www.w3.org/TR/xhtml1/DTD/xhtml1-transitional.dtd">
<html xmlns="http://www.w3.org/1999/xhtml" xml:lang="en" lang="en">
 <head>
  <title>
</title>
<meta http-equiv="Content-Type" content="text/html;charset=utf-8" />
  <meta name='ocr-system' content='tesseract 3.04.00' />
  <meta name='ocr-capabilities' content='ocr_page ocr_carea ocr_par ocr_line ocrx_word'/>
</head>
<body>
  <div class='ocr_page' id='page_1' title='image "./corpusscriptorum31niebuoft/corpusscriptorum31niebuoft_0727.png"; bbox 0 0 2066 3230; ppageno 0'>
   <div class='ocr_carea' id='block_1_1' title="bbox 609 222 1760 265">
    <p class='ocr_par' dir='ltr' id='par_1_1' title="bbox 609 222 1760 265">
     <span class='ocr_line' id='line_1_1' title="bbox 609 222 1760 265; baseline -0.001 -1"><span class='ocrx_word' id='word_1_1' title='bbox 609 223 870 264; x_wconf 86' lang='lat' dir='ltr'>DIOGENES</span> <span class='ocrx_word' id='word_1_2' title='bbox 894 223 1142 265; x_wconf 85' lang='lat' dir='ltr'><strong>VINOITVR</strong></span> <span class='ocrx_word' id='word_1_3' title='bbox 1168 223 1203 262; x_wconf 82' lang='lat' dir='ltr'>A</span> <span class='ocrx_word' id='word_1_4' title='bbox 1227 222 1425 263; x_wconf 86' lang='lat' dir='ltr'>TVRCIS.</span> <span class='ocrx_word' id='word_1_5' title='bbox 1692 225 1760 263; x_wconf 83' lang='lat'><strong><em>701</em></strong></span> 
     </span>
    </p>
   </div>
   <div class='ocr_carea' id='block_1_2' title="bbox 0 0 63 3230">
    <p class='ocr_par' dir='ltr' id='par_1_2' title="bbox 0 0 63 3230">
     <span class='ocr_line' id='line_1_2' title="bbox 0 0 63 3230; baseline 0 -2850"><span class='ocrx_word' id='word_1_6' title='bbox 0 0 63 3230; x_wconf 95' lang='lat' dir='ltr'><strong><em>   </em></strong></span> 
     </span>
    </p>
   </div>
   <div class='ocr_carea' id='block_1_3' title="bbox 49 346 2040 1708">
    <p class='ocr_par' dir='ltr' id='par_1_3' title="bbox 49 346 2040 1708">
     <span class='ocr_line' id='line_1_3' title="bbox 269 346 1763 404; baseline 0 -14"><span class='ocrx_word' id='word_1_7' title='bbox 269 347 439 390; x_wconf 71' lang='grc' dir='ltr'><strong><em>’θόντων</em></strong></span> <span class='ocrx_word' id='word_1_8' title='bbox 468 351 554 391; x_wconf 84' lang='grc' dir='ltr'><strong><em>τῶν</em></strong></span> <span class='ocrx_word' id='word_1_9' title='bbox 584 348 781 391; x_wconf 80' lang='grc' dir='ltr'><strong><em>ἐναντίων</em></strong></span> <span class='ocrx_word' id='word_1_10' title='bbox 811 349 929 404; x_wconf 78' lang='grc' dir='ltr'><strong><em>αὐτῷ</em></strong></span> <span class='ocrx_word' id='word_1_11' title='bbox 959 348 1182 404; x_wconf 86' lang='grc' dir='ltr'><strong><em>διαρπαγῇ,</em></strong></span> <span class='ocrx_word' id='word_1_12' title='bbox 1226 349 1336 403; x_wconf 82' lang='grc' dir='ltr'><em>ἔγνω</em></span> <span class='ocrx_word' id='word_1_13' title='bbox 1367 346 1442 402; x_wconf 88' lang='grc' dir='ltr'><strong><em>τὴν</em></strong></span> <span class='ocrx_word' id='word_1_14' title='bbox 1471 347 1614 403; x_wconf 81' lang='grc' dir='ltr'><strong><em>μάχην</em></strong></span> <span class='ocrx_word' id='word_1_15' title='bbox 1643 348 1763 390; x_wconf 83' lang='grc' dir='ltr'><strong><em>λῦσαι</em></strong></span> 
     </span>
     <span class='ocr_line' id='line_1_4' title="bbox 56 415 1824 472; baseline -0.002 -12"><span class='ocrx_word' id='word_1_16' title='bbox 56 422 99 469; x_wconf 80' lang='lat' dir='ltr'>D</span> <span class='ocrx_word' id='word_1_17' title='bbox 114 424 169 462; x_wconf 94' lang='lat' dir='ltr'><strong><em>1v</em></strong></span> <span class='ocrx_word' id='word_1_18' title='bbox 186 424 256 461; x_wconf 82' lang='lat'><strong><em>215</em></strong></span> <span class='ocrx_word' id='word_1_19' title='bbox 268 416 340 458; x_wconf 83' lang='grc' dir='ltr'><strong><em>καὶ</em></strong></span> <span class='ocrx_word' id='word_1_20' title='bbox 371 417 645 466; x_wconf 83' lang='grc' dir='ltr'><strong><em>ἐπαναζεῦξαι</em></strong></span> <span class='ocrx_word' id='word_1_21' title='bbox 674 417 769 472; x_wconf 83' lang='grc' dir='ltr'><strong><em>περὶ</em></strong></span> <span class='ocrx_word' id='word_1_22' title='bbox 798 416 871 459; x_wconf 86' lang='grc' dir='ltr'><strong><em>τὸν</em></strong></span> <span class='ocrx_word' id='word_1_23' title='bbox 900 417 1080 472; x_wconf 87' lang='grc' dir='ltr'><strong><em>χάρακα.</em></strong></span> <span class='ocrx_word' id='word_1_24' title='bbox 1142 417 1394 472; x_wconf 77' lang='grc' dir='ltr'><strong><em>ἐπιστρέψας</em></strong></span> <span class='ocrx_word' id='word_1_25' title='bbox 1432 415 1509 458; x_wconf 88' lang='grc' dir='ltr'><strong><em>οὖν</em></strong></span> <span class='ocrx_word' id='word_1_26' title='bbox 1539 415 1613 471; x_wconf 87' lang='grc' dir='ltr'><strong><em>τὴν</em></strong></span> <span class='ocrx_word' id='word_1_27' title='bbox 1643 417 1762 471; x_wconf 87' lang='grc' dir='ltr'><strong><em>βασι-</em></strong></span> <span class='ocrx_word' id='word_1_28' title='bbox 1778 420 1824 456; x_wconf 90' lang='grc'><strong><em>10</em></strong></span> 
     </span>
     <span class='ocr_line' id='line_1_5' title="bbox 49 483 1764 542; baseline 0 -15"><span class='ocrx_word' id='word_1_29' title='bbox 49 483 51 486; x_wconf 68' lang='grc'><strong>’</strong></span> <span class='ocrx_word' id='word_1_30' title='bbox 268 484 387 540; x_wconf 86' lang='grc' dir='ltr'><strong><em>λικὴν</em></strong></span> <span class='ocrx_word' id='word_1_31' title='bbox 426 486 608 541; x_wconf 87' lang='grc' dir='ltr'><strong><em>σημαίαν</em></strong></span> <span class='ocrx_word' id='word_1_32' title='bbox 646 485 772 532; x_wconf 80' lang='grc' dir='ltr'><strong><em>αὐτός</em></strong></span> <span class='ocrx_word' id='word_1_33' title='bbox 800 483 835 527; x_wconf 78' lang='grc' dir='ltr'><strong><em>τ’</em></strong></span> <span class='ocrx_word' id='word_1_34' title='bbox 868 485 1036 542; x_wconf 81' lang='grc' dir='ltr'><strong><em>ἐπανῄει</em></strong></span> <span class='ocrx_word' id='word_1_35' title='bbox 1073 485 1145 527; x_wconf 84' lang='grc' dir='ltr'><strong><em>καὶ</em></strong></span> <span class='ocrx_word' id='word_1_36' title='bbox 1181 490 1232 541; x_wconf 86' lang='grc' dir='ltr'><strong><em>τῇ</em></strong></span> <span class='ocrx_word' id='word_1_37' title='bbox 1269 490 1437 541; x_wconf 82' lang='grc' dir='ltr'><strong><em>στρατιᾷ</em></strong></span> <span class='ocrx_word' id='word_1_38' title='bbox 1471 485 1597 527; x_wconf 80' lang='grc' dir='ltr'><strong><em>ταύτὸ</em></strong></span> <span class='ocrx_word' id='word_1_39' title='bbox 1633 489 1764 528; x_wconf 88' lang='grc' dir='ltr'><strong><em>ποιεῖν</em></strong></span> 
     </span>
     <span class='ocr_line' id='line_1_6' title="bbox 270 553 1822 610; baseline -0.001 -15"><span class='ocrx_word' id='word_1_40' title='bbox 270 553 540 609; x_wconf 89' lang='grc' dir='ltr'><strong><em>διεσήμαινεν.</em></strong></span> <span class='ocrx_word' id='word_1_41' title='bbox 601 555 642 596; x_wconf 82' lang='grc' dir='ltr'><strong><em>οἱ</em></strong></span> <span class='ocrx_word' id='word_1_42' title='bbox 669 554 748 609; x_wconf 87' lang='grc' dir='ltr'><strong><em>μὲν</em></strong></span> <span class='ocrx_word' id='word_1_43' title='bbox 779 553 856 596; x_wconf 84' lang='grc' dir='ltr'><strong><em>οὖν</em></strong></span> <span class='ocrx_word' id='word_1_44' title='bbox 885 554 979 609; x_wconf 85' lang='grc' dir='ltr'><strong><em>περὶ</em></strong></span> <span class='ocrx_word' id='word_1_45' title='bbox 1007 553 1134 596; x_wconf 80' lang='grc' dir='ltr'><strong><em>αὐτὸν</em></strong></span> <span class='ocrx_word' id='word_1_46' title='bbox 1155 554 1271 601; x_wconf 85' lang='grc' dir='ltr'><strong><em>ὄντες</em></strong></span> <span class='ocrx_word' id='word_1_47' title='bbox 1291 555 1527 610; x_wconf 71' lang='grc' dir='ltr'><strong><em>ἀθορύβως</em></strong></span> <span class='ocrx_word' id='word_1_48' title='bbox 1547 555 1764 597; x_wconf 84' lang='grc' dir='ltr'><strong><em>ἐποιοῦντο</em></strong></span> <span class='ocrx_word' id='word_1_49' title='bbox 1779 558 1822 594; x_wconf 93' lang='grc'><strong><em>11</em></strong></span> 
     </span>
     <span class='ocr_line' id='line_1_7' title="bbox 232 621 1825 679; baseline -0.002 -14"><span class='ocrx_word' id='word_1_50' title='bbox 232 621 315 665; x_wconf 71' lang='grc' dir='ltr'><strong><em>ὅτι)</em></strong></span> <span class='ocrx_word' id='word_1_51' title='bbox 353 622 592 664; x_wconf 75' lang='grc' dir='ltr'><strong><em>κελευσθέν.</em></strong></span> <span class='ocrx_word' id='word_1_52' title='bbox 655 622 747 664; x_wconf 88' lang='grc' dir='ltr'><strong><em>ὅσοι</em></strong></span> <span class='ocrx_word' id='word_1_53' title='bbox 784 622 830 664; x_wconf 85' lang='grc' dir='ltr'><strong><em>δὲ</em></strong></span> <span class='ocrx_word' id='word_1_54' title='bbox 859 622 1012 677; x_wconf 85' lang='grc' dir='ltr'><strong><em>πόρρω</em></strong></span> <span class='ocrx_word' id='word_1_55' title='bbox 1043 639 1115 664; x_wconf 91' lang='grc' dir='ltr'><strong><em>ποι</em></strong></span> <span class='ocrx_word' id='word_1_56' title='bbox 1144 622 1219 668; x_wconf 84' lang='grc' dir='ltr'><strong><em>τὰς</em></strong></span> <span class='ocrx_word' id='word_1_57' title='bbox 1248 623 1499 678; x_wconf 84' lang='grc' dir='ltr'><strong><em>παρατάξεις</em></strong></span> <span class='ocrx_word' id='word_1_58' title='bbox 1530 624 1763 679; x_wconf 84' lang='grc' dir='ltr'><strong><em>ἐκέκτηντο,</em></strong></span> <span class='ocrx_word' id='word_1_59' title='bbox 1779 627 1825 663; x_wconf 90' lang='grc'><strong>12</strong></span> 
     </span>
     <span class='ocr_line' id='line_1_8' title="bbox 270 689 1809 746; baseline 0.001 -15"><span class='ocrx_word' id='word_1_60' title='bbox 270 690 412 745; x_wconf 76' lang='grc' dir='ltr'><strong><em>φυγὴν</em></strong></span> <span class='ocrx_word' id='word_1_61' title='bbox 442 694 516 732; x_wconf 81' lang='grc' dir='ltr'><strong><em>τοῦ</em></strong></span> <span class='ocrx_word' id='word_1_62' title='bbox 545 690 752 745; x_wconf 82' lang='grc' dir='ltr'><strong><em>βασιλέως</em></strong></span> <span class='ocrx_word' id='word_1_63' title='bbox 781 689 855 744; x_wconf 86' lang='grc' dir='ltr'><strong><em>τὴν</em></strong></span> <span class='ocrx_word' id='word_1_64' title='bbox 885 691 1159 746; x_wconf 80' lang='grc' dir='ltr'><strong><em>ὑποστροφὴν</em></strong></span> <span class='ocrx_word' id='word_1_65' title='bbox 1186 691 1467 746; x_wconf 83' lang='grc' dir='ltr'><strong><em>ὖπετόπασαν,</em></strong></span> <span class='ocrx_word' id='word_1_66' title='bbox 1493 691 1765 746; x_wconf 80' lang='grc' dir='ltr'><strong><em>Ἀνδρονίκου</em></strong></span> <span class='ocrx_word' id='word_1_67' title='bbox 1780 696 1809 732; x_wconf 90' lang='lat' dir='ltr'>C</span> 
     </span>
     <span class='ocr_line' id='line_1_9' title="bbox 268 758 1764 815; baseline 0.001 -15"><span class='ocrx_word' id='word_1_68' title='bbox 268 763 344 801; x_wconf 88' lang='grc' dir='ltr'><strong><em>τοῦ</em></strong></span> <span class='ocrx_word' id='word_1_69' title='bbox 374 760 468 800; x_wconf 81' lang='grc' dir='ltr'><strong><em>υἱοῦ</em></strong></span> <span class='ocrx_word' id='word_1_70' title='bbox 500 762 574 800; x_wconf 86' lang='grc' dir='ltr'><strong><em>τοῦ</em></strong></span> <span class='ocrx_word' id='word_1_71' title='bbox 606 758 822 813; x_wconf 87' lang='grc' dir='ltr'><strong><em>Καίσαρος</em></strong></span> <span class='ocrx_word' id='word_1_72' title='bbox 852 758 924 801; x_wconf 84' lang='grc' dir='ltr'><strong><em>τὸν</em></strong></span> <span class='ocrx_word' id='word_1_73' title='bbox 953 759 1080 814; x_wconf 86' lang='grc' dir='ltr'><strong><em>λόγον</em></strong></span> <span class='ocrx_word' id='word_1_74' title='bbox 1109 759 1397 815; x_wconf 78' lang='grc' dir='ltr'><strong><em>ὑποβαλόντος</em></strong></span> <span class='ocrx_word' id='word_1_75' title='bbox 1426 765 1514 807; x_wconf 89' lang='grc' dir='ltr'><strong><em>ταῖς</em></strong></span> <span class='ocrx_word' id='word_1_76' title='bbox 1550 761 1764 815; x_wconf 80' lang='grc' dir='ltr'><strong><em>φάλαγξιν.</em></strong></span> 
     </span>
     <span class='ocr_line' id='line_1_10' title="bbox 268 827 1825 884; baseline 0.001 -16"><span class='ocrx_word' id='word_1_77' title='bbox 268 827 331 869; x_wconf 84' lang='grc' dir='ltr'><strong><em>ἀεὶ</em></strong></span> <span class='ocrx_word' id='word_1_78' title='bbox 362 827 442 882; x_wconf 83' lang='grc' dir='ltr'><strong><em>γὰρ</em></strong></span> <span class='ocrx_word' id='word_1_79' title='bbox 474 827 501 869; x_wconf 82' lang='grc' dir='ltr'><em>ὅ</em></span> <span class='ocrx_word' id='word_1_80' title='bbox 529 843 571 869; x_wconf 83' lang='grc' dir='ltr'><strong><em>τε</em></strong></span> <span class='ocrx_word' id='word_1_81' title='bbox 602 828 770 882; x_wconf 84' lang='grc' dir='ltr'><strong><em>Καῖσαρ</em></strong></span> <span class='ocrx_word' id='word_1_82' title='bbox 801 827 873 869; x_wconf 85' lang='grc' dir='ltr'><strong><em>καὶ</em></strong></span> <span class='ocrx_word' id='word_1_83' title='bbox 903 828 945 869; x_wconf 85' lang='grc' dir='ltr'><strong><em>οἱ</em></strong></span> <span class='ocrx_word' id='word_1_84' title='bbox 981 829 1131 870; x_wconf 86' lang='grc' dir='ltr'><strong><em>τούτου</em></strong></span> <span class='ocrx_word' id='word_1_85' title='bbox 1169 829 1270 875; x_wconf 82' lang='grc' dir='ltr'><strong><em>υἱεῖς</em></strong></span> <span class='ocrx_word' id='word_1_86' title='bbox 1305 829 1544 884; x_wconf 82' lang='grc' dir='ltr'><strong><em>ἐφήδρευον</em></strong></span> <span class='ocrx_word' id='word_1_87' title='bbox 1582 834 1644 883; x_wconf 79' lang='grc' dir='ltr'><strong><em>τῷ</em></strong></span> <span class='ocrx_word' id='word_1_88' title='bbox 1685 830 1764 884; x_wconf 87' lang='grc' dir='ltr'><strong><em>βα-</em></strong></span> <span class='ocrx_word' id='word_1_89' title='bbox 1779 835 1825 870; x_wconf 91' lang='grc'><strong><em>13</em></strong></span> 
     </span>
     <span class='ocr_line' id='line_1_11' title="bbox 272 895 1826 953; baseline 0.001 -16"><span class='ocrx_word' id='word_1_90' title='bbox 272 895 375 938; x_wconf 88' lang='grc' dir='ltr'><strong><em>σιλεῖ</em></strong></span> <span class='ocrx_word' id='word_1_91' title='bbox 411 895 484 938; x_wconf 81' lang='grc' dir='ltr'><strong><em>καὶ</em></strong></span> <span class='ocrx_word' id='word_1_92' title='bbox 527 896 706 951; x_wconf 82' lang='grc' dir='ltr'><strong><em>ἀφανῶς</em></strong></span> <span class='ocrx_word' id='word_1_93' title='bbox 750 896 1037 952; x_wconf 83' lang='grc' dir='ltr'><strong><em>ἐπεβούλευον.</em></strong></span> <span class='ocrx_word' id='word_1_94' title='bbox 1099 898 1207 953; x_wconf 80' lang='grc' dir='ltr'><strong><em>ἄρας</em></strong></span> <span class='ocrx_word' id='word_1_95' title='bbox 1242 896 1319 940; x_wconf 85' lang='grc' dir='ltr'><strong><em>οὗν</em></strong></span> <span class='ocrx_word' id='word_1_96' title='bbox 1355 898 1502 939; x_wconf 81' lang='grc' dir='ltr'><strong><em>αὐτίκα</em></strong></span> <span class='ocrx_word' id='word_1_97' title='bbox 1540 897 1644 952; x_wconf 84' lang='grc' dir='ltr'><strong><em>μετὰ</em></strong></span> <span class='ocrx_word' id='word_1_98' title='bbox 1680 901 1766 939; x_wconf 85' lang='grc' dir='ltr'><strong><em>τῶν</em></strong></span> <span class='ocrx_word' id='word_1_99' title='bbox 1780 902 1826 939; x_wconf 89' lang='grc'><strong><em>14</em></strong></span> 
     </span>
     <span class='ocr_line' id='line_1_12' title="bbox 207 964 1767 1022; baseline 0.001 -16"><span class='ocrx_word' id='word_1_100' title='bbox 207 970 254 1006; x_wconf 88' lang='grc'><strong><em>10</em></strong></span> <span class='ocrx_word' id='word_1_101' title='bbox 267 964 363 1019; x_wconf 79' lang='grc' dir='ltr'><strong><em>περὶ</em></strong></span> <span class='ocrx_word' id='word_1_102' title='bbox 402 964 529 1007; x_wconf 78' lang='grc' dir='ltr'><strong><em>αὐτὸν</em></strong></span> <span class='ocrx_word' id='word_1_103' title='bbox 560 965 585 1008; x_wconf 86' lang='grc' dir='ltr'>ὁ</span> <span class='ocrx_word' id='word_1_104' title='bbox 610 965 879 1019; x_wconf 79' lang='grc' dir='ltr'><strong><em>Ἀνδρόνικος</em></strong></span> <span class='ocrx_word' id='word_1_105' title='bbox 925 965 1092 1021; x_wconf 82' lang='grc' dir='ltr'><strong><em>(ἐξῆρχε</em></strong></span> <span class='ocrx_word' id='word_1_106' title='bbox 1128 966 1208 1022; x_wconf 81' lang='grc' dir='ltr'><strong><em>γὰρ</em></strong></span> <span class='ocrx_word' id='word_1_107' title='bbox 1246 967 1326 1008; x_wconf 81' lang='grc' dir='ltr'><strong><em>οὐκ</em></strong></span> <span class='ocrx_word' id='word_1_108' title='bbox 1366 967 1579 1022; x_wconf 81' lang='grc' dir='ltr'><strong><em>ἐλαχίστης</em></strong></span> <span class='ocrx_word' id='word_1_109' title='bbox 1613 967 1767 1021; x_wconf 87' lang='grc' dir='ltr'><strong><em>μοίρας</em></strong></span> 
     </span>
     <span class='ocr_line' id='line_1_13' title="bbox 269 1032 1826 1090; baseline 0.001 -15"><span class='ocrx_word' id='word_1_110' title='bbox 269 1032 551 1087; x_wconf 85' lang='grc' dir='ltr'><strong><em>στρατιωτῶν)</em></strong></span> <span class='ocrx_word' id='word_1_111' title='bbox 585 1033 670 1075; x_wconf 85' lang='grc' dir='ltr'><strong><em>ἀπὸ</em></strong></span> <span class='ocrx_word' id='word_1_112' title='bbox 701 1034 882 1089; x_wconf 82' lang='grc' dir='ltr'><strong><em>ῥυτῆρος</em></strong></span> <span class='ocrx_word' id='word_1_113' title='bbox 914 1035 1222 1090; x_wconf 74' lang='grc' dir='ltr'><strong><em>ἐπανελήλυθεν</em></strong></span> <span class='ocrx_word' id='word_1_114' title='bbox 1242 1036 1299 1082; x_wconf 82' lang='grc' dir='ltr'><strong><em>εἷς</em></strong></span> <span class='ocrx_word' id='word_1_115' title='bbox 1319 1035 1392 1077; x_wconf 87' lang='grc' dir='ltr'><strong><em>τὸν</em></strong></span> <span class='ocrx_word' id='word_1_116' title='bbox 1411 1035 1593 1090; x_wconf 86' lang='grc' dir='ltr'><strong><em>χάρακα.</em></strong></span> <span class='ocrx_word' id='word_1_117' title='bbox 1644 1039 1766 1077; x_wconf 84' lang='grc' dir='ltr'><strong><em>τοῦτο</em></strong></span> <span class='ocrx_word' id='word_1_118' title='bbox 1780 1041 1826 1076; x_wconf 84' lang='grc'><strong><em>15</em></strong></span> 
     </span>
     <span class='ocr_line' id='line_1_14' title="bbox 269 1101 1767 1159; baseline 0.002 -15"><span class='ocrx_word' id='word_1_119' title='bbox 269 1101 341 1144; x_wconf 77' lang='grc' dir='ltr'><strong><em>καὶ</em></strong></span> <span class='ocrx_word' id='word_1_120' title='bbox 378 1101 474 1148; x_wconf 84' lang='grc' dir='ltr'><strong><em>τοὺς</em></strong></span> <span class='ocrx_word' id='word_1_121' title='bbox 511 1101 683 1149; x_wconf 74' lang='grc' dir='ltr'><strong><em>λοιποὺς</em></strong></span> <span class='ocrx_word' id='word_1_122' title='bbox 719 1102 922 1157; x_wconf 82' lang='grc' dir='ltr'><strong><em>ἐτρέψατο</em></strong></span> <span class='ocrx_word' id='word_1_123' title='bbox 967 1104 1024 1149; x_wconf 85' lang='grc' dir='ltr'><strong><em>εἰς</em></strong></span> <span class='ocrx_word' id='word_1_124' title='bbox 1067 1105 1219 1159; x_wconf 83' lang='grc' dir='ltr'><strong><em>φυγήν,</em></strong></span> <span class='ocrx_word' id='word_1_125' title='bbox 1264 1105 1339 1150; x_wconf 85' lang='grc' dir='ltr'><strong><em>οὓς</em></strong></span> <span class='ocrx_word' id='word_1_126' title='bbox 1382 1105 1519 1151; x_wconf 80' lang='grc' dir='ltr'><strong><em>οὕτως</em></strong></span> <span class='ocrx_word' id='word_1_127' title='bbox 1561 1104 1767 1158; x_wconf 82' lang='grc' dir='ltr'><strong><em>ἀκόσμως</em></strong></span> 
     </span>
     <span class='ocr_line' id='line_1_15' title="bbox 269 1170 1767 1228; baseline 0.001 -16"><span class='ocrx_word' id='word_1_128' title='bbox 269 1170 512 1217; x_wconf 81' lang='grc' dir='ltr'><strong><em>ἐπανιόντας</em></strong></span> <span class='ocrx_word' id='word_1_129' title='bbox 548 1171 573 1212; x_wconf 84' lang='grc' dir='ltr'>ὁ</span> <span class='ocrx_word' id='word_1_130' title='bbox 609 1170 801 1225; x_wconf 86' lang='grc' dir='ltr'><strong><em>βασιλεὺς</em></strong></span> <span class='ocrx_word' id='word_1_131' title='bbox 839 1172 1104 1227; x_wconf 73' lang='grc' dir='ltr'><strong><em>θεασάμενος</em></strong></span> <span class='ocrx_word' id='word_1_132' title='bbox 1140 1173 1249 1227; x_wconf 74' lang='grc' dir='ltr'><strong><em>ἔστη,</em></strong></span> <span class='ocrx_word' id='word_1_133' title='bbox 1294 1177 1436 1228; x_wconf 90' lang='grc' dir='ltr'><strong><em>στῆναι</em></strong></span> <span class='ocrx_word' id='word_1_134' title='bbox 1480 1173 1526 1214; x_wconf 89' lang='grc' dir='ltr'><strong><em>δὲ</em></strong></span> <span class='ocrx_word' id='word_1_135' title='bbox 1569 1172 1639 1214; x_wconf 82' lang='grc' dir='ltr'><strong><em>καὶ</em></strong></span> <span class='ocrx_word' id='word_1_136' title='bbox 1682 1177 1767 1219; x_wconf 90' lang='grc' dir='ltr'><strong><em>τοῖς</em></strong></span> 
     </span>
     <span class='ocr_line' id='line_1_16' title="bbox 268 1238 1825 1297; baseline 0.001 -17"><span class='ocrx_word' id='word_1_137' title='bbox 268 1239 459 1281; x_wconf 84' lang='grc' dir='ltr'><strong><em>ἀπιοῦσιν</em></strong></span> <span class='ocrx_word' id='word_1_138' title='bbox 505 1239 773 1282; x_wconf 81' lang='grc' dir='ltr'><strong><em>ἐνεκελεύετο.</em></strong></span> <span class='ocrx_word' id='word_1_139' title='bbox 848 1238 935 1282; x_wconf 79' lang='grc' dir='ltr'><strong><em>ἀλλ’</em></strong></span> <span class='ocrx_word' id='word_1_140' title='bbox 975 1241 1309 1296; x_wconf 86' lang='grc' dir='ltr'><strong><em>ἐξεκεκώφεισαν</em></strong></span> <span class='ocrx_word' id='word_1_141' title='bbox 1354 1243 1532 1288; x_wconf 83' lang='grc' dir='ltr'><strong><em>ἅπαντες</em></strong></span> <span class='ocrx_word' id='word_1_142' title='bbox 1577 1242 1649 1284; x_wconf 85' lang='grc' dir='ltr'><strong><em>καὶ</em></strong></span> <span class='ocrx_word' id='word_1_143' title='bbox 1694 1246 1766 1297; x_wconf 86' lang='grc' dir='ltr'><strong><em>τῆς</em></strong></span> <span class='ocrx_word' id='word_1_144' title='bbox 1782 1246 1825 1282; x_wconf 86' lang='grc'><strong><em>16</em></strong></span> 
     </span>
     <span class='ocr_line' id='line_1_17' title="bbox 206 1308 2040 1365; baseline 0.001 -16"><span class='ocrx_word' id='word_1_145' title='bbox 206 1313 252 1350; x_wconf 81' lang='lat'><strong><em>15</em></strong></span> <span class='ocrx_word' id='word_1_146' title='bbox 268 1311 407 1363; x_wconf 88' lang='grc' dir='ltr'><strong><em>φυγῆς</em></strong></span> <span class='ocrx_word' id='word_1_147' title='bbox 446 1308 498 1349; x_wconf 86' lang='grc' dir='ltr'><strong><em>οὗ</em></strong></span> <span class='ocrx_word' id='word_1_148' title='bbox 535 1309 742 1362; x_wconf 74' lang='grc' dir='ltr'><strong><em>μεθίεντο.</em></strong></span> <span class='ocrx_word' id='word_1_149' title='bbox 805 1309 868 1355; x_wconf 86' lang='grc' dir='ltr'><strong><em>ὡς</em></strong></span> <span class='ocrx_word' id='word_1_150' title='bbox 906 1309 951 1351; x_wconf 86' lang='grc' dir='ltr'><strong><em>δὲ</em></strong></span> <span class='ocrx_word' id='word_1_151' title='bbox 987 1308 1034 1350; x_wconf 86' lang='grc' dir='ltr'><strong><em>τὸ</em></strong></span> <span class='ocrx_word' id='word_1_152' title='bbox 1069 1309 1314 1364; x_wconf 87' lang='grc' dir='ltr'><strong><em>παράλογον</em></strong></span> <span class='ocrx_word' id='word_1_153' title='bbox 1344 1314 1416 1365; x_wconf 84' lang='grc' dir='ltr'><strong><em>τῆς</em></strong></span> <span class='ocrx_word' id='word_1_154' title='bbox 1447 1314 1586 1365; x_wconf 87' lang='grc' dir='ltr'><strong><em>φυγῆς</em></strong></span> <span class='ocrx_word' id='word_1_155' title='bbox 1617 1309 1764 1351; x_wconf 84' lang='grc' dir='ltr'><strong><em>δυστύ-</em></strong></span> <span class='ocrx_word' id='word_1_156' title='bbox 1782 1315 1826 1352; x_wconf 82' lang='grc'><strong><em>17</em></strong></span> <span class='ocrx_word' id='word_1_157' title='bbox 1844 1314 2040 1351; x_wconf 80' lang='lat' dir='ltr'><strong>W111225</strong></span> 
     </span>
     <span class='ocr_line' id='line_1_18' title="bbox 272 1376 1767 1433; baseline 0.001 -16"><span class='ocrx_word' id='word_1_158' title='bbox 272 1391 390 1432; x_wconf 90' lang='grc' dir='ltr'><strong><em>χημα</em></strong></span> <span class='ocrx_word' id='word_1_159' title='bbox 422 1379 508 1419; x_wconf 84' lang='grc' dir='ltr'><strong><em>τῶν</em></strong></span> <span class='ocrx_word' id='word_1_160' title='bbox 534 1376 759 1431; x_wconf 86' lang='grc' dir='ltr'><strong><em>Ῥωμαίων</em></strong></span> <span class='ocrx_word' id='word_1_161' title='bbox 795 1377 867 1419; x_wconf 84' lang='grc' dir='ltr'><strong><em>καὶ</em></strong></span> <span class='ocrx_word' id='word_1_162' title='bbox 904 1379 1066 1432; x_wconf 88' lang='grc' dir='ltr'><strong><em>μήνιμα</em></strong></span> <span class='ocrx_word' id='word_1_163' title='bbox 1103 1378 1221 1420; x_wconf 73' lang='grc' dir='ltr'><strong><em>θεῖον</em></strong></span> <span class='ocrx_word' id='word_1_164' title='bbox 1258 1379 1448 1432; x_wconf 82' lang='grc' dir='ltr'><strong><em>ἔγνωσαν</em></strong></span> <span class='ocrx_word' id='word_1_165' title='bbox 1484 1379 1525 1420; x_wconf 78' lang='grc' dir='ltr'><strong><em>οἱ</em></strong></span> <span class='ocrx_word' id='word_1_166' title='bbox 1565 1378 1767 1433; x_wconf 78' lang='grc' dir='ltr'><strong><em>πολέμιοι,</em></strong></span> 
     </span>
     <span class='ocr_line' id='line_1_19' title="bbox 271 1444 1888 1502; baseline 0.001 -15"><span class='ocrx_word' id='word_1_167' title='bbox 271 1444 404 1492; x_wconf 76' lang='grc' dir='ltr'><strong><em>εὐθὺς</em></strong></span> <span class='ocrx_word' id='word_1_168' title='bbox 446 1445 633 1501; x_wconf 75' lang='grc' dir='ltr'><strong><em>ἐπῆλθον</em></strong></span> <span class='ocrx_word' id='word_1_169' title='bbox 675 1450 737 1500; x_wconf 78' lang='grc' dir='ltr'><strong><em>τῷ</em></strong></span> <span class='ocrx_word' id='word_1_170' title='bbox 778 1446 946 1501; x_wconf 82' lang='grc' dir='ltr'><strong><em>βασιλεῖ.</em></strong></span> <span class='ocrx_word' id='word_1_171' title='bbox 1007 1446 1032 1488; x_wconf 82' lang='grc' dir='ltr'>ὁ</span> <span class='ocrx_word' id='word_1_172' title='bbox 1065 1446 1110 1489; x_wconf 86' lang='grc' dir='ltr'><strong><em>δὲ</em></strong></span> <span class='ocrx_word' id='word_1_173' title='bbox 1144 1446 1248 1501; x_wconf 84' lang='grc' dir='ltr'><strong><em>μετὰ</em></strong></span> <span class='ocrx_word' id='word_1_174' title='bbox 1286 1449 1372 1489; x_wconf 85' lang='grc' dir='ltr'><strong><em>τῶν</em></strong></span> <span class='ocrx_word' id='word_1_175' title='bbox 1407 1446 1502 1502; x_wconf 85' lang='grc' dir='ltr'><strong><em>περὶ</em></strong></span> <span class='ocrx_word' id='word_1_176' title='bbox 1537 1446 1665 1489; x_wconf 78' lang='grc' dir='ltr'><strong><em>αὐτὸν</em></strong></span> <span class='ocrx_word' id='word_1_177' title='bbox 1694 1446 1768 1502; x_wconf 86' lang='grc' dir='ltr'><strong><em>τὴν</em></strong></span> <span class='ocrx_word' id='word_1_178' title='bbox 1782 1453 1828 1489; x_wconf 90' lang='grc'><strong><em>18</em></strong></span> <span class='ocrx_word' id='word_1_179' title='bbox 1852 1452 1888 1488; x_wconf 96' lang='lat' dir='ltr'>D</span> 
     </span>
     <span class='ocr_line' id='line_1_20' title="bbox 271 1514 1766 1571; baseline 0.001 -15"><span class='ocrx_word' id='word_1_180' title='bbox 271 1514 415 1569; x_wconf 87' lang='grc' dir='ltr'><strong><em>μάχην</em></strong></span> <span class='ocrx_word' id='word_1_181' title='bbox 445 1514 627 1563; x_wconf 78' lang='grc' dir='ltr'><strong><em>ἐδέξατο,</em></strong></span> <span class='ocrx_word' id='word_1_182' title='bbox 658 1514 730 1556; x_wconf 76' lang='grc' dir='ltr'><strong><em>καὶ</em></strong></span> <span class='ocrx_word' id='word_1_183' title='bbox 759 1516 883 1570; x_wconf 89' lang='grc' dir='ltr'><strong><em>μέχρι</em></strong></span> <span class='ocrx_word' id='word_1_184' title='bbox 912 1516 992 1570; x_wconf 86' lang='grc' dir='ltr'><strong><em>μέν</em></strong></span> <span class='ocrx_word' id='word_1_185' title='bbox 1021 1531 1131 1562; x_wconf 73' lang='grc' dir='ltr'><strong><em>τινος</em></strong></span> <span class='ocrx_word' id='word_1_186' title='bbox 1161 1516 1420 1571; x_wconf 86' lang='grc' dir='ltr'><strong><em>ἐρρωμένως</em></strong></span> <span class='ocrx_word' id='word_1_187' title='bbox 1451 1516 1650 1571; x_wconf 79' lang='grc' dir='ltr'><strong><em>ἀντεῖχον,</em></strong></span> <span class='ocrx_word' id='word_1_188' title='bbox 1684 1515 1766 1557; x_wconf 86' lang='grc' dir='ltr'><strong><em>εἷτα</em></strong></span> 
     </span>
     <span class='ocr_line' id='line_1_21' title="bbox 267 1582 1766 1640; baseline 0.001 -16"><span class='ocrx_word' id='word_1_189' title='bbox 267 1585 353 1625; x_wconf 88' lang='grc' dir='ltr'><strong><em>τῶν</em></strong></span> <span class='ocrx_word' id='word_1_190' title='bbox 382 1582 461 1637; x_wconf 85' lang='grc' dir='ltr'><strong><em>μὲν</em></strong></span> <span class='ocrx_word' id='word_1_191' title='bbox 491 1582 718 1638; x_wconf 83' lang='grc' dir='ltr'><strong><em>πεσόντων,</em></strong></span> <span class='ocrx_word' id='word_1_192' title='bbox 752 1584 1006 1626; x_wconf 82' lang='grc' dir='ltr'><strong><em>ἑαλωκότων</em></strong></span> <span class='ocrx_word' id='word_1_193' title='bbox 1033 1583 1070 1626; x_wconf 84' lang='grc' dir='ltr'><strong><em>δ’</em></strong></span> <span class='ocrx_word' id='word_1_194' title='bbox 1094 1585 1263 1638; x_wconf 83' lang='grc' dir='ltr'><strong><em>ἑτέρων,</em></strong></span> <span class='ocrx_word' id='word_1_195' title='bbox 1295 1585 1625 1640; x_wconf 73' lang='grc' dir='ltr'><strong><em>περιεστοιχίσθη</em></strong></span> <span class='ocrx_word' id='word_1_196' title='bbox 1657 1583 1766 1639; x_wconf 86' lang='grc' dir='ltr'><strong><em>πρὸς</em></strong></span> 
     </span>
     <span class='ocr_line' id='line_1_22' title="bbox 207 1651 1826 1708; baseline 0.001 -15"><span class='ocrx_word' id='word_1_197' title='bbox 207 1658 255 1694; x_wconf 92' lang='grc'><strong><em>20</em></strong></span> <span class='ocrx_word' id='word_1_198' title='bbox 266 1655 352 1694; x_wconf 87' lang='grc' dir='ltr'><strong><em>τῶν</em></strong></span> <span class='ocrx_word' id='word_1_199' title='bbox 381 1653 617 1707; x_wconf 84' lang='grc' dir='ltr'><strong><em>βαρβάρων</em></strong></span> <span class='ocrx_word' id='word_1_200' title='bbox 648 1652 672 1693; x_wconf 88' lang='grc' dir='ltr'>ὁ</span> <span class='ocrx_word' id='word_1_201' title='bbox 703 1653 916 1708; x_wconf 86' lang='grc' dir='ltr'><strong><em>βασιλεύς·</em></strong></span> <span class='ocrx_word' id='word_1_202' title='bbox 981 1651 1068 1695; x_wconf 85' lang='grc' dir='ltr'><strong><em>ἀλλ’</em></strong></span> <span class='ocrx_word' id='word_1_203' title='bbox 1102 1653 1202 1695; x_wconf 83' lang='grc' dir='ltr'><strong><em>οὐδὲ</em></strong></span> <span class='ocrx_word' id='word_1_204' title='bbox 1239 1654 1377 1700; x_wconf 78' lang='grc' dir='ltr'><strong><em>οὕτως</em></strong></span> <span class='ocrx_word' id='word_1_205' title='bbox 1408 1654 1601 1695; x_wconf 79' lang='grc' dir='ltr'><strong><em>ἐνέδωκε.</em></strong></span> <span class='ocrx_word' id='word_1_206' title='bbox 1663 1654 1764 1695; x_wconf 90' lang='grc' dir='ltr'><strong><em>πολ-</em></strong></span> <span class='ocrx_word' id='word_1_207' title='bbox 1783 1659 1826 1694; x_wconf 87' lang='grc'><strong><em>19</em></strong></span> 
     </span>
    </p>
   </div>
   <div class='ocr_carea' id='block_1_4' title="bbox 340 1802 1768 2039">
    <p class='ocr_par' dir='ltr' id='par_1_4' title="bbox 340 1802 1768 2039">
     <span class='ocr_line' id='line_1_23' title="bbox 340 1802 1768 1852; baseline 0.001 -14"><span class='ocrx_word' id='word_1_208' title='bbox 340 1803 357 1838; x_wconf 86' lang='grc'><strong><em>1</em></strong></span> <span class='ocrx_word' id='word_1_209' title='bbox 386 1802 487 1839; x_wconf 77' lang='grc' dir='ltr'><strong><em>λύσαι</em></strong></span> <span class='ocrx_word' id='word_1_210' title='bbox 516 1802 610 1850; x_wconf 82' lang='lat' dir='ltr'><strong><em>Ewp</em></strong></span> <span class='ocrx_word' id='word_1_211' title='bbox 707 1803 730 1840; x_wconf 85' lang='lat'><strong>3</strong></span> <span class='ocrx_word' id='word_1_212' title='bbox 755 1803 817 1851; x_wconf 83' lang='grc' dir='ltr'><strong><em>τὴν</em></strong></span> <span class='ocrx_word' id='word_1_213' title='bbox 842 1804 1002 1850; x_wconf 78' lang='grc' dir='ltr'><strong><em>στρατιὰν</em></strong></span> <span class='ocrx_word' id='word_1_214' title='bbox 1027 1805 1124 1852; x_wconf 85' lang='lat' dir='ltr'><strong><em>Ewp</em></strong></span> <span class='ocrx_word' id='word_1_215' title='bbox 1221 1804 1246 1840; x_wconf 86' lang='lat'>4</span> <span class='ocrx_word' id='word_1_216' title='bbox 1270 1805 1480 1852; x_wconf 85' lang='grc' dir='ltr'><strong><em>διεσήμηνεν</em></strong></span> <span class='ocrx_word' id='word_1_217' title='bbox 1498 1804 1529 1840; x_wconf 86' lang='grc' dir='ltr'>Β</span> <span class='ocrx_word' id='word_1_218' title='bbox 1626 1804 1768 1841; x_wconf 80' lang='grc' dir='ltr'><strong><em>ἐποίουν</em></strong></span> 
     </span>
     <span class='ocr_line' id='line_1_24' title="bbox 341 1850 1768 1900; baseline 0.002 -15"><span class='ocrx_word' id='word_1_219' title='bbox 341 1850 469 1887; x_wconf 78' lang='lat' dir='ltr'><em>CDDi</em></span> <span class='ocrx_word' id='word_1_220' title='bbox 564 1851 586 1886; x_wconf 82' lang='lat'>5</span> <span class='ocrx_word' id='word_1_221' title='bbox 610 1852 819 1896; x_wconf 85' lang='grc' dir='ltr'><strong><em>παρατάξεις</em></strong></span> <span class='ocrx_word' id='word_1_222' title='bbox 844 1851 981 1899; x_wconf 86' lang='lat' dir='ltr'><strong><em>Apr</em></strong></span> <span class='ocrx_word' id='word_1_223' title='bbox 1007 1853 1203 1899; x_wconf 80' lang='grc' dir='ltr'><strong><em>(φάλαγγας</em></strong></span> <span class='ocrx_word' id='word_1_224' title='bbox 1229 1852 1390 1899; x_wconf 84' lang='lat' dir='ltr'><strong>Seylitz.</strong></span> <span class='ocrx_word' id='word_1_225' title='bbox 1416 1864 1454 1900; x_wconf 91' lang='lat' dir='ltr'><strong><em>p.</em></strong></span> <span class='ocrx_word' id='word_1_226' title='bbox 1480 1853 1628 1898; x_wconf 82' lang='grc'><strong>698,1),</strong></span> <span class='ocrx_word' id='word_1_227' title='bbox 1654 1854 1768 1894; x_wconf 81' lang='grc' dir='ltr'><strong><em>τάξεις</em></strong></span> 
     </span>
     <span class='ocr_line' id='line_1_25' title="bbox 342 1897 1766 1946; baseline 0.001 -13"><span class='ocrx_word' id='word_1_228' title='bbox 342 1897 432 1934; x_wconf 82' lang='lat' dir='ltr'><strong><em>CDi</em></strong></span> <span class='ocrx_word' id='word_1_229' title='bbox 528 1899 550 1933; x_wconf 89' lang='grc'>8</span> <span class='ocrx_word' id='word_1_230' title='bbox 575 1900 704 1944; x_wconf 86' lang='grc' dir='ltr'><strong><em>καίσαρ</em></strong></span> <span class='ocrx_word' id='word_1_231' title='bbox 731 1898 879 1945; x_wconf 76' lang='lat' dir='ltr'><strong><em>Apr,</em></strong></span> <span class='ocrx_word' id='word_1_232' title='bbox 905 1906 1034 1946; x_wconf 81' lang='grc' dir='ltr'><strong><em>καῖσαρ</em></strong></span> <span class='ocrx_word' id='word_1_233' title='bbox 1060 1899 1170 1935; x_wconf 75' lang='lat' dir='ltr'><strong><em>BSDi</em></strong></span> <span class='ocrx_word' id='word_1_234' title='bbox 1277 1901 1346 1936; x_wconf 80' lang='grc' dir='ltr'><strong><em>υἶοὶ</em></strong></span> <span class='ocrx_word' id='word_1_235' title='bbox 1371 1901 1402 1936; x_wconf 89' lang='grc' dir='ltr'><em>Β</em></span> <span class='ocrx_word' id='word_1_236' title='bbox 1502 1901 1547 1936; x_wconf 93' lang='grc'><strong>10</strong></span> <span class='ocrx_word' id='word_1_237' title='bbox 1571 1901 1688 1936; x_wconf 80' lang='grc' dir='ltr'><strong><em>αὐτῶν</em></strong></span> <span class='ocrx_word' id='word_1_238' title='bbox 1715 1912 1766 1937; x_wconf 79' lang='lat' dir='ltr'><strong>ex</strong></span> 
     </span>
     <span class='ocr_line' id='line_1_26' title="bbox 340 1945 1767 1994; baseline 0.002 -13"><span class='ocrx_word' id='word_1_239' title='bbox 340 1945 446 1981; x_wconf 81' lang='grc' dir='ltr'><strong><em>αὐτὸν</em></strong></span> <span class='ocrx_word' id='word_1_240' title='bbox 471 1949 567 1982; x_wconf 84' lang='lat' dir='ltr'><strong>mut.</strong></span> <span class='ocrx_word' id='word_1_241' title='bbox 594 1946 630 1981; x_wconf 89' lang='lat' dir='ltr'>D</span> <span class='ocrx_word' id='word_1_242' title='bbox 727 1947 748 1981; x_wconf 89' lang='grc' dir='ltr'><strong><em>δ</em></strong></span> <span class='ocrx_word' id='word_1_243' title='bbox 774 1957 850 1982; x_wconf 87' lang='lat' dir='ltr'><strong><em>om.</em></strong></span> <span class='ocrx_word' id='word_1_244' title='bbox 870 1946 906 1981; x_wconf 93' lang='lat' dir='ltr'>D</span> <span class='ocrx_word' id='word_1_245' title='bbox 1006 1948 1051 1983; x_wconf 91' lang='lat'><strong><em>13</em></strong></span> <span class='ocrx_word' id='word_1_246' title='bbox 1076 1948 1258 1993; x_wconf 76' lang='grc' dir='ltr'><strong><em>θεώμενος</em></strong></span> <span class='ocrx_word' id='word_1_247' title='bbox 1275 1949 1296 1984; x_wconf 81' lang='grc' dir='ltr'>ὅ</span> <span class='ocrx_word' id='word_1_248' title='bbox 1311 1953 1456 1994; x_wconf 86' lang='grc' dir='ltr'><strong><em>κρατῶν</em></strong></span> <span class='ocrx_word' id='word_1_249' title='bbox 1474 1947 1503 1984; x_wconf 90' lang='lat' dir='ltr'>C</span> <span class='ocrx_word' id='word_1_250' title='bbox 1604 1949 1648 1984; x_wconf 89' lang='grc'><strong>19</strong></span> <span class='ocrx_word' id='word_1_251' title='bbox 1671 1962 1767 1994; x_wconf 85' lang='grc' dir='ltr'><strong><em>περι-</em></strong></span> 
     </span>
     <span class='ocr_line' id='line_1_27' title="bbox 340 1993 894 2039; baseline 0.002 -10"><span class='ocrx_word' id='word_1_252' title='bbox 340 1993 532 2039; x_wconf 80' lang='grc' dir='ltr'><strong><em>εστοιχήθη</em></strong></span> <span class='ocrx_word' id='word_1_253' title='bbox 560 1993 590 2028; x_wconf 92' lang='grc' dir='ltr'><strong>Β</strong></span> <span class='ocrx_word' id='word_1_254' title='bbox 687 1993 735 2029; x_wconf 81' lang='grc'><strong><em>20</em></strong></span> <span class='ocrx_word' id='word_1_255' title='bbox 760 1994 838 2030; x_wconf 79' lang='grc' dir='ltr'><strong><em>οὐδ’</em></strong></span> <span class='ocrx_word' id='word_1_256' title='bbox 863 1993 894 2030; x_wconf 87' lang='grc' dir='ltr'>Β</span> 
     </span>
    </p>
   </div>
   <div class='ocr_carea' id='block_1_5' title="bbox 270 2137 1900 2945">
    <p class='ocr_par' dir='ltr' id='par_1_5' title="bbox 270 2137 1900 2945">
     <span class='ocr_line' id='line_1_28' title="bbox 270 2137 1767 2185; baseline 0.001 -12"><span class='ocrx_word' id='word_1_257' title='bbox 270 2138 382 2182; x_wconf 87' lang='lat' dir='ltr'><strong>ritus,</strong></span> <span class='ocrx_word' id='word_1_258' title='bbox 409 2147 461 2173; x_wconf 88' lang='lat' dir='ltr'><strong>ne</strong></span> <span class='ocrx_word' id='word_1_259' title='bbox 485 2137 537 2173; x_wconf 81' lang='lat' dir='ltr'><strong><em>ab</em></strong></span> <span class='ocrx_word' id='word_1_260' title='bbox 563 2137 746 2173; x_wconf 87' lang='lat' dir='ltr'>hostibus</span> <span class='ocrx_word' id='word_1_261' title='bbox 773 2137 1055 2184; x_wconf 80' lang='lat' dir='ltr'>diriperentur,</span> <span class='ocrx_word' id='word_1_262' title='bbox 1084 2139 1231 2174; x_wconf 82' lang='lat' dir='ltr'><strong>omissa</strong></span> <span class='ocrx_word' id='word_1_263' title='bbox 1257 2148 1399 2185; x_wconf 81' lang='lat' dir='ltr'><strong>pugna</strong></span> <span class='ocrx_word' id='word_1_264' title='bbox 1425 2138 1477 2174; x_wconf 81' lang='lat' dir='ltr'><strong><em>ad</em></strong></span> <span class='ocrx_word' id='word_1_265' title='bbox 1503 2139 1654 2175; x_wconf 82' lang='lat' dir='ltr'><strong>vallum</strong></span> <span class='ocrx_word' id='word_1_266' title='bbox 1680 2139 1767 2175; x_wconf 86' lang='lat' dir='ltr'><strong>red-</strong></span> 
     </span>
     <span class='ocr_line' id='line_1_29' title="bbox 271 2185 1828 2231; baseline 0 -10"><span class='ocrx_word' id='word_1_267' title='bbox 271 2187 329 2221; x_wconf 88' lang='lat' dir='ltr'><strong><em>ire</em></strong></span> <span class='ocrx_word' id='word_1_268' title='bbox 355 2186 507 2220; x_wconf 79' lang='lat' dir='ltr'><strong>statuit.</strong></span> <span class='ocrx_word' id='word_1_269' title='bbox 558 2185 656 2222; x_wconf 87' lang='lat' dir='ltr'><strong>Cum</strong></span> <span class='ocrx_word' id='word_1_270' title='bbox 684 2186 808 2231; x_wconf 83' lang='lat' dir='ltr'><strong>igitur</strong></span> <span class='ocrx_word' id='word_1_271' title='bbox 835 2186 950 2231; x_wconf 79' lang='lat' dir='ltr'><strong>regio</strong></span> <span class='ocrx_word' id='word_1_272' title='bbox 977 2185 1125 2221; x_wconf 87' lang='lat' dir='ltr'><strong>vexillo</strong></span> <span class='ocrx_word' id='word_1_273' title='bbox 1154 2196 1351 2222; x_wconf 89' lang='lat' dir='ltr'><strong>converso</strong></span> <span class='ocrx_word' id='word_1_274' title='bbox 1387 2187 1584 2222; x_wconf 83' lang='lat' dir='ltr'><strong>exercitui</strong></span> <span class='ocrx_word' id='word_1_275' title='bbox 1615 2186 1767 2222; x_wconf 87' lang='lat' dir='ltr'><strong>denun-</strong></span> <span class='ocrx_word' id='word_1_276' title='bbox 1783 2185 1828 2221; x_wconf 93' lang='lat'><strong><em>10</em></strong></span> 
     </span>
     <span class='ocr_line' id='line_1_30' title="bbox 270 2233 1825 2279; baseline -0.001 -11"><span class='ocrx_word' id='word_1_277' title='bbox 270 2234 420 2274; x_wconf 82' lang='lat' dir='ltr'><strong>tiasset,</strong></span> <span class='ocrx_word' id='word_1_278' title='bbox 458 2237 503 2268; x_wconf 91' lang='lat' dir='ltr'><strong>ut</strong></span> <span class='ocrx_word' id='word_1_279' title='bbox 530 2233 634 2269; x_wconf 84' lang='lat' dir='ltr'><strong>idem</strong></span> <span class='ocrx_word' id='word_1_280' title='bbox 662 2234 825 2276; x_wconf 76' lang='lat' dir='ltr'><strong>faceret,</strong></span> <span class='ocrx_word' id='word_1_281' title='bbox 866 2234 892 2268; x_wconf 91' lang='lat' dir='ltr'><strong><em>ii</em></strong></span> <span class='ocrx_word' id='word_1_282' title='bbox 920 2233 989 2279; x_wconf 91' lang='lat' dir='ltr'><strong><em>qui</em></strong></span> <span class='ocrx_word' id='word_1_283' title='bbox 1023 2243 1148 2279; x_wconf 87' lang='lat' dir='ltr'><strong>prope</strong></span> <span class='ocrx_word' id='word_1_284' title='bbox 1176 2235 1305 2279; x_wconf 88' lang='lat' dir='ltr'><strong>ipsum</strong></span> <span class='ocrx_word' id='word_1_285' title='bbox 1338 2237 1454 2269; x_wconf 79' lang='lat' dir='ltr'><strong>erant</strong></span> <span class='ocrx_word' id='word_1_286' title='bbox 1480 2234 1566 2269; x_wconf 88' lang='lat' dir='ltr'><strong>sine</strong></span> <span class='ocrx_word' id='word_1_287' title='bbox 1593 2233 1825 2270; x_wconf 88' lang='lat' dir='ltr'><strong>tumultull</strong></span> 
     </span>
     <span class='ocr_line' id='line_1_31' title="bbox 271 2280 1828 2326; baseline -0.001 -10"><span class='ocrx_word' id='word_1_288' title='bbox 271 2282 381 2317; x_wconf 86' lang='lat' dir='ltr'><strong>iussa</strong></span> <span class='ocrx_word' id='word_1_289' title='bbox 407 2284 500 2316; x_wconf 86' lang='lat' dir='ltr'><strong>sunt</strong></span> <span class='ocrx_word' id='word_1_290' title='bbox 527 2282 726 2326; x_wconf 78' lang='lat' dir='ltr'><strong>exsecuti3</strong></span> <span class='ocrx_word' id='word_1_291' title='bbox 752 2281 823 2316; x_wconf 83' lang='lat' dir='ltr'><strong><em>sed</em></strong></span> <span class='ocrx_word' id='word_1_292' title='bbox 850 2291 1020 2326; x_wconf 85' lang='lat' dir='ltr'><strong>quorum</strong></span> <span class='ocrx_word' id='word_1_293' title='bbox 1049 2281 1210 2317; x_wconf 83' lang='lat' dir='ltr'>ordines</span> <span class='ocrx_word' id='word_1_294' title='bbox 1237 2281 1359 2325; x_wconf 68' lang='lat' dir='ltr'><strong>longe</strong></span> <span class='ocrx_word' id='word_1_295' title='bbox 1386 2282 1601 2326; x_wconf 82' lang='lat' dir='ltr'><strong>distabant,</strong></span> <span class='ocrx_word' id='word_1_296' title='bbox 1641 2292 1767 2317; x_wconf 85' lang='lat' dir='ltr'><strong>reces-</strong></span> <span class='ocrx_word' id='word_1_297' title='bbox 1783 2280 1828 2315; x_wconf 89' lang='grc'><strong><em>12</em></strong></span> 
     </span>
     <span class='ocr_line' id='line_1_32' title="bbox 272 2327 1766 2375; baseline 0 -10"><span class='ocrx_word' id='word_1_298' title='bbox 272 2338 360 2365; x_wconf 91' lang='lat' dir='ltr'><strong><em>sum</em></strong></span> <span class='ocrx_word' id='word_1_299' title='bbox 400 2330 508 2375; x_wconf 87' lang='lat' dir='ltr'><strong>regis</strong></span> <span class='ocrx_word' id='word_1_300' title='bbox 548 2330 687 2375; x_wconf 76' lang='lat' dir='ltr'><strong>fugam</strong></span> <span class='ocrx_word' id='word_1_301' title='bbox 727 2329 979 2374; x_wconf 82' lang='lat' dir='ltr'><strong>interpretati</strong></span> <span class='ocrx_word' id='word_1_302' title='bbox 1011 2332 1115 2372; x_wconf 85' lang='lat' dir='ltr'><strong>sunt,</strong></span> <span class='ocrx_word' id='word_1_303' title='bbox 1154 2339 1203 2364; x_wconf 88' lang='lat' dir='ltr'><strong>eo</strong></span> <span class='ocrx_word' id='word_1_304' title='bbox 1230 2339 1416 2364; x_wconf 89' lang='lat' dir='ltr'><strong>sermone</strong></span> <span class='ocrx_word' id='word_1_305' title='bbox 1441 2329 1493 2364; x_wconf 79' lang='lat' dir='ltr'><strong><em>ab</em></strong></span> <span class='ocrx_word' id='word_1_306' title='bbox 1519 2327 1766 2373; x_wconf 83' lang='lat' dir='ltr'>Andronico,</span> 
     </span>
     <span class='ocr_line' id='line_1_33' title="bbox 273 2375 1828 2422; baseline -0.001 -9"><span class='ocrx_word' id='word_1_307' title='bbox 273 2375 458 2413; x_wconf 76' lang='lat' dir='ltr'><strong>Caesaris</strong></span> <span class='ocrx_word' id='word_1_308' title='bbox 483 2377 574 2421; x_wconf 76' lang='lat' dir='ltr'><strong>filio,</strong></span> <span class='ocrx_word' id='word_1_309' title='bbox 602 2376 711 2422; x_wconf 81' lang='lat' dir='ltr'><strong>apud</strong></span> <span class='ocrx_word' id='word_1_310' title='bbox 732 2376 955 2422; x_wconf 76' lang='lat' dir='ltr'><strong>phalanges</strong></span> <span class='ocrx_word' id='word_1_311' title='bbox 980 2386 1133 2422; x_wconf 82' lang='lat' dir='ltr'><strong>sparso.</strong></span> <span class='ocrx_word' id='word_1_312' title='bbox 1183 2375 1350 2422; x_wconf 77' lang='lat' dir='ltr'><strong>Semper</strong></span> <span class='ocrx_word' id='word_1_313' title='bbox 1368 2377 1473 2412; x_wconf 86' lang='lat' dir='ltr'><strong>enim</strong></span> <span class='ocrx_word' id='word_1_314' title='bbox 1493 2375 1642 2413; x_wconf 76' lang='lat' dir='ltr'><strong>Caesar</strong></span> <span class='ocrx_word' id='word_1_315' title='bbox 1667 2378 1768 2412; x_wconf 84' lang='lat' dir='ltr'><strong>eius·</strong></span> <span class='ocrx_word' id='word_1_316' title='bbox 1784 2376 1828 2411; x_wconf 87' lang='lat'><strong><em>13</em></strong></span> 
     </span>
     <span class='ocr_line' id='line_1_34' title="bbox 274 2423 1828 2471; baseline -0.001 -11"><span class='ocrx_word' id='word_1_317' title='bbox 274 2434 355 2471; x_wconf 86' lang='lat' dir='ltr'><strong><em>que</em></strong></span> <span class='ocrx_word' id='word_1_318' title='bbox 382 2425 448 2459; x_wconf 80' lang='lat' dir='ltr'><strong>filii</strong></span> <span class='ocrx_word' id='word_1_319' title='bbox 476 2426 562 2470; x_wconf 87' lang='lat' dir='ltr'><strong>regi</strong></span> <span class='ocrx_word' id='word_1_320' title='bbox 591 2424 873 2460; x_wconf 78' lang='lat' dir='ltr'><strong>obtrectabant</strong></span> <span class='ocrx_word' id='word_1_321' title='bbox 899 2427 938 2458; x_wconf 90' lang='lat' dir='ltr'><strong>et</strong></span> <span class='ocrx_word' id='word_1_322' title='bbox 968 2424 1194 2459; x_wconf 78' lang='lat' dir='ltr'><strong>clanculum</strong></span> <span class='ocrx_word' id='word_1_323' title='bbox 1222 2424 1530 2459; x_wconf 80' lang='lat' dir='ltr'><strong>insidiabantur.</strong></span> <span class='ocrx_word' id='word_1_324' title='bbox 1580 2423 1618 2459; x_wconf 88' lang='lat' dir='ltr'><strong>Is</strong></span> <span class='ocrx_word' id='word_1_325' title='bbox 1645 2425 1769 2470; x_wconf 86' lang='lat' dir='ltr'><strong>igitur</strong></span> <span class='ocrx_word' id='word_1_326' title='bbox 1786 2423 1828 2458; x_wconf 88' lang='grc'><strong>14</strong></span> 
     </span>
     <span class='ocr_line' id='line_1_35' title="bbox 274 2471 1768 2517; baseline -0.001 -9"><span class='ocrx_word' id='word_1_327' title='bbox 274 2472 543 2517; x_wconf 83' lang='lat' dir='ltr'><strong>Andronicus,</strong></span> <span class='ocrx_word' id='word_1_328' title='bbox 570 2482 660 2507; x_wconf 91' lang='lat' dir='ltr'><strong>cum</strong></span> <span class='ocrx_word' id='word_1_329' title='bbox 688 2482 767 2507; x_wconf 88' lang='lat' dir='ltr'><strong><em>non</em></strong></span> <span class='ocrx_word' id='word_1_330' title='bbox 795 2471 984 2506; x_wconf 83' lang='lat' dir='ltr'><strong>minimae</strong></span> <span class='ocrx_word' id='word_1_331' title='bbox 1011 2471 1214 2507; x_wconf 84' lang='lat' dir='ltr'><strong>exercitus</strong></span> <span class='ocrx_word' id='word_1_332' title='bbox 1242 2472 1345 2517; x_wconf 80' lang='lat' dir='ltr'><strong>parti</strong></span> <span class='ocrx_word' id='word_1_333' title='bbox 1367 2471 1594 2517; x_wconf 77' lang='lat' dir='ltr'><strong>imperaret,</strong></span> <span class='ocrx_word' id='word_1_334' title='bbox 1635 2473 1768 2508; x_wconf 80' lang='lat' dir='ltr'><strong>statim</strong></span> 
     </span>
     <span class='ocr_line' id='line_1_36' title="bbox 276 2518 1829 2566; baseline -0.001 -10"><span class='ocrx_word' id='word_1_335' title='bbox 276 2530 367 2556; x_wconf 86' lang='lat' dir='ltr'><strong>cum</strong></span> <span class='ocrx_word' id='word_1_336' title='bbox 393 2521 476 2555; x_wconf 89' lang='lat' dir='ltr'><strong>suis</strong></span> <span class='ocrx_word' id='word_1_337' title='bbox 503 2530 608 2566; x_wconf 90' lang='lat' dir='ltr'><strong>equo</strong></span> <span class='ocrx_word' id='word_1_338' title='bbox 635 2521 836 2555; x_wconf 80' lang='lat' dir='ltr'><strong>concitato</strong></span> <span class='ocrx_word' id='word_1_339' title='bbox 864 2519 905 2554; x_wconf 91' lang='lat' dir='ltr'><strong>in</strong></span> <span class='ocrx_word' id='word_1_340' title='bbox 931 2519 1081 2554; x_wconf 82' lang='lat' dir='ltr'><strong>vallum</strong></span> <span class='ocrx_word' id='word_1_341' title='bbox 1108 2518 1237 2563; x_wconf 86' lang='lat' dir='ltr'><strong>rediit,</strong></span> <span class='ocrx_word' id='word_1_342' title='bbox 1270 2529 1375 2564; x_wconf 82' lang='lat' dir='ltr'><strong>quae</strong></span> <span class='ocrx_word' id='word_1_343' title='bbox 1402 2529 1466 2554; x_wconf 90' lang='lat' dir='ltr'><strong><em>res</em></strong></span> <span class='ocrx_word' id='word_1_344' title='bbox 1491 2524 1647 2555; x_wconf 85' lang='lat' dir='ltr'><strong>ceteros</strong></span> <span class='ocrx_word' id='word_1_345' title='bbox 1674 2529 1769 2564; x_wconf 90' lang='lat' dir='ltr'><strong>quo·</strong></span> <span class='ocrx_word' id='word_1_346' title='bbox 1784 2518 1829 2554; x_wconf 80' lang='lat'><strong><em>15</em></strong></span> 
     </span>
     <span class='ocr_line' id='line_1_37' title="bbox 277 2566 1770 2614; baseline -0.001 -11"><span class='ocrx_word' id='word_1_347' title='bbox 277 2577 357 2613; x_wconf 86' lang='lat' dir='ltr'><strong><em>que</em></strong></span> <span class='ocrx_word' id='word_1_348' title='bbox 382 2568 423 2603; x_wconf 89' lang='lat' dir='ltr'><strong><em>iu</em></strong></span> <span class='ocrx_word' id='word_1_349' title='bbox 448 2569 588 2614; x_wconf 81' lang='lat' dir='ltr'><strong>sugam</strong></span> <span class='ocrx_word' id='word_1_350' title='bbox 608 2568 818 2603; x_wconf 85' lang='lat' dir='ltr'><strong>convertit.</strong></span> <span class='ocrx_word' id='word_1_351' title='bbox 869 2566 979 2608; x_wconf 86' lang='lat' dir='ltr'><strong>Quos</strong></span> <span class='ocrx_word' id='word_1_352' title='bbox 1006 2576 1096 2602; x_wconf 89' lang='lat' dir='ltr'><strong>cum</strong></span> <span class='ocrx_word' id='word_1_353' title='bbox 1116 2566 1171 2601; x_wconf 82' lang='lat' dir='ltr'><strong>ita</strong></span> <span class='ocrx_word' id='word_1_354' title='bbox 1191 2566 1425 2612; x_wconf 84' lang='lat' dir='ltr'><strong>perturbate</strong></span> <span class='ocrx_word' id='word_1_355' title='bbox 1445 2567 1592 2602; x_wconf 89' lang='lat' dir='ltr'><strong>reverti</strong></span> <span class='ocrx_word' id='word_1_356' title='bbox 1613 2566 1770 2602; x_wconf 88' lang='lat' dir='ltr'><strong>videret</strong></span> 
     </span>
     <span class='ocr_line' id='line_1_38' title="bbox 275 2614 1768 2660; baseline -0.001 -9"><span class='ocrx_word' id='word_1_357' title='bbox 275 2626 362 2659; x_wconf 80' lang='lat' dir='ltr'><strong>rex,</strong></span> <span class='ocrx_word' id='word_1_358' title='bbox 403 2615 580 2651; x_wconf 79' lang='lat' dir='ltr'><strong>substitit</strong></span> <span class='ocrx_word' id='word_1_359' title='bbox 612 2620 652 2651; x_wconf 87' lang='lat' dir='ltr'><strong>et</strong></span> <span class='ocrx_word' id='word_1_360' title='bbox 678 2615 876 2650; x_wconf 79' lang='lat' dir='ltr'><strong>abeuntes</strong></span> <span class='ocrx_word' id='word_1_361' title='bbox 904 2623 1067 2660; x_wconf 83' lang='lat' dir='ltr'><strong>quoque</strong></span> <span class='ocrx_word' id='word_1_362' title='bbox 1094 2614 1277 2649; x_wconf 80' lang='lat' dir='ltr'><strong>hortatus</strong></span> <span class='ocrx_word' id='word_1_363' title='bbox 1309 2617 1380 2657; x_wconf 87' lang='lat' dir='ltr'><strong>est,</strong></span> <span class='ocrx_word' id='word_1_364' title='bbox 1422 2617 1467 2650; x_wconf 89' lang='lat' dir='ltr'><strong>ut</strong></span> <span class='ocrx_word' id='word_1_365' title='bbox 1492 2614 1768 2649; x_wconf 69' lang='lat' dir='ltr'><strong>subsisterent.</strong></span> 
     </span>
     <span class='ocr_line' id='line_1_39' title="bbox 276 2661 1900 2707; baseline -0.002 -7"><span class='ocrx_word' id='word_1_366' title='bbox 276 2662 355 2700; x_wconf 85' lang='lat' dir='ltr'><strong><em>Sed</em></strong></span> <span class='ocrx_word' id='word_1_367' title='bbox 394 2663 694 2699; x_wconf 78' lang='lat' dir='ltr'><strong>obsurduerant</strong></span> <span class='ocrx_word' id='word_1_368' title='bbox 732 2672 869 2698; x_wconf 87' lang='lat' dir='ltr'><strong>omnes</strong></span> <span class='ocrx_word' id='word_1_369' title='bbox 908 2671 983 2697; x_wconf 89' lang='lat' dir='ltr'><strong>nec</strong></span> <span class='ocrx_word' id='word_1_370' title='bbox 1016 2662 1155 2707; x_wconf 77' lang='lat' dir='ltr'><strong>sugam</strong></span> <span class='ocrx_word' id='word_1_371' title='bbox 1188 2661 1455 2697; x_wconf 80' lang='lat' dir='ltr'><strong>remittebant.</strong></span> <span class='ocrx_word' id='word_1_372' title='bbox 1507 2661 1605 2696; x_wconf 81' lang='lat' dir='ltr'><strong>Cum</strong></span> <span class='ocrx_word' id='word_1_373' title='bbox 1633 2661 1900 2698; x_wconf 78' lang='lat' dir='ltr'><strong>autem16.17</strong></span> 
     </span>
     <span class='ocr_line' id='line_1_40' title="bbox 276 2708 1769 2757; baseline -0.003 -10"><span class='ocrx_word' id='word_1_374' title='bbox 276 2711 411 2746; x_wconf 82' lang='lat' dir='ltr'><strong>hostes</strong></span> <span class='ocrx_word' id='word_1_375' title='bbox 434 2711 684 2757; x_wconf 79' lang='lat' dir='ltr'><strong>inopinatam</strong></span> <span class='ocrx_word' id='word_1_376' title='bbox 713 2710 983 2746; x_wconf 81' lang='lat' dir='ltr'><strong>Romanorum</strong></span> <span class='ocrx_word' id='word_1_377' title='bbox 1011 2709 1151 2754; x_wconf 77' lang='lat' dir='ltr'><strong>sugam</strong></span> <span class='ocrx_word' id='word_1_378' title='bbox 1179 2719 1229 2744; x_wconf 87' lang='lat' dir='ltr'><strong>ex</strong></span> <span class='ocrx_word' id='word_1_379' title='bbox 1257 2708 1396 2744; x_wconf 81' lang='lat' dir='ltr'><strong>diviua</strong></span> <span class='ocrx_word' id='word_1_380' title='bbox 1422 2709 1482 2744; x_wconf 77' lang='lat' dir='ltr'><strong><em>ira</em></strong></span> <span class='ocrx_word' id='word_1_381' title='bbox 1508 2713 1687 2745; x_wconf 78' lang='lat' dir='ltr'><strong>coortam</strong></span> <span class='ocrx_word' id='word_1_382' title='bbox 1714 2710 1769 2743; x_wconf 89' lang='lat' dir='ltr'><strong>in-</strong></span> 
     </span>
     <span class='ocr_line' id='line_1_41' title="bbox 278 2756 1830 2804; baseline -0.001 -11"><span class='ocrx_word' id='word_1_383' title='bbox 278 2758 526 2804; x_wconf 83' lang='lat' dir='ltr'><strong>tellegerent,</strong></span> <span class='ocrx_word' id='word_1_384' title='bbox 565 2769 702 2804; x_wconf 78' lang='lat' dir='ltr'><strong>regem</strong></span> <span class='ocrx_word' id='word_1_385' title='bbox 735 2759 866 2794; x_wconf 80' lang='lat' dir='ltr'><strong>statim</strong></span> <span class='ocrx_word' id='word_1_386' title='bbox 901 2758 1148 2792; x_wconf 80' lang='lat' dir='ltr'><strong>invaserunt.</strong></span> <span class='ocrx_word' id='word_1_387' title='bbox 1201 2756 1238 2791; x_wconf 87' lang='lat' dir='ltr'><strong>Is</strong></span> <span class='ocrx_word' id='word_1_388' title='bbox 1273 2766 1369 2791; x_wconf 86' lang='lat' dir='ltr'><strong>vero</strong></span> <span class='ocrx_word' id='word_1_389' title='bbox 1403 2766 1493 2792; x_wconf 88' lang='lat' dir='ltr'><strong>cum</strong></span> <span class='ocrx_word' id='word_1_390' title='bbox 1520 2757 1603 2792; x_wconf 87' lang='lat' dir='ltr'><strong>suis</strong></span> <span class='ocrx_word' id='word_1_391' title='bbox 1630 2766 1770 2802; x_wconf 78' lang='lat' dir='ltr'><strong>pugna</strong></span> <span class='ocrx_word' id='word_1_392' title='bbox 1786 2757 1830 2791; x_wconf 79' lang='lat' dir='ltr'><strong>ls</strong></span> 
     </span>
     <span class='ocr_line' id='line_1_42' title="bbox 278 2803 1770 2851; baseline -0.003 -8"><span class='ocrx_word' id='word_1_393' title='bbox 278 2817 360 2842; x_wconf 90' lang='lat' dir='ltr'><strong><em>non</em></strong></span> <span class='ocrx_word' id='word_1_394' title='bbox 399 2806 623 2842; x_wconf 80' lang='lat' dir='ltr'><strong>detrectata</strong></span> <span class='ocrx_word' id='word_1_395' title='bbox 660 2806 712 2842; x_wconf 80' lang='lat' dir='ltr'><strong><em>ad</em></strong></span> <span class='ocrx_word' id='word_1_396' title='bbox 750 2810 907 2851; x_wconf 82' lang='lat' dir='ltr'><strong>tempus</strong></span> <span class='ocrx_word' id='word_1_397' title='bbox 946 2805 1101 2840; x_wconf 88' lang='lat' dir='ltr'><strong>sortiter</strong></span> <span class='ocrx_word' id='word_1_398' title='bbox 1134 2804 1295 2848; x_wconf 79' lang='lat' dir='ltr'><strong>restitit3</strong></span> <span class='ocrx_word' id='word_1_399' title='bbox 1333 2803 1480 2839; x_wconf 86' lang='lat' dir='ltr'><strong>deinde</strong></span> <span class='ocrx_word' id='word_1_400' title='bbox 1512 2804 1600 2839; x_wconf 83' lang='lat' dir='ltr'><strong>aliis</strong></span> <span class='ocrx_word' id='word_1_401' title='bbox 1631 2804 1770 2847; x_wconf 80' lang='lat' dir='ltr'><strong>caesis,</strong></span> 
     </span>
     <span class='ocr_line' id='line_1_43' title="bbox 279 2851 1830 2899; baseline -0.002 -10"><span class='ocrx_word' id='word_1_402' title='bbox 279 2853 407 2899; x_wconf 80' lang='lat' dir='ltr'><strong>captis</strong></span> <span class='ocrx_word' id='word_1_403' title='bbox 433 2854 532 2899; x_wconf 81' lang='lat' dir='ltr'><strong>aliis,</strong></span> <span class='ocrx_word' id='word_1_404' title='bbox 558 2855 859 2890; x_wconf 73' lang='lat' dir='ltr'><strong>circumventus</strong></span> <span class='ocrx_word' id='word_1_405' title='bbox 876 2863 900 2887; x_wconf 77' lang='lat' dir='ltr'>a</span> <span class='ocrx_word' id='word_1_406' title='bbox 922 2852 1104 2887; x_wconf 74' lang='lat' dir='ltr'><strong>barbaris</strong></span> <span class='ocrx_word' id='word_1_407' title='bbox 1130 2862 1182 2887; x_wconf 86' lang='lat' dir='ltr'><strong>ne</strong></span> <span class='ocrx_word' id='word_1_408' title='bbox 1208 2852 1264 2887; x_wconf 74' lang='lat' dir='ltr'><strong><em>ita</em></strong></span> <span class='ocrx_word' id='word_1_409' title='bbox 1282 2851 1442 2897; x_wconf 82' lang='lat' dir='ltr'><strong>quidem</strong></span> <span class='ocrx_word' id='word_1_410' title='bbox 1462 2852 1591 2887; x_wconf 79' lang='lat' dir='ltr'><strong>cessit.</strong></span> <span class='ocrx_word' id='word_1_411' title='bbox 1644 2851 1771 2886; x_wconf 79' lang='lat' dir='ltr'><strong>Enim·</strong></span> <span class='ocrx_word' id='word_1_412' title='bbox 1786 2852 1830 2887; x_wconf 83' lang='lat'><strong><em>19</em></strong></span> 
     </span>
     <span class='ocr_line' id='line_1_44' title="bbox 279 2898 1771 2945; baseline -0.002 -7"><span class='ocrx_word' id='word_1_413' title='bbox 279 2911 377 2938; x_wconf 80' lang='lat' dir='ltr'><strong>vero</strong></span> <span class='ocrx_word' id='word_1_414' title='bbox 410 2911 501 2938; x_wconf 86' lang='lat' dir='ltr'><strong>cum</strong></span> <span class='ocrx_word' id='word_1_415' title='bbox 533 2901 679 2938; x_wconf 83' lang='lat' dir='ltr'><strong>multos</strong></span> <span class='ocrx_word' id='word_1_416' title='bbox 705 2901 956 2938; x_wconf 78' lang='lat' dir='ltr'><strong>vulnerasset</strong></span> <span class='ocrx_word' id='word_1_417' title='bbox 985 2903 1024 2935; x_wconf 83' lang='lat' dir='ltr'><strong>et</strong></span> <span class='ocrx_word' id='word_1_418' title='bbox 1050 2899 1272 2943; x_wconf 83' lang='lat' dir='ltr'><strong>occidisset,</strong></span> <span class='ocrx_word' id='word_1_419' title='bbox 1312 2898 1474 2935; x_wconf 78' lang='lat' dir='ltr'><strong>tandem</strong></span> <span class='ocrx_word' id='word_1_420' title='bbox 1506 2903 1546 2935; x_wconf 86' lang='lat' dir='ltr'><strong>et</strong></span> <span class='ocrx_word' id='word_1_421' title='bbox 1572 2899 1657 2945; x_wconf 78' lang='lat' dir='ltr'><strong>ipse</strong></span> <span class='ocrx_word' id='word_1_422' title='bbox 1684 2900 1771 2935; x_wconf 76' lang='lat' dir='ltr'><strong>fau-</strong></span> 
     </span>
    </p>
   </div>
  </div>
 </body>
</html>
