2054 3282
212 231 415 270 PHOCAS
441 230 641 269 CAPTVS
666 229 920 269 NECATVR.
971 227 1265 267 HERACLIVS
1283 227 1597 264 IMPERATOR.
1639 227 1709 264 203

14 343 33 410 ,Ἴ
57 364 198 402 111304
212 356 285 410 τὴν
314 355 559 410 πορφυρίδα
591 354 721 409 φαιὰν
742 354 899 409 ἐσθῆτα
921 353 1088 395 ἐνέδυσε
1108 352 1180 394 καὶ
1202 352 1372 406 δέσμιον
1393 356 1454 406 τῷ
1470 349 1710 404 Ἡρακλείῳ

211 425 478 479 παρέστησεν.
540 423 565 465 ὁ
597 423 642 465 δὲ
673 423 779 465 ἰδὼν
809 421 936 464 αὐτὸν
966 422 1048 476 ἔφη
1079 421 1260 474 “osma
1293 420 1423 468 ἄθλιε,
1454 418 1503 460 τὰ
1533 423 1606 473 τῆς
1630 418 1708 459 πό-
1722 419 1769 455 46

213 493 321 539 λεως
358 492 571 548 διῴκησας
608 492 833 546 πράγματα
843 492 892 539 ,·”
934 490 1005 532 καὶ
1043 490 1068 532 ὁ
1105 489 1265 535 Φωκᾶς
1308 488 1487 542 ἀπονοίᾳ
1529 487 1710 541 κάτοχος
1722 489 1769 525 47

214 563 277 604 ὢν
319 562 569 615 ἀπεκρίνατο
611 560 693 603 “σὺ
731 560 777 602 δὲ
813 559 1060 614 κρειττόνως
1095 558 1256 611 μᾶλλον
1295 557 1516 612 διοικήσεις
1548 555 1711 605 αὐτά,·”
1724 558 1759 593 D

175 638 198 674 5
214 630 422 685 ὀργισθεὶς
454 630 500 671 δὲ
531 630 555 671 ὁ
579 628 827 683 Ἡράκλειος
856 628 934 676 λὰξ
965 629 1112 682 ἐκείνῳ
1143 627 1317 680 ε’νέθορε
1347 625 1420 667 καὶ
1450 625 1710 679 ἐκτμηθῆναι
1723 628 1770 663 48

212 700 478 753 προσέταξεν.
540 699 581 739 οἱ
609 698 687 751 μὲν
718 696 795 739 οὗν
825 697 972 738 αὐτίκα
1004 695 1132 738 αὐτὸν
1162 695 1434 750 ἀναιρεθῆναι
1473 693 1710 748 ἱστόρησαν,
1723 697 1770 732 49

214 769 254 810 οἰ
285 767 331 810 δὲ
360 767 566 821 πρότερον
596 767 726 808 αὐτοῦ
762 765 835 811 τὰς
873 770 1015 820 χεῖρας
1053 765 1123 806 καὶ
1161 763 1258 810 τοὺς
1299 763 1437 810 πόδας
1480 762 1715 817 ἐκκοπῆναί

213 852 352 891 φασιν,
395 835 478 877 εἶτα
515 835 586 876 καὶ
624 834 672 875 τὰ
711 835 847 876 αἰδοῖα
887 834 954 876 διὰ
992 834 1066 888 τὴν
1104 834 1262 875 ἐκείνου
1301 833 1514 887 ἀσέλγειαν
1549 831 1621 873 καὶ
1651 830 1711 872 ὅτι

212 905 381 947 πολλῶν
410 906 565 959 ᾔσχυνε
596 904 788 958 γαμετάς,
833 903 904 945 καὶ
935 903 1072 949 οὕτως
1103 903 1231 943 αὐτοῦ
1262 901 1337 955 τὴν
1367 900 1557 956 κεφαλὴν
1587 899 1711 941 ἐκκο-

153 981 198 1015 10
211 979 351 1029 πῆναι,
394 972 442 1015 τὸ
475 972 520 1014 δὲ
552 973 755 1027 δύστηνον
785 976 911 1026 σῶμα
943 972 1155 1026 καυθῆναι
1187 970 1293 1012 κατὰ
1324 970 1396 1012 τὸν
1427 970 1561 1011 Βοῦν·
1606 969 1711 1010 ἔνθα
1725 975 1772 1011 50

212 1043 389 1097 κάμινος
410 1042 473 1097 ἦν,
505 1041 568 1087 ὡς
588 1041 755 1095 λέγεται,
789 1042 836 1083 ἔκ
858 1041 1018 1095 χαλκοῦ
1040 1040 1415 1094 κατεσκευασμένη,
1445 1043 1586 1094 σχῆμα
1608 1037 1712 1092 βοὸς

213 1113 380 1167 ἔχουσα,
412 1112 519 1166 ἥπερ
541 1111 588 1152 ἐκ
613 1109 846 1165 Περγάμου
868 1110 1105 1164 κεκόμιστο,
1139 1108 1254 1163 ἑξῆς
1284 1108 1356 1150 καὶ
1387 1108 1411 1149 ὁ
1442 1108 1570 1154 τόπος
1601 1106 1710 1149 ὠνό-

213 1196 359 1235 μαστο.
420 1179 492 1221 καὶ
522 1180 563 1221 οἱ
593 1179 768 1234 ἀδελφοὶ
798 1179 927 1220 αὐτοῦ
954 1179 1024 1220 καὶ
1046 1178 1160 1220 ἄλλοι
1181 1182 1266 1219 τῶν
1287 1178 1573 1232 ᾠκειωμένων
1594 1177 1712 1231 αὐτῷ
1725 1182 1767 1218 51

215 1249 497 1304 ἀνῃρέθησαν.

159 1325 198 1360 15
337 1317 408 1371 Τῷ
432 1317 509 1371 μὲν
531 1317 607 1359 οὖν
628 1318 814 1371 κακίστῳ
836 1317 975 1370 Φωκᾷ
1005 1321 1191 1358 τοιοῦτον
1220 1316 1336 1361 τέλος
1367 1320 1439 1370 τῆς
1469 1315 1713 1369 τυραννίδος
1726 1320 1772 1356 52

214 1387 384 1440 ἐγένετο,
428 1387 496 1441 ἔτη
540 1386 901 1440 κατορχησαμένῳ
941 1389 1013 1439 τῆς
1043 1385 1250 1439 βασιλείας
1282 1385 1407 1426 ὀκτώ.
1465 1383 1712 1438 Ἡράκλειος
1729 1377 1782 1420 15
1798 1381 1970 1418 W11167

214 1455 260 1498 δὲ
290 1454 374 1497 ὑπὸ
405 1455 586 1509 Σεργίου
617 1458 690 1496 τοῦ
721 1454 981 1508 πατριάρχου
1013 1453 1207 1508 στεφθεὶς
1238 1454 1384 1495 αὐτίκα
1417 1453 1488 1495 καὶ
1518 1453 1593 1507 τὴν
1627 1451 1711 1493 Εὖ-
1798 1429 1973 1466 ΡΠὸἓΑ

214 1524 361 1565 δοκίαν
390 1523 464 1578 τὴν
494 1524 680 1578 μνηστὴν
711 1527 866 1576 ταινιοῒ,
899 1523 970 1564 καὶ
1000 1524 1089 1577 ἅμα
1121 1523 1170 1564 τά
1201 1539 1243 1564 τε
1273 1522 1457 1577 βασίλεια
1490 1523 1619 1577 στέφη
1642 1521 1713 1563 καὶ

211 1591 309 1639 τοὺς
339 1592 568 1647 γαμηλίους
598 1593 831 1647 στεφάνους
862 1591 1069 1646 ἐδέξαντο,
1102 1592 1210 1633 ὥστε
1235 1591 1341 1633 κατὰ
1363 1591 1437 1646 τὴν
1458 1590 1588 1646 αὐτὴν
1609 1591 1712 1646 ἠμέ-

214 1719 236 1754 6
261 1719 436 1764 ἀναίρεσις
454 1725 515 1755 τοῦ
533 1721 624 1764 (om.
640 1718 720 1760 AC)
744 1721 858 1755 Φωκᾶ
876 1717 976 1754 ACE
1076 1719 1121 1754 10
1146 1719 1230 1754 ὅθεν
1247 1719 1268 1754 ὁ
1284 1719 1388 1758 τόπος
1406 1719 1502 1758 Βοῦς
1518 1719 1656 1765 ἐκλήθη
1683 1719 1713 1754 Ε

216 1767 260 1803 16
285 1768 442 1814 βασιλεία
462 1768 678 1813 Ἡρακλείου
704 1765 775 1802 AR

289 1884 304 1919 l
334 1885 482 1930 αἶσθῆτα
508 1883 554 1928 Α,
582 1895 682 1919 corr.
701 1883 755 1923 A„
846 1884 869 1919 2
896 1887 985 1930 post
1010 1883 1115 1920 αὐτὸν
1141 1884 1232 1919 add.
1261 1894 1417 1919 comma
1443 1882 1496 1922 Ar
1612 1884 1633 1919 7
1658 1884 1714 1919 ε’κ-

286 1937 439 1977 κοπῆναι
458 1931 606 1977 Apr,
632 1932 679 1967 L.
703 1931 748 1968 G.
776 1944 813 1978 p.
838 1932 917 1976 146,
935 1932 992 1977 21,
1020 1931 1134 1968 Cedr.
1162 1932 1180 1966 Ι
1206 1943 1242 1976 p.
1269 1932 1349 1975 713,
1369 1931 1403 1972 5,
1428 1931 1650 1977 ἐκτμηθῆναι
1678 1931 1714 1966 D

286 1981 309 2016 9
334 1981 531 2025 κατῄσχυνε
557 1979 654 2026 pr
752 1981 865 2019 οὕτως
891 1979 972 2024 AO,
1009 1981 1102 2015 οὕτω
1129 1979 1168 2016 δὲ
1194 1980 1290 2025 Ewp
1389 1979 1411 2014 9
1435 1980 1657 2025 ἐκτμηθῆναι
1685 1979 1714 2015 C

289 2027 331 2063 11
358 2028 402 2074 ἦν
418 2028 566 2072 κάμινος
585 2027 680 2074 Ewp
778 2028 908 2074 λέγεται
936 2039 1011 2063 om.
1028 2027 1056 2064 C
1156 2027 1202 2063 12
1225 2028 1399 2073 περγάνου
1420 2027 1449 2062 Ε
1549 2027 1594 2062 13
1620 2031 1714 2063 anto

286 2075 393 2111 αὐτοῦ
420 2075 511 2111 add.
538 2075 578 2111 δὲ
603 2075 697 2122 pr
812 2080 906 2112 ante
931 2076 1029 2111 ἄλλοι
1057 2075 1149 2111 add.
1176 2077 1212 2111 οἱ
1234 2075 1370 2122 Bpr
1486 2075 1714 2121 ὀκειωμένων

287 2123 335 2168 D,
363 2134 465 2159 corr.
491 2123 559 2161 Dw
658 2123 703 2159 16
729 2124 824 2159 ὀκτώ
852 2122 930 2169 ΕΑ,
958 2134 1059 2160 corr.
1086 2122 1140 2162 Ar

217 2243 457 2290 direptaque
485 2253 667 2289 purpura
693 2243 844 2289 pullam
871 2244 907 2279 ei
934 2246 1086 2279 vestem
1114 2244 1275 2279 induxit
1301 2248 1340 2279 et
1367 2245 1571 2290 captivum
1592 2242 1715 2278 Hera·
1728 2239 1774 2274 45

217 2292 292 2327 clio
331 2291 525 2327 exhibuit.
576 2291 652 2333 Qui
693 2301 783 2326 cum
823 2292 859 2327 ei
899 2291 1086 2327 dixisset:
1120 2291 1226 2336 “Ita,
1253 2292 1385 2336 miser,
1423 2291 1713 2337 rempublicam
1727 2287 1775 2322 46

216 2338 562 2375 administrasti?”
584 2338 741 2374 Phoeas
757 2349 806 2374 ex
823 2339 1106 2385 desperatione
1124 2339 1218 2374 “Tu
1233 2349 1330 2375 vero
1341 2339 1361 2352 ’¹
1386 2340 1518 2384 inquit
1542 2338 1715 2374 “melius
1728 2335 1774 2371 47

216 2397 304 2422 eam
332 2386 691 2422 administrabis?”
739 2386 799 2422 Ob
827 2386 935 2431 quod
963 2386 1113 2422 dictum
1142 2388 1270 2422 iratus
1296 2386 1508 2422 Heraclius
1536 2386 1715 2422 calcibus
1728 2383 1775 2418 48

216 2435 255 2469 in
283 2444 375 2470 eum
405 2435 558 2470 insiluit
584 2439 624 2470 et
652 2436 819 2470 castrari
847 2435 973 2470 iussit.
1022 2433 1101 2469 Alii
1139 2445 1231 2470 eum
1261 2435 1394 2470 statim
1422 2435 1600 2470 occisum
1627 2443 1715 2470 esse
1728 2431 1775 2467 49

216 2482 393 2526 tradunt,
420 2482 487 2517 alii
513 2482 702 2518 manibus
729 2482 841 2528 prius
868 2486 907 2518 et
934 2482 1106 2528 pedibus
1132 2483 1362 2528 amputatis,
1396 2482 1580 2518 virilibus
1607 2481 1714 2517 deni-

217 2540 295 2575 que
335 2530 386 2566 ob
424 2530 632 2566 lasciviam
672 2534 711 2566 et
749 2530 965 2566 multorum
1006 2531 1201 2577 coniuges
1240 2530 1491 2566 adulteratas
1530 2530 1714 2574 exsectis,

216 2581 418 2623 postremo
447 2578 733 2614 obtruncatum
760 2581 800 2614 et
825 2578 965 2614 infelix
994 2588 1142 2624 corpus
1168 2579 1208 2613 in
1228 2577 1339 2613 Bove
1366 2580 1587 2613 crematum
1615 2587 1714 2621 esse,

214 2625 285 2660 ubi
323 2626 505 2661 caminus
544 2626 669 2661 fuisse
707 2625 943 2672 perhibetur
982 2636 1138 2670 aereus,
1178 2626 1308 2660 forma
1345 2625 1475 2669 bovis,
1514 2625 1714 2671 Pergamo
1729 2624 1776 2660 50

216 2673 446 2718 translatus,
473 2673 582 2709 unde
610 2676 650 2709 et
666 2674 754 2709 loco
781 2683 928 2709 nomen
945 2674 1109 2708 factum.
1161 2672 1264 2709 Sunt
1290 2677 1329 2709 et
1355 2674 1502 2709 fratres
1529 2673 1615 2709 eius
1635 2672 1714 2708 alii·
1729 2672 1773 2707 51

216 2730 295 2766 que
322 2721 539 2757 necessarii
564 2722 778 2757 interfecti.

334 2767 495 2804 Phoeae
527 2769 651 2815 igitur
690 2769 849 2815 pessimi
878 2769 1106 2814 tyrannidis
1132 2769 1195 2804 hie
1222 2770 1296 2804 fuit
1336 2769 1481 2812 exitus,
1520 2778 1609 2804 cum
1649 2768 1775 2804 ini-52

217 2817 329 2861 perio
356 2826 428 2862 per
454 2826 583 2852 annos
610 2819 700 2852 octo
726 2817 969 2852 insultasset.
999 2816 1052 2852 15.
1084 2816 1330 2852 Hmucmvs
1357 2819 1494 2853 autem
1520 2826 1545 2851 a
1571 2814 1714 2862 Sergio

218 2863 446 2909 patriarcha
465 2864 694 2909 insignibus
719 2864 843 2910 reg-iis
858 2867 1026 2899 ornatus
1038 2865 1171 2899 statim
1187 2865 1306 2899 etiarn
1323 2864 1528 2900 Eudoeiae
1541 2874 1716 2911 sponsae

218 2910 406 2948 diadema
433 2912 622 2958 imponit3
647 2912 702 2947 ita
730 2911 845 2947 simul
873 2915 913 2947 et
940 2912 1075 2958 regias
1102 2915 1141 2948 et
1168 2912 1371 2958 nuptiales
1398 2922 1570 2948 coronas
1605 2922 1716 2948 acee-
