2054 3282
338 267 409 303 508
734 267 913 304 ZONAR.
944 268 1072 303 EPIT.
1098 269 1188 304 XVI
1216 269 1271 313 ²26,
1298 270 1426 305 3-16.

338 388 420 429 λειν
451 389 802 442 ἀναιρεθήσεσθαι
833 390 975 437 ἔδοξεν
1006 389 1144 443 ἑαυτῷ
1164 392 1466 443 περιποιεῖσθαι
1488 391 1554 433 διὰ
1576 397 1650 434 τοῦ
1671 394 1829 448 τείχους

239 455 275 491 D
303 456 577 510 4ἀσφάλειαν,
618 458 714 498 δέον
744 456 990 511 λογίσασθαι
1021 458 1082 503 ὡς
1113 459 1151 499 εἰ
1176 458 1254 512 μὲν
1285 459 1441 514 ἀληθὲς
1471 461 1531 515 εἴη
1563 460 1609 502 τὸ
1641 477 1828 516 χρησμο-

340 524 514 579 ὁότημα,
555 527 615 579 εἴη
648 527 699 566 ἂν
730 525 801 566 καὶ
831 526 876 566 τὸ
907 527 1200 580 πεπρωμένον,
1245 524 1294 567 ἵν’
1328 527 1464 574 οὕτως
1495 530 1660 584 εἴποιμι,
1703 530 1750 571 τό
1781 531 1829 572 ἐκ

302 593 326 629 5
342 593 443 634 θεοῦ
481 593 716 647 ὡρισμένον
754 594 943 647 ἄφυκτόν
979 610 1021 635 τε
1063 594 1134 636 καὶ
1178 595 1449 649 ἀμετάθετον·
1494 598 1531 638 εἰ
1571 598 1617 639 δὲ
1661 599 1830 640 δύναται

337 661 584 715 κωλυθῆναι
617 658 667 702 δι’
701 662 882 707 ἐπινοίας
912 662 1032 716 τινός,
1078 663 1129 704 οὗ
1167 664 1336 710 πάντως
1375 665 1530 720 ἀληθὲς
1561 666 1632 707 καὶ
1661 666 1710 707 τὰ
1742 667 1878 708 ἐπι-Ι)
1898 671 2010 707 1V84

302 730 323 763 6
338 728 545 782 νοούμενα
588 730 766 782 περιττά.
829 730 853 771 ὁ
886 730 931 772 δὲ
967 731 1128 773 τούτων
1165 732 1288 774 οὐδὲν
1324 733 1595 788 λογισάμενος
1631 735 1829 789 μεγάλαις

339 796 541 842 δαπάναις
584 802 646 850 τῷ
687 802 762 839 νῦν
805 799 1016 853 ὁρωμένῳ
1059 800 1176 854 τείχει
1214 800 1263 842 τὰ
1300 802 1484 855 βασίλεια
1524 803 1828 858 ἐστεφάνωσεν·

337 863 566 918 ἀκρόπολιν
589 863 625 906 δ’
649 867 688 907 οἱ
708 867 866 908 πολῖται
891 872 1012 910 τοῦτο
1043 869 1115 910 καὶ
1145 875 1382 923 τυραννεῖον
1413 869 1514 913 καθ’
1539 873 1700 914 ἑαυτῶν
1721 873 1828 927 γινό-

302 934 322 969 ’7
336 948 467 986 μενον
484 934 661 987 ἔκρινον.
695 934 761 976 ὅτε
777 936 913 977 τοίνυν
929 937 1126 991 ἀπήρτισε
1142 937 1188 979 τὸ
1206 938 1414 993 ὀχύρωμα
1436 940 1507 981 καὶ
1528 941 1671 989 ἔδοξεν
1692 942 1831 996 ἑαυτῷ·

337 1001 506 1056 ἀσφαλῆ
536 1004 886 1058 περιποιήσασθαι
917 1006 1126 1060 φυλακήν,
1157 1006 1238 1048 τότ’
1269 1008 1376 1060 ἔγνω
1407 1009 1541 1063 μηδὲν
1572 1010 1688 1064 αὐτῷ
1718 1010 1828 1052 λυσι-
1846 1014 1890 1049 10

301 1070 509 1124 8τελῆσαν
539 1070 585 1112 τὸ
611 1072 830 1127 ἓπινόημα,
864 1074 1047 1121 ὑποστὰς
1068 1075 1182 1122 ἐντὸς
1203 1076 1362 1118 ἐκείνου
1383 1076 1454 1118 τὸν
1476 1078 1665 1132 ὄλεθρον.
1727 1078 1829 1120 ἀλλὰ

335 1139 468 1194 μήπω
499 1140 594 1194 περὶ
623 1141 785 1195 τούτου,
819 1143 873 1183 ἔτι
907 1140 943 1183 δ’
977 1143 1001 1184 ὁ
1032 1143 1156 1198 λόγος
1186 1145 1356 1199 πράξεις
1389 1146 1546 1194 ὃιεξίτω
1579 1147 1749 1188 ἐκείνου.

74 1209 274 1247 P11‘204A
300 1212 322 1247 9
450 1208 719 1251 (Ῡπονοστῶν
750 1211 796 1259 ἐξ
820 1210 1066 1266 Ἀντιοχείας
1095 1217 1169 1267 τῆς
1199 1213 1307 1267 πρὸς
1331 1213 1509 1269 Ὀρόντῃ
1543 1213 1664 1261 οὗτος
1695 1215 1720 1257 ὁ
1750 1217 1827 1270 βα-

335 1275 468 1323 σιλεὺς
499 1277 706 1331 φρούριον
737 1279 781 1320 ἓν
812 1284 874 1333 τῷ
905 1280 993 1334 ὄρει
1023 1285 1095 1322 τοῦ
1127 1281 1293 1336 Ταύρου
1327 1283 1517 1337 ἐδείματο
1552 1282 1753 1338 (ΛῙαῦρον
1785 1283 1829 1325 δὲ

336 1345 438 1399 ὄρος
468 1346 602 1388 ἐκεῖνο
641 1347 745 1401 λέγει
781 1352 856 1390 νῦν
887 1349 911 1390 ὁ
942 1349 1072 1396 πολὺς
1103 1350 1368 1405 ἄνθρωπος),
1413 1352 1457 1393 ἓν
1487 1350 1526 1406 ᾧ
1558 1352 1730 1407 ΙΙΙιχαὴλ
1759 1352 1831 1394 τὸν
1846 1355 1891 1391 15

335 1414 556 1470 Βούρτζήν
586 1416 788 1470 κατέλιπε,
827 1419 1043 1471 πατρίκιον
1074 1420 1248 1474 τιμήσας
1278 1420 1348 1461 καὶ
1379 1424 1452 1462 τοῦ
1485 1421 1670 1475 Μαύρου
1703 1421 1832 1475 ὅρους

337 1484 565 1539 στρατηγὸν
597 1486 811 1539 ὀνομάσας
833 1487 972 1541 αὐτόν,
1004 1487 1100 1534 τοὺς
1119 1488 1336 1542 Ἀντιοχεῖς
1357 1493 1520 1530 κακοῦν
1541 1490 1830 1544 ἐντειλάμενος.

277 1561 324 1598 10
336 1552 407 1594 καὶ
426 1552 594 1607 Πέτρον
617 1551 654 1595 δ’
677 1555 749 1596 ἕνα
778 1558 862 1597 τῶν
893 1557 1043 1598 ἑαυτοῦ
1066 1557 1355 1611 θεραπόντων,
1389 1558 1584 1612 ἕκτομίαν
1604 1559 1694 1612 μέν,
1729 1559 1830 1612 δρα-

338 1684 382 1718 13
406 1684 503 1722 &mog
528 1684 620 1719 ἑάλω
645 1685 667 1730 ἦ
689 1685 873 1730 Ἀντιόχεια
898 1685 953 1720 επὶ
979 1687 1102 1722 τούτου
1132 1692 1191 1722 τοῦ
1223 1687 1498 1732 αὐτοκράτορος
1539 1687 1602 1723 CE
1638 1702 1698 1723 και
1735 1689 1831 1728 ὅπως

335 1731 469 1771 ἐκεῖνος
495 1732 634 1778 διετέθη
660 1732 747 1778 πρὸς
773 1733 852 1772 τοὺς
878 1733 1023 1773 ἁλόντας
1048 1734 1157 1781 αὐτὴν
1182 1735 1242 1770 καὶ
1268 1734 1325 1770 διὰ
1348 1736 1422 1770 τίνα
1447 1736 1556 1771 αἰτίαν
1582 1734 1611 1772 C

406 1861 429 1896 2
453 1860 518 1906 μὲν
532 1861 699 1908 prDi,
725 1861 776 1909 μὴ
793 1861 828 1897 Α
899 1864 1186 1909 χρησμσδόθημα
1212 1863 1260 1909 Ρ*
1338 1864 1409 1899 3-4
1433 1864 1474 1899 ἐκ
1501 1865 1587 1899 θεοῦ
1613 1862 1829 1910 AEwap,

406 1910 548 1945 ἄνωθεν
575 1909 606 1945 Ο
727 1910 750 1945 4
776 1911 915 1946 δύναιτο
939 1911 1038 1957 pr
1160 1913 1182 1947 8
1207 1912 1340 1947 πολῖται
1369 1910 1505 1955 CDDi,
1531 1913 1666 1947 πολίται
1692 1910 1828 1957 Apr

386 1966 403 1983 0
454 1962 554 1992 τοῦτο
582 1968 657 1992 om.
683 1957 719 1992 D
900 1965 1102 2003 τυραννεῖον
1126 1958 1294 2005 prDi‚
1320 1965 1483 2003 τυραννεῖ
1504 1958 1551 2004 A,
1576 1965 1754 2004 τυρανεῖον
1781 1959 1828 2004 D,

408 2015 509 2040 corr.
537 2004 605 2043 Dw
719 2006 740 2041 9
765 2006 934 2052 ἇπήρτισε
959 2006 1128 2052 prDz',
1154 2007 1334 2052 ἀπήρτησε
1360 2006 1427 2042 ΑΒ
1539 2008 1584 2043 10
1607 2007 1829 2052 περιποιήσα-

407 2053 492 2087 σθαι
514 2052 519 2096 Ι
541 2052 604 2098 τὴν
633 2053 799 2100 φυλακὴν
822 2055 965 2100 ἀσφαλῆ
983 2054 1079 2100 Ewp
1179 2055 1223 2089 12
1249 2055 1380 2090 τούτων
1399 2055 1429 2090 Ο
1527 2056 1666 2096 διεξίτω
1683 2055 1828 2099 πράξεις

408 2099 439 2136 Ο
555 2101 600 2136 13
625 2101 751 2147 ὀρόντη
779 2101 877 2146 CDi,
903 2103 1051 2147 ὀρρόντη
1077 2101 1124 2147 Α,
1150 2103 1297 2148 ὀρόντην
1322 2102 1432 2148 pr,
1460 2113 1496 2138 V.
1524 2102 1576 2137 ad
1602 2102 1698 2138 XIII
1724 2102 1756 2147 8,
1783 2102 1829 2138 26

453 2147 684 2194 αὐτοκράτωρ
714 2149 745 2186 Ο
844 2150 890 2185 14
916 2153 1007 2196 post
1032 2149 1072 2185 δὲ
1097 2150 1189 2186 add.
1215 2149 1253 2186 τὸ
1279 2150 1314 2185 D

298 2277 378 2313 4se
408 2277 622 2314 moenibus
653 2280 784 2314 tutum
818 2280 917 2314 fore.
968 2279 1183 2315 Enimvero
1217 2280 1274 2314 sic
1306 2280 1341 2314 ci
1375 2278 1699 2315 ratiocinandum
1732 2279 1828 2315 fuit:

334 2326 366 2360 si
399 2335 540 2361 verum
576 2328 682 2362 esset
713 2326 932 2371 oraculum,
972 2327 1092 2362 etiam
1123 2327 1262 2370 fatum,
1299 2331 1345 2362 ut
1370 2327 1426 2362 ita
1457 2327 1597 2370 dicam,
1637 2326 1830 2362 divinitus

299 2372 563 2408 50rdinatum
590 2383 678 2409 csse
703 2374 936 2410 inevitabile
962 2377 1002 2410 et
1026 2374 1284 2418 immutabile,
1323 2375 1385 2409 sin
1411 2374 1452 2409 id
1485 2374 1620 2419 aliqua
1653 2374 1830 2409 sollertia

335 2420 540 2465 prohiberi
565 2425 712 2466 posset,
750 2432 834 2457 non
867 2423 1008 2467 utique
1042 2432 1130 2457 esse
1163 2432 1306 2457 verum
1340 2431 1579 2466 omnemque
1613 2421 1829 2457 sollertiam

299 2468 692 2513 esupervacaneam.
732 2468 812 2505 Sed
837 2469 903 2505 ille
928 2469 1039 2505 nulla
1058 2469 1200 2504 harum
1218 2480 1352 2505 rerum
1378 2469 1643 2513 considerata,
1670 2469 1829 2514 magnis

334 2515 560 2561 sumptibus
580 2517 736 2562 regiam
755 2527 803 2552 eo
827 2527 954 2561 muro,
982 2517 1050 2562 qui
1073 2517 1193 2552 etiam
1212 2527 1320 2552 nunc
1338 2517 1526 2561 cernitur,
1554 2515 1828 2560 circumdedit,

335 2572 454 2607 quem
493 2563 602 2599 cives
641 2564 860 2610 acropolim
900 2567 939 2599 et
978 2564 1184 2600 castellum
1218 2565 1473 2610 tyrannicum
1510 2567 1650 2599 contra
1685 2573 1727 2598 se
1762 2573 1828 2599 ex-

300 2610 320 2645 7
335 2613 530 2645 structum
556 2611 804 2647 iudicabant.
854 2611 1003 2647 Verum
1029 2613 1251 2647 munitione
1276 2612 1456 2657 perfecta
1484 2621 1574 2646 cum
1600 2621 1643 2647 se
1660 2612 1740 2646 iam
1763 2621 1827 2647 res

334 2667 429 2692 suas
446 2657 488 2692 in
506 2660 592 2694 tuto
612 2659 830 2694 collocasse
849 2663 1021 2704 putaret,
1047 2662 1131 2694 tum
1151 2659 1322 2703 demum,
1349 2669 1439 2694 cum
1468 2659 1573 2693 intra
1592 2669 1679 2694 eam
1700 2659 1827 2703 ipsam

298 2705 584 2750 Scaederetur,
610 2707 808 2742 intellexit
830 2707 1040 2742 inventum
1066 2706 1164 2742 illud
1189 2706 1286 2741 nihil
1313 2707 1387 2741 Sibi
1416 2707 1626 2752 profuisse.
1669 2705 1749 2742 Sed
1767 2706 1827 2742 his

334 2752 455 2787 iebus
481 2753 522 2788 in
549 2755 779 2799 p1aesentia
805 2755 959 2790 omissis
986 2764 1050 2790 res
1082 2754 1133 2789 ab
1161 2764 1208 2789 eo
1234 2757 1371 2800 gestas
1405 2763 1687 2798 exsequamui.

299 2800 321 2833 9
452 2798 677 2845 Antiochia,
697 2812 816 2847 quam
836 2802 985 2837 flumen
1005 2801 1176 2837 Orontes
1199 2801 1322 2845 alluit,
1349 2803 1557 2836 revertens
1577 2800 1827 2846 Nicephorus

335 2847 541 2882 castellum
574 2849 615 2883 in
641 2828 776 2884 Tauro
810 2851 956 2893 monte,
995 2859 1112 2895 quem
1146 2849 1264 2885 hodie
1296 2848 1421 2894 vulgo
1454 2848 1640 2884 Manlum
1666 2851 1826 2892 vocant,

336 2895 569 2939 construxit,
596 2895 790 2931 Μὶοὴεόἰε
809 2895 966 2939 Burtze‚
995 2906 1112 2941 quem
1131 2896 1344 2942 patricium
1363 2896 1458 2930 fecit
1477 2899 1515 2931 et
1532 2895 1662 2931 Mami
1680 2896 1826 2930 montis

277 2940 322 2976 10
336 2941 479 2977 ducem
499 2943 733 2988 nominavit,
761 2943 812 2979 ad
832 2944 1082 2980 infestandos
1100 2943 1372 2980 Antiochenos
1391 2944 1446 2979 ibi
1465 2943 1613 2979 relicto.
1663 2943 1825 2978 Petium
