2054 3282
127 19 144 23 ,,
175 0 442 30 WJV‘VWFV*

425 273 709 316 NICEPHORI
734 274 1028 315 RAPACITAS
1053 274 1120 312 ΕΤ
1147 266 1484 313 EXACTIONES.
1636 273 1707 311 307

211 401 315 456 μήτε
346 404 423 456 γῆν
454 401 585 455 ἔχοντι
616 401 721 456 μήτε
750 399 878 454 τέλος,
911 399 983 442 καὶ
1013 398 1059 441 τὸ
1090 397 1186 445 τοὺς
1217 398 1262 446 ἒξ
1291 397 1469 451 ἀπόρων
1490 396 1611 443 ὅπως
1633 396 1707 451 δή-
1722 401 1768 437 26
1795 400 1826 436 Β

210 485 310 511 ποτε
341 469 398 515 εἰς
429 469 628 523 εὐπορίαν
658 468 978 523 μετετέχθέντας
1008 467 1203 522 χρήματα
1235 467 1509 519 ἀπαιτεῖσθαι,
1547 466 1609 512 ὡς
1639 465 1707 507 εὗ-

211 537 333 592 ρετὰς
353 537 601 591 θησαυρῶν,
633 537 705 578 καὶ
735 536 781 578 τὸ
812 536 908 582 τοὺς
928 539 1014 578 τῶν
1034 539 1151 590 νηῶν
1171 535 1376 590 κτήτορας
1397 534 1709 588 ἀναγκάζεσθαι
1722 539 1768 575 27

212 610 289 661 γῆν
333 606 532 647 ὠνεῖσθαι
575 605 659 646 ἀπὸ
702 609 775 647 τοῦ
820 604 1040 659 δημοσίου,
1085 604 1346 658 ἀνθρώπους
1386 600 1477 644 οὐδ’
1517 602 1591 657 ὅ,τι
1629 601 1710 643 ἐστὶ

176 678 393 727 5γεωργία
426 674 721 727 γινώσκοντας·
766 673 837 714 καὶ
875 677 996 714 τοῦτο
1036 673 1102 715 ε’πὶ
1132 676 1217 714 τῶν
1248 673 1292 714 ἓν
1322 676 1407 718 τοῖς
1437 671 1618 726 θέμασιν
1649 671 1708 712 οἷ-

211 742 402 784 κούντων
424 742 676 796 ναυκλήρων
697 742 860 796 ἐγίνετο.
905 745 989 787 τοῖς
1011 741 1048 782 δ’
1073 742 1116 783 ἕν
1139 739 1573 782 Κωνσταντινουπόλει
1593 742 1710 794 νηῶν
1723 746 1770 781 28

211 811 403 866 κτήτορσι
433 810 722 864 προσερρίπτει
753 809 832 851 ἀνὰ
865 809 1035 852 δώδεκα
1067 810 1204 863 λίτρας
1226 809 1402 864 ἑκάστης
1422 808 1612 863 χρυσίου,
1644 808 1708 849 i'va

210 879 337 921 τόκον
378 878 606 933 καταβάλοι
648 884 710 932 τῷ
754 878 960 933 δημοσίῳ,
1006 882 1090 920 τῶν
1133 879 1272 920 ἄλλων
1315 879 1465 933 βαρῶν
1503 880 1588 919 τῶν
1626 880 1711 923 τοῖς

210 947 368 994 πλοίοις
404 947 676 1001 ἐπικειμένων
714 947 917 989 ε’πέκεινα.
980 947 1051 988 καὶ
1089 949 1164 994 οὓς
1196 944 1232 989 δ’
1267 948 1319 988 ἂν
1350 947 1486 1000 ἔμαθε
1517 949 1603 987 τῶν
1634 945 1707 999 ἒμ-
1723 952 1770 988 ‘29

155 1015 360 1070 Ῑοπόρων
382 1017 406 1070 ἢ
430 1016 715 1070 ἐργαστηρίων
740 1016 1060 1070 προϊσταμένων
1090 1016 1260 1058 πολλῶν
1291 1016 1496 1069 εὐπορεῖν,
1529 1014 1710 1056 στέλλων

210 1084 411 1139 ἀφῃρεῖτο
448 1084 496 1125 τὰ
533 1085 740 1139 χρήματα,
784 1084 1013 1126 πολλοστόν
1043 1101 1076 1126 τι
1108 1085 1239 1139 μέρος
1275 1085 1446 1130 ε’κείνοις
1477 1084 1575 1137 ἒῶν,
1619 1083 1709 1125 οἷον

209 1152 280 1194 καὶ
312 1153 381 1194 ἐπί
408 1169 480 1195 τινι
510 1154 646 1207 πράτῃ
678 1154 841 1207 κηρίων
872 1153 1101 1207 εἰργάσατο.
1162 1153 1322 1207 μαθὼν
1359 1151 1438 1206 γὰρ
1470 1151 1542 1194 τὸν
1572 1151 1707 1206 ἄνδρα
1721 1158 1769 1194 30
1794 1158 1824 1195 C

210 1221 368 1263 ἐκεῖνον
397 1222 544 1275 κύριον
575 1221 676 1263 εἶναι
707 1222 937 1276 χρημάτων
962 1222 1131 1263 πολλῶν
1150 1222 1458 1276 μεταπέμπεται
1480 1220 1608 1262 αὐτὸν
1638 1219 1709 1262 καὶ

209 1289 382 1336 “ἒπίι9ες
418 1306 494 1331 σου
505 1290 532 1305 ”
568 1290 673 1344 φησί
706 1290 810 1344 “τὴν
846 1294 962 1345 χεῖρα
1004 1294 1052 1345 τῇ
1096 1290 1260 1345 κεφαλῇ
1303 1305 1389 1344 μου
1433 1289 1505 1331 καὶ
1549 1289 1710 1343 ὄμοσον

154 1368 198 1404 15
210 1355 300 1399 κατ’
334 1358 462 1413 αὐτῆς
491 1358 624 1400 πόσον
656 1375 720 1401 σοι
751 1359 922 1413 χρυσίον
954 1359 1076 1400 ἐστί.”
1136 1363 1209 1400 τοῦ
1243 1359 1288 1400 δὲ
1318 1359 1566 1413 βιασθέντος
1587 1361 1708 1399 τοῦτο
1723 1365 1767 1401 31

209 1430 378 1481 ποιῆσαι
408 1427 479 1468 καὶ
510 1427 743 1481 ὀμόσαντος
773 1427 923 1469 ἑκατὸν
954 1429 1061 1482 ἔχειν
1100 1428 1252 1482 λίτρας,
1298 1427 1518 1482 ἐνεχθῆναι
1558 1428 1710 1476 ταύτας

208 1495 554 1550 παρεκελεύσατο.
617 1496 679 1542 ὡς
710 1494 786 1538 οὗν
808 1486 1109 1551 ἐκομίσθησαν,
1140 1496 1223 1538 “οὐ
1245 1497 1362 1551 χρεία
1385 1512 1450 1538 σοι
1471 1497 1673 1539 τοσούτου
1683 1499 1710 1514 ”
1723 1503 1770 1539 32

209 1562 296 1606 εἶπε
325 1563 560 1619 “χρυσοῦ.”
620 1564 723 1606 δέκα
760 1568 862 1619 γοῦν
892 1564 1030 1619 λίτρας
1061 1565 1179 1620 αὐτῷ
1210 1565 1436 1620 ἐπιτρέψας
1466 1565 1608 1622 λαβεῖν
1637 1566 1711 1615 τὰς
1723 1571 1769 1607 33

209 1631 356 1679 λοιπὰς
386 1631 512 1679 αὐτὸς
545 1632 804 1687 ᾠκειώσατο,
849 1632 1090 1688 ὁμοδίαιτον
1122 1633 1250 1676 αὐτὸν
1280 1638 1503 1690 τηνικαῦτα
1534 1651 1709 1692 πεποιη-

6 611 41 787 τῑῇῖῆιᾼθῃζῇέπ
8 579 21 590 s
15 503 30 523 ᾧ
34 461 37 465 .

281 1791 305 1827 3
330 1795 400 1827 τῶν
426 1802 501 1828 om.
520 1792 622 1830 CDE
694 1792 955 1840 ἀναγκάζεσθαι
983 1805 1059 1831 om.
1078 1793 1186 1840 Ewp,
1214 1795 1367 1840 coegit:
1399 1795 1469 1832 Wo
1486 1795 1551 1831 lat.
1627 1795 1649 1831 5
1674 1795 1711 1831 ἐν

283 1850 359 1875 om.
385 1839 422 1874 D
570 1841 590 1876 7
615 1841 753 1886 ἑκάστῳ
779 1842 878 1888 pr
1029 1843 1052 1879 8
1076 1842 1276 1888 καταβάλλῃ
1304 1843 1413 1889 Ewp‚
1439 1843 1648 1890 καταβάλοιε
1674 1843 1710 1879 D

331 1891 402 1923 τῶν
415 1888 584 1924 alterum
603 1899 678 1924 om.
690 1889 736 1933 D,
754 1890 962 1943 suppl.Dw
1036 1891 1058 1925 9
1073 1891 1207 1935 ἔμαθον
1216 1891 1312 1936 Ewp
1388 1892 1433 1927 10
1444 1892 1710 1937 προϊσταμένων

284 1945 359 1970 om.
387 1935 416 1971 C
516 1937 557 1971 ll
584 1937 658 1972 οἷον
683 1936 852 1984 prDt,
878 1939 915 1973 οἳ
936 1938 972 1973 Α
1072 1938 1117 1973 12
1142 1939 1268 1983 κηρίον
1290 1940 1296 1982 Ι
1319 1939 1404 1981 (Sic)
1430 1938 1466 1974 A
1565 1941 1610 1975 18
1634 1939 1710 1974 εἶπε

283 1982 431 2029 ΑΒΨΡ,
449 1983 518 2029 ἔφη
534 1983 570 2019 D
666 1984 730 2020 οὖν
748 1985 791 2027 Ε,
809 1985 849 2021 δὲ
870 1985 907 2020 D
1005 1986 1103 2031 αὐτῷ
1120 1986 1311 2032 ἐπιτρέψας
1329 1986 1477 2033 Apr,
1494 1987 1708 2034 ἐπιστρέψας

281 2030 379 2066 αὐτῶ
405 2030 452 2075 D,
478 2031 668 2077 ἐπιτρέψας
693 2032 790 2068 αὐτῶ
816 2033 896 2078 Dw,
922 2034 1019 2070 αὐτῶ
1045 2034 1297 2080 ἐπιτρέψαντος
1324 2034 1354 2069 Ε

213 2186 362 2223 fundos
388 2196 520 2233 neque
552 2187 704 2223 reditus
737 2188 954 2225 habebant.
1002 2189 1065 2226 Ab
1092 2191 1140 2226 iis
1167 2191 1286 2226 etiam
1315 2191 1383 2236 qui
1411 2190 1771 2236 quomodocun-26

213 2244 292 2280 que
318 2245 341 2270 e
367 2236 617 2281 pauperibus
646 2236 791 2272 divites
821 2243 1048 2282 evaserant,
1088 2242 1293 2284 tamquam
1327 2239 1539 2275 thesauros
1572 2249 1712 2285 reppe—

213 2283 369 2327 rissent,
399 2284 611 2329 pecuniam
639 2285 749 2330 exigi
776 2285 902 2321 iussit.
953 2284 1174 2322 Naucleros
1201 2296 1323 2332 agros
1350 2296 1484 2322 emere
1506 2297 1530 2321 a
1549 2287 1711 2333 publico
1725 2287 1772 2323 27

214 2331 359 2376 coegit,
398 2331 577 2367 homines
604 2332 667 2366 vel
694 2332 791 2377 quid
818 2338 923 2368 esset
949 2333 1201 2379 agricultura
1228 2335 1476 2380 ignorantes,
1510 2334 1634 2380 idque
1660 2334 1712 2370 ad

213 2378 482 2424 provinciales
509 2379 722 2415 naucleros
748 2381 952 2426 pertinuit.
1003 2380 1079 2423 Qui
1106 2385 1241 2417 autem
1261 2381 1372 2428 Cpoli
1395 2381 1612 2428 degebant,
1639 2392 1712 2428 pro
1726 2382 1773 2418 28

213 2425 384 2472 singulis
411 2426 585 2462 navibus
612 2427 823 2463 duodenas
850 2429 939 2463 auri
961 2428 1084 2464 libras
1103 2430 1198 2464 fisco
1217 2439 1289 2475 pro
1309 2439 1435 2464 usura
1454 2430 1714 2475 pensitabant

214 2472 320 2509 ultra
349 2478 484 2509 cetera
511 2485 647 2519 oncra,
683 2485 789 2520 quac
814 2476 990 2511 navibus
1016 2476 1315 2512 incumbebant.
1366 2476 1584 2513 Praeterea
1611 2487 1713 2523 quos
1727 2478 1773 2514 29

215 2520 279 2556 vel
305 2525 550 2558 mercatores
577 2522 639 2558 vel
669 2523 917 2559 officinarum
944 2525 1160 2569 magist-ros
1187 2525 1429 2570 pecuniosos
1459 2535 1548 2561 esse
1582 2529 1712 2569 norat,

214 2568 263 2603 iis
287 2569 464 2604 maxima
491 2573 604 2615 parte
631 2570 820 2617 adempta
848 2573 1116 2617 perexiguum
1144 2571 1336 2617 quiddam
1364 2572 1629 2618 relinquebat,
1668 2577 1713 2608 ut

215 2615 375 2651 cuidam
407 2627 615 2653 cereorum
650 2618 849 2654 venditori
885 2620 989 2654 fecit.
1041 2622 1166 2661 Quem
1195 2629 1284 2654 cum
1311 2630 1487 2666 magnae
1515 2621 1713 2666 pecuniae
1726 2622 1774 2657 30

215 2673 303 2699 esse
330 2663 535 2700 dominum
562 2667 832 2711 cognovisset,
859 2668 1094 2702 arcessitum
1122 2677 1244 2702 manu
1271 2667 1375 2702 illius
1401 2677 1475 2703 suo
1502 2669 1624 2714 capiti
1646 2669 1713 2703 im-

217 2712 347 2758 posita
374 2712 549 2747 iuratum
576 2713 710 2748 dicere
733 2715 878 2760 coegit,
907 2719 1102 2760 quantuni
1122 2716 1210 2750 auri
1231 2715 1409 2751 haberet.
1461 2714 1531 2750 Illo
1551 2719 1712 2751 centum
1726 2717 1770 2753 31

216 2758 339 2793 libras
366 2758 441 2794 boc
467 2760 730 2796 iureiurando
757 2761 852 2797 dato
879 2763 1114 2806 affirmante,
1142 2763 1340 2797 hominem
1370 2763 1552 2798 hortatus
1571 2766 1642 2807 est,
1668 2766 1711 2798 ut

217 2815 286 2842 eas
319 2806 493 2842 afferret.
545 2807 700 2850 Quibus
739 2809 870 2845 allatis
895 2809 1016 2846 “Non
1048 2811 1118 2845 tibi
1153 2820 1254 2856 opus
1286 2810 1377 2846 est''
1410 2811 1540 2856 inquit
1568 2811 1712 2846 “tanto
1726 2812 1773 2848 32

217 2863 318 2890 auro
327 2853 359 2899 ⁸⁸,
385 2859 425 2890 et
445 2854 582 2891 decem
603 2856 714 2892 libris
732 2858 768 2892 ei
788 2857 935 2893 relictis
955 2859 1040 2904 ipse
1059 2858 1236 2904 reliquas
1254 2858 1329 2893 sibi
1357 2859 1580 2895 vindicavit
1606 2868 1713 2895 eum-
1726 2860 1774 2896 33

218 2911 298 2948 quo
329 2911 429 2939 suae
461 2913 624 2940 mensae
656 2904 841 2941 adhibuit
871 2907 1097 2953 nonaginta
1132 2907 1242 2942 libris
1274 2907 1363 2942 auri
1395 2916 1522 2943 unum
1555 2907 1714 2954 reg-ium

219 2950 433 2998 prandium
461 2962 542 2988 non
568 2957 711 3000 sponte
737 2958 970 2991 mercatum.
