2066 3230
381 210 706 260 BossMvNDvs.
755 217 862 258 REX
886 217 1052 260 SAcRo
1078 217 1215 258 VELo
1239 217 1561 259 REOREATVR.
1646 217 1715 256 751

228 341 279 385 οὗ
315 342 390 398 τὴν
427 343 618 399 ἐκφορὰν
652 343 986 399 μεγαλοπρεπῶς
1016 344 1041 386 ὁ
1071 344 1348 400 αὐτοκράτωρ
1387 345 1589 401 ἐτίμησεν,
1633 344 1716 388 εἶτα
1730 347 1753 382 8

226 411 368 467 ἕτερον
398 412 456 458 εἰς
485 411 557 454 τὸν
586 411 747 466 θρόνον
776 411 848 454 τὸν
876 411 1178 468 πατριαρχικὸν
1199 413 1515 469 ἐγκαθίδρυσεν,
1547 414 1619 455 ἕνα
1639 413 1717 468 μὲν

224 483 299 521 τοῦ
330 479 492 534 κλήρου
522 484 595 535 τῆς
626 480 858 535 ἐκκλησίας,
901 484 974 523 τοῦ
1012 485 1098 523 τῶν
1137 482 1349 525 διακόνων
1388 483 1435 525 δέ
1465 499 1510 537 γε
1540 483 1717 538 βαθμοῦ

70 553 126 592 IV
142 554 214 591 249
226 547 297 589 καὶ
326 551 412 594 τοῖς
441 552 755 603 πατριαρχικοῒς
785 549 1110 604 συνταττόμενον
1139 550 1354 606 ἄρχουσιν,
1387 551 1641 607 ἀδελφιδοῦν
1672 551 1718 594 δὲ

41 619 44 622 ’
189 619 300 659 ὅτοῦ
335 621 409 671 τῆς
446 616 491 658 ἐν
526 616 772 671 Χαλκηδόνι
810 617 899 659 τότε
934 618 1265 673 προεδρεύοντος
1302 620 1536 675 ἐκκλησίας,
1580 620 1718 675 λόγοις

227 684 566 739 ἒντεθραμμένον
600 689 685 731 τοῖς
723 701 765 727 τε
795 685 989 740 θύραθεν
1019 687 1090 728 καὶ
1121 691 1205 734 τοῖς
1234 685 1336 730 καθ’
1370 689 1494 744 ἡμᾶς,
1537 688 1663 735 αὐτὸς
1693 688 1718 730 ὁ
1733 685 1932 724 ΡῙῙ304Α

226 751 418 807 βασιλεὺς
453 757 503 808 τῇ
539 753 737 809 ἐκκλησίᾳ
767 754 1091 811 ἐπιδεδημηκὼς
1119 756 1191 798 καὶ
1222 756 1349 799 αὐτὸν
1379 758 1424 799 ἐν
1454 758 1580 813 ταύτῃ
1610 774 1717 814 προ-

227 821 523 876 χειρισάμενος.

347 890 468 932 Μετὰ
501 891 548 933 δέ
577 907 663 933 τινα
694 891 850 947 χρόνον
880 896 994 934 νοσεῖ
1021 893 1046 935 ὁ
1076 896 1260 948 κρατῶν,
1290 893 1362 936 καὶ
1390 895 1527 942 οὕτως
1547 895 1573 950 ἡ
1596 893 1755 941 νόσος9

170 966 217 1002 10
229 957 390 1000 ἐκείνου
428 960 672 1014 κατίσχυσεν
712 961 775 1008 ὡς
810 961 1086 1003 ἐκλελοιπέναι
1118 962 1267 1004 δοκεῖν.
1329 963 1374 1005 ἐν
1402 963 1539 1018 τούτῳ
1571 963 1616 1005 δὲ
1645 967 1719 1005 τοῦ
1734 963 1780 999 10

229 1027 439 1082 σωτηρίου
470 1031 545 1069 τοῦ
585 1033 777 1084 σωτῆρος
812 1030 937 1085 ἡμῶν
977 1031 1290 1086 ε’κτυπώματος,
1333 1033 1381 1078 ὃς
1412 1032 1456 1074 ἐν
1486 1036 1535 1087 τῇ
1566 1031 1720 1087 Χαλκῇ

229 1094 520 1150 ἀνεστήλωται,
564 1095 611 1138 τὸ
653 1097 772 1139 θεῖον
813 1099 984 1147 πέπλον,
1028 1100 1052 1140 ὃ
1087 1099 1173 1154 πρὸ
1210 1104 1282 1155 τῆς
1318 1100 1480 1147 εἰκόνος
1517 1101 1719 1156 ᾗώρηται,

228 1162 434 1217 κομισθὲν
464 1164 703 1220 ἐφηπλώθη
734 1170 784 1221 τῇ
814 1167 931 1223 κλίνῃ
964 1165 1031 1223 ἐφ’
1054 1167 1105 1223 ἧς
1135 1169 1160 1210 ὁ
1190 1169 1369 1224 κάμνων
1398 1170 1619 1218 κατέκειτο,
1650 1168 1721 1211 καὶ

230 1231 360 1273 αὐτοῦ
393 1230 440 1273 τὸ
469 1235 596 1288 σῶμα
621 1234 916 1290 περιεκάλυψε,
949 1236 1020 1278 καὶ
1051 1237 1076 1291 ἥ
1109 1241 1182 1292 τῆς
1212 1237 1340 1279 νόσου
1371 1238 1611 1293 σφοδρότης
1641 1237 1720 1279 ὑπ-

171 1309 216 1345 15
229 1299 372 1341 εδίδου
402 1300 546 1348 εὐθύς.
608 1302 633 1343 ὁ
665 1302 711 1344 δὲ
741 1303 932 1359 κεκίνητό
968 1321 1011 1346 τε
1048 1305 1119 1346 καὶ
1156 1306 1379 1348 ἀνεκάθισε
1417 1307 1488 1348 καὶ
1527 1307 1721 1362 ἒφώνησε
1740 1306 1778 1342 ll

229 1368 300 1410 καὶ
330 1370 480 1424 ᾔτησεν
510 1369 631 1425 ὕδωρ
662 1371 769 1413 κατὰ
800 1371 939 1428 χειρὸς
968 1373 1039 1415 καὶ
1075 1378 1236 1429 τροφῆς
1275 1374 1549 1429 ἀπεγεύσατο·
1593 1374 1665 1416 καὶ
1696 1375 1720 1416 ὁ

227 1436 307 1492 μὲν
338 1437 641 1494 ἀνερρώννυτο,
674 1441 700 1495 ἡ
724 1440 770 1482 δὲ
791 1441 916 1488 νόσος
939 1442 1131 1497 ὖπέληγε.
1192 1446 1276 1489 τοῖς
1298 1443 1344 1484 δὲ
1362 1443 1532 1490 πολλοῖς
1552 1443 1722 1490 ἄπιστος
1735 1443 1766 1479 Β

229 1505 283 1562 ἦν
320 1507 347 1561 ἡ
385 1506 637 1562 ἀνάρρωσις.
698 1509 764 1550 ἵνα
808 1513 911 1564 γοῦν
952 1510 1321 1566 πληροφορηθῶσι
1362 1512 1456 1567 περὶ
1494 1511 1645 1567 ταύτης
1683 1513 1725 1554 οῖ
1737 1511 1782 1547 12

230 1574 574 1630 ἀμφιβάλλοντες,
618 1577 800 1632 ἔφιππος
826 1575 914 1633 μετ’
947 1579 1086 1633 ὀλίγον
1118 1579 1263 1635 διῆλθε
1293 1579 1368 1635 τὴν
1398 1580 1572 1635 ἀγοράν.
1634 1577 1720 1622 ἀλλ’
1738 1580 1783 1616 13

169 1643 344 1688 Ξοοῦτω
373 1643 453 1699 μὲν
482 1649 555 1701 τῆς
584 1645 713 1687 νόσου
745 1646 770 1688 ὁ
801 1647 1077 1703 αὐτοκράτωρ
1109 1648 1365 1703 ἀπήλλακτο·
1409 1647 1535 1695 αὖθις
1573 1648 1618 1690 δὲ
1653 1647 1725 1690 τὸν

231 1785 254 1821 9
277 1785 358 1831 περὶ
382 1791 443 1832 τῆς
467 1788 572 1823 νόσου
598 1792 659 1824 τοῦ
682 1789 856 1835 βασιλέως
881 1789 942 1826 καί
966 1791 1064 1830 ὅπως
1088 1789 1301 1837 ἀνερρώσθη
1329 1790 1359 1828 C
1490 1790 1535 1826 19
1558 1790 1638 1836 περὶ
1663 1795 1723 1837 τῆς

232 1834 357 1880 φήμης
382 1839 443 1881 τῆς
466 1835 654 1882 γενομένης
677 1836 766 1872 κατὰ
791 1837 830 1873 τὸ
852 1838 942 1884 μέγα
967 1838 1142 1885 σάββατον
1168 1838 1198 1875 C

244 1972 246 1974 ’
306 1966 325 2001 1
353 1967 536 2012 τετίμηκεν
562 1966 631 2002 BD
727 1967 750 2003 5
774 1966 824 2014 ἓν]
850 1968 891 2004 ἐκ
918 1968 953 2003 D
1062 1969 1107 2005 10
1130 1969 1268 2005 ἐκείνου
1294 1979 1370 2006 om.
1396 1969 1426 2007 C
1525 1970 1565 2004 11
1593 1969 1631 2008 ὃς
1657 1968 1725 2005 ΑΕ

305 2015 370 2056 (cf.
385 2014 500 2061 Glye.
514 2026 551 2061 p.
565 2015 646 2059 623,
661 2015 710 2060 6),
735 2017 756 2051 δ
781 2015 938 2062 owpDi
1032 2022 1130 2063 χακῆ
1155 2017 1197 2062 Ε,
1224 2027 1326 2054 corr.
1353 2017 1415 2055 Ew
1516 2017 1559 2052 12
1581 2016 1670 2062 πρὸς
1694 2016 1724 2051 Β

306 2098 352 2134 13
377 2098 556 2135 κατέκειτο
583 2098 750 2145 prDi,
776 2078 938 2146 κατεξκειτ
955 2100 1043 2145 (sie)
1068 2100 1103 2136 A
1202 2101 1246 2137 17
1270 2101 1292 2147 ἡ
1319 2100 1370 2146 δὲ]
1398 2099 1458 2136 καὶ
1483 2100 1506 2146 ἡ
1532 2099 1562 2137 C

234 2239 360 2266 senex
388 2229 604 2266 admodum
630 2231 671 2266 in
697 2230 882 2267 morbum
909 2231 1048 2268 incidit
1073 2235 1112 2268 et
1138 2231 1320 2267 decessit.
1369 2230 1493 2268 Cuius
1518 2231 1641 2267 funus
1659 2231 1762 2271 im·8

235 2281 399 2323 perator
432 2278 658 2324 magnificis
699 2279 920 2315 honoribus
956 2283 1195 2326 prosecutus
1232 2279 1354 2315 alium
1391 2279 1432 2315 iu
1470 2278 1569 2315 solio
1607 2279 1726 2325 patri-

234 2325 395 2361 archico
423 2325 646 2370 collocavit,
673 2336 694 2362 e
721 2326 814 2362 cleri
842 2337 1009 2363 numero
1038 2327 1144 2362 illum
1172 2326 1344 2373 quidem,
1372 2326 1442 2362 sed
1470 2326 1620 2362 ordinis
1646 2326 1726 2362 dia-
1779 2341 1790 2351 ·

235 2383 442 2418 eonorum,
469 2377 507 2409 et
525 2383 651 2409 unum
670 2384 721 2410 ex
741 2375 1017 2420 patriarchicis
1036 2375 1295 2421 principibus,
1322 2385 1371 2409 ex
1396 2376 1520 2410 fratre
1539 2378 1725 2420 nepotem

236 2421 335 2465 eius,
361 2422 431 2467 qui
457 2425 541 2457 tum
568 2420 885 2458 chalcedonensi
912 2426 1100 2469 praeerat
1125 2422 1330 2466 ecelesiae,
1362 2422 1491 2457 virum
1520 2422 1559 2456 in
1586 2422 1726 2458 litteris

237 2473 321 2506 tum
349 2469 530 2516 profanis
555 2473 638 2504 tum
666 2470 791 2506 sacris
816 2470 868 2505 ab
894 2470 1060 2506 ineunte
1087 2473 1290 2505 versatum
1317 2473 1461 2514 aetate,
1497 2478 1616 2515 quem
1641 2470 1726 2515 ipse

237 2527 311 2553 rex
338 2517 378 2552 in
405 2517 577 2553 eeclesia
603 2517 837 2554 declaravit.

359 2564 576 2611 Aliquanto
604 2570 694 2612 post
719 2567 938 2612 imperator
964 2570 1075 2601 tanto
1103 2565 1242 2601 morbo
1277 2574 1505 2611 oppressus,
1543 2568 1588 2601 ut
1621 2563 1763 2602 vide-9

239 2617 351 2650 retur
382 2614 622 2660 exspirasse,
661 2618 918 2650 sacrosancto
952 2614 1053 2657 velo,
1092 2612 1201 2659 quod
1233 2618 1327 2647 anto
1353 2613 1568 2658 imaginem
1594 2622 1726 2647 serva·
1744 2615 1788 2650 10

238 2662 337 2698 toris
363 2663 489 2698 nostri
515 2662 555 2697 in
575 2661 720 2698 Chalce
738 2662 859 2698 erecti
887 2660 1046 2707 pendet,
1074 2661 1112 2696 in
1141 2660 1243 2696 lecto
1269 2660 1520 2705 aegrotantis
1545 2669 1726 2705 expanso

238 2714 279 2746 et
304 2711 392 2747 eius
417 2710 577 2756 corpori
604 2710 816 2757 applicato,
851 2708 1030 2745 nonnihil
1060 2709 1244 2754 mitigata
1269 2707 1396 2743 morbi
1424 2708 1462 2742 vi
1489 2718 1532 2743 se
1559 2709 1783 2745 commo-ll

239 2758 308 2803 vit,
340 2757 501 2802 assedit,
537 2757 695 2794 locutus
721 2762 791 2801 est,
824 2757 1058 2793 malluvium
1114 2757 1238 2799 etivit,
1273 2756 1405 2791 cibum
1432 2756 1548 2801 cepit,
1586 2754 1726 2790 morbo

241 2805 447 2852 paullatim
474 2804 697 2842 decedente
718 2804 934 2841 convaluit.
986 2804 1072 2846 Quo
1121 2813 1210 2839 cnm
1230 2802 1473 2839 multitudini
1494 2801 1727 2838 incredibile

238 2853 460 2899 videretur,
492 2857 538 2889 ut
564 2853 614 2889 de
640 2863 715 2889 sua
741 2852 974 2889 valetudine
998 2856 1211 2894 constaret,
1248 2850 1381 2897 paullo
1409 2854 1497 2896 post
1523 2859 1629 2896 equo
1656 2859 1727 2896 per
1744 2852 1787 2888 12

240 2903 372 2937 sorum
412 2902 581 2939 transiit.
632 2900 692 2937 lta
726 2911 774 2937 eo
808 2901 947 2937 morbo
982 2899 1216 2947 propulsato
1252 2897 1507 2934 nihilominus
1544 2898 1727 2934 urbanae
1744 2899 1788 2937 18
