2054 3282
0 1096 14 1149 N&

325 212 394 250 146
739 207 919 246 ZONAR.
946 205 1077 244 EPIT.
1104 204 1196 243 XIV
1220 203 1254 251 5,
1281 203 1409 242 7—21.

322 337 477 390 μένους
508 333 751 382 ἑξακοσίους
781 331 999 385 τριάκοντα
1033 329 1175 382 ἁγίους
1205 328 1388 381 πατέρας
1419 330 1503 373 τοῖς
1524 327 1650 380 ἱεροῖς
1670 326 1820 381 ἐγγρα-

289 408 312 443 8
325 408 453 459 φῆναι
475 402 683 455 διπτύχοις
703 403 854 442 πασῶν
869 402 954 440 τῶν
971 398 1213 451 ἐκκλησιῶν.
1277 395 1459 450 γαμετὴν
1476 392 1513 437 δ’
1532 396 1644 449 ἔχων
1659 395 1820 437 Λουπι-

324 473 418 513 κίαν
439 471 698 525 κεκλημένην
719 470 888 521 ἔστεψεν
910 467 1038 520 αὐτὴν
1059 466 1130 507 καὶ
1152 465 1400 519 Α’ὗγούσταν
1422 464 1712 519 ἀνηγόρευσεν,
1734 463 1821 506 Εὐ-

289 541 487 595 9φημίαν
532 537 833 592 μετονομάσας.
907 535 1042 588 τούτῳ
1091 533 1343 581 Βιταλιανός,
1388 534 1435 579 ὃς
1479 533 1715 574 ἐστασίασεν
1758 533 1824 574 ἐπὶ

329 608 605 654 Ἀναστασίου,
636 606 746 646 πάνυ
770 604 959 658 ᾠκείωτο
982 604 1052 644 καὶ
1075 602 1353 656 στρατηλάτης
1376 602 1686 656 προεχειρίσθη,
1719 601 1858 644 ἀλλὰ5

323 677 410 732 μὴν
452 676 523 717 καὶ
566 675 769 715 ὑπάτευσε
811 672 882 713 καὶ
917 673 1025 726 μέγα
1062 688 1098 712 -τι
1134 670 1250 724 παρὰ
1288 675 1349 724 τῷ
1383 670 1587 724 Ἰουστίνῳ
1625 670 1821 724 ἠδύνατο.

267 750 313 785 10
326 744 564 798 ὀρθόδοξος
602 740 638 783 δ’
673 744 735 783 ὢν
773 741 844 783 τὸν
874 741 1069 795 Σευῆρον
1108 739 1396 794 ἐκδιωχθῆναι
1433 743 1506 781 τοῦ
1546 739 1708 793 θρόνου
1752 743 1824 794 τῆς

268 818 309 852 11
328 812 568 866 Ἀντιοχείας
598 811 669 852 καὶ
700 810 971 864 ἀναιρεθῆναι
1002 810 1274 862 προσέταξεν·
1321 809 1344 849 ὃ
1378 807 1502 862 γνοὺς
1533 808 1690 854 ἐκεῖνος
1721 808 1821 850 ἀπέ-

326 881 407 935 δρα
439 881 496 926 εἷς
527 880 738 933 Αἴγυπτον
774 878 874 933 μεθ’
907 879 1062 932 ἑτέρων
1093 877 1416 932 ὁμογνωμόνων
1447 877 1518 918 καὶ
1548 877 1700 932 ταύτην
1731 877 1822 918 ἐτά-

127 955 259 992 P1159
277 950 471 1003 Αραξαν,
515 947 587 989 τὸν
625 947 719 1002 περὶ
756 947 953 1002 φθαρτοῦ
993 947 1064 988 καὶ
1101 947 1326 1001 ἀφθάρτου
1364 946 1490 1000 λόγον
1526 946 1822 1000 εἰσαγαγόντες.
1839 954 1885 989 10

268 1023 312 1058 12
325 1017 522 1071 Σευήρου
568 1016 613 1057 δὲ
653 1016 911 1070 διαδράντος,
955 1015 1131 1062 Παῦλος
1162 1015 1186 1057 ὁ
1218 1015 1443 1069 ξενοδόχος
1480 1019 1565 1057 τῶν
1596 1014 1872 1070 ΕὗβούλουΙ)
1892 1018 1950 1053 ΙΙΙ
1964 1018 2034 1054 267

328 1084 569 1138 Ἀντιοχείας
599 1085 895 1138 προεχειρίσθη
929 1084 1175 1130 ἐπίσκοπος·
1209 1084 1280 1125 καὶ
1310 1084 1467 1129 πάντας
1493 1084 1538 1125 δὲ
1558 1083 1655 1130 τοὺς
1676 1083 1824 1126 ἄδικον

324 1153 553 1207 ὑπερορίαν
588 1153 848 1199 ὑποστάντας
883 1152 950 1193 ἐπὶ
982 1152 1246 1193 Ἀναστασίου
1279 1152 1302 1193 ὁ
1337 1151 1551 1198 Ἰουστῖνος
1579 1152 1823 1207 κατήγαγεν.

267 1231 312 1265 13
446 1221 514 1262 Ἐν
544 1225 629 1267 τοῖς
658 1221 807 1263 τούτου
839 1221 1007 1275 χρόνοις
1038 1220 1168 1275 ἀστὴρ
1202 1221 1335 1275 ἐφάνη
1369 1221 1558 1275 κομήτης
1587 1221 1631 1262 ἐν
1650 1224 1701 1275 τῇ
1722 1221 1823 1263 ἀνα-

127 1301 172 1337 W
187 1300 242 1335 III
265 1300 312 1336 49
325 1291 437 1346 τολῇ,
468 1291 585 1332 κάτω
618 1289 690 1336 τὰς
712 1290 880 1336 ἀκτῖνας
900 1290 1045 1344 ἀφιείς,
1078 1291 1127 1331 ὃν
1147 1290 1377 1344 πωγωνίαν
1399 1290 1439 1331 οἱ
1457 1290 1823 1344 μετεωρολογοῦν-
1839 1296 1884 1331 15

269 1369 314 1404 14
325 1361 390 1406 τές
411 1371 532 1414 φασι·
564 1359 636 1400 καὶ
657 1359 681 1400 ὁ
703 1359 948 1405 Βιταλιανὸς
979 1359 1277 1414 ἐδολοφονήθη
1309 1358 1426 1413 παρὰ
1457 1362 1543 1400 τῶν
1564 1358 1823 1413 Βυζαντίων,

324 1429 575 1484 μηνιώντων
606 1428 723 1482 αὐτῷ
755 1428 816 1474 ὡς
838 1427 1019 1473 πολλοὺς
1040 1427 1234 1481 ἀνελόντι,
1267 1427 1334 1468 ὅτε
1355 1427 1555 1482 ἐπανέστη
1578 1426 1685 1468 κατὰ
1708 1426 1824 1469 Ἀνα-

326 1570 350 1606 4
376 1570 436 1606 καὶ
460 1570 540 1615 περὶ
565 1570 777 1606 Βιταλιανοῦ
805 1569 834 1606 C
933 1570 975 1605 11
1001 1570 1081 1615 περὶ
1107 1574 1168 1606 τοῦ
1194 1570 1388 1616 δυσσεβοῦς
1405 1569 1572 1616 Σεβήρου
1590 1570 1650 1607 καὶ
1672 1575 1732 1606 τοῦ
1750 1569 1826 1616 μετ’

328 1618 435 1654 αὐτὸν
460 1618 792 1663 ἀρχιερατεύσαντος
818 1618 965 1653 Παύλου
992 1617 1021 1654 C

400 1750 422 1785 2
447 1750 598 1795 γαμέτην
626 1750 658 1785 Ε
783 1750 971 1786 λουπικίαν
999 1748 1157 1796 prDi
1189 1750 1241 1794 (v.
1269 1750 1420 1786 Theod.
1447 1749 1558 1786 Lect.
1585 1750 1623 1785 II
1648 1750 1721 1794 37),
1747 1750 1829 1785 λου-

399 1799 482 1833 πιάν
508 1798 543 1833 Α
700 1798 723 1833 3
748 1798 980 1843 ἀνηγόρευσεν
1006 1798 1200 1843 αὐγούσταν
1226 1798 1328 1844 pr
1480 1799 1504 1833 4
1528 1798 1772 1843 κατονομάσας
1798 1797 1830 1832 Ε

401 1846 423 1881 6
449 1860 478 1880 τι
507 1856 582 1881 om.
611 1845 708 1892 pr
807 1847 828 1882 7
854 1844 1143 1891 ὀρθοδοῇξότατος
1170 1846 1218 1891 D,
1245 1856 1345 1881 corr.
1373 1846 1441 1884 Dw
1545 1847 1696 1892 σεβῆρον
1722 1846 1765 1891 Ε,
1791 1856 1830 1880 V.

401 1904 460 1930 vs.
487 1894 531 1928 11
689 1895 711 1929 9
738 1894 883 1938 ἐτάραξε
909 1893 956 1938 D,
984 1904 1084 1929 corr.
1112 1893 1180 1932 Dw
1340 1894 1383 1928 11
1410 1895 1563 1941 σεβήρου
1590 1894 1632 1939 Ε,
1659 1905 1696 1929 v.
1724 1904 1782 1929 vs.
1809 1893 1830 1928 7

449 1941 632 1988 εὖβούλων
658 1941 700 1986 E,
726 1942 874 1976 εὐούλου
900 1941 948 1986 D,
976 1952 1077 1977 corr.
1104 1941 1175 1980 Dw
1275 1942 1320 1977 13
1346 1943 1367 1976 ὁ
1391 1953 1465 1978 om.
1490 1943 1522 1977 Ε
1620 1942 1666 1977 14
1689 1943 1831 1987 χρόνοις

402 1990 524 2025 τούτου
551 1989 581 2025 C
694 1990 842 2035 κομίτης
869 1989 916 2034 D,
944 2000 1046 2025 corr.
1074 1989 1142 2028 Dw
1254 1990 1297 2025 17
1322 1992 1521 2035 μηνιόντων
1547 1990 1683 2036 DEwp
1781 1989 1830 2024 ὅτ’

403 2035 560 2083 prDz·

330 2169 372 2205 id
389 2169 667 2214 instituissent,
693 2169 735 2204 in
754 2169 903 2205 sanctis
929 2169 1093 2205 inscribi
1120 2169 1322 2216 diptychis
1353 2170 1531 2206 omnium
1558 2170 1831 2206 ecclesiarum.

295 2216 542 2262 8Lupiciam
581 2227 764 2262 uxorem,
805 2218 968 2253 nomine
1011 2220 1165 2253 mutato
1204 2219 1244 2253 in
1285 2218 1559 2264 Euphemiam,
1603 2218 1832 2254 diademate

295 2265 318 2300 9
333 2265 493 2300 ornavit
520 2267 558 2299 et
575 2264 804 2311 Augustam
830 2266 1062 2311 appellavit.
1112 2265 1218 2301 Huic
1235 2265 1472 2310 Vitalianus,
1499 2267 1569 2311 qui
1593 2266 1832 2302 seditionem

332 2313 408 2348 sub
433 2312 649 2348 Anastasio
677 2313 840 2357 fecerat,
879 2316 966 2349 erat
1000 2314 1333 2349 familiarissimus
1369 2317 1408 2349 et
1439 2315 1633 2360 magister
1662 2314 1831 2349 militum

333 2363 494 2396 creatus
528 2363 651 2406 atque
685 2361 858 2407 adeptus
893 2361 1146 2396 consulatum
1180 2361 1348 2396 multum
1380 2362 1491 2407 apud
1516 2362 1714 2397 Iustinum
1748 2364 1831 2407 pot-

274 2408 320 2443 10
333 2411 430 2444 erat.
482 2407 664 2453 Cumque
691 2409 942 2444 orthodoxus
969 2412 1085 2454 esset,
1113 2408 1309 2445 Severum
1336 2410 1483 2455 expelli
1510 2420 1561 2444 ex
1582 2409 1678 2445 sede
1694 2407 1832 2445 Antio-

274 2456 317 2490 11
333 2455 470 2491 chensi
497 2459 536 2491 et
561 2457 642 2491 tolli
671 2457 803 2501 iussit3
830 2467 910 2502 quo
938 2458 1102 2503 cognito
1130 2457 1194 2492 ille
1221 2467 1310 2492 cum
1339 2458 1438 2501 aliis,
1465 2458 1534 2502 qui
1554 2457 1696 2492 eadem
1717 2461 1832 2492 erant

333 2503 424 2548 fide,
450 2504 551 2549 fuga
577 2505 617 2539 in
641 2503 875 2550 Aegyptum
902 2505 1064 2550 elapsus
1089 2505 1209 2540 etiam
1236 2505 1343 2540 illam
1372 2505 1645 2550 disputatione
1672 2505 1722 2540 de
1748 2515 1831 2540 cor-

277 2551 320 2586 12
334 2551 514 2596 ruptibili
548 2555 587 2587 et
621 2552 918 2598 incorruptibili
952 2552 1185 2587 introducta
1223 2553 1505 2588 turbaverunt.
1555 2552 1651 2588 Post
1689 2553 1830 2598 fugam

335 2602 470 2634 autem
488 2597 629 2634 Severi
646 2599 810 2644 Paulus,
829 2600 1074 2636 xenodochii
1093 2600 1310 2636 Eubuliani
1328 2601 1569 2645 praefectus,
1591 2599 1831 2636 Antiochiae

336 2650 495 2682 creatus
527 2650 588 2682 est
620 2648 853 2693 episcopus3
891 2650 931 2683 et
963 2649 1197 2693 quicunque
1229 2648 1304 2683 sub
1331 2646 1547 2684 Anastasio
1582 2649 1745 2683 exilium
1772 2649 1831 2684 in·

335 2694 483 2728 iustum
510 2695 730 2735 subierant,
756 2695 934 2730 Iustinus
959 2696 1180 2731 revocavit.

278 2741 323 2776 13
453 2741 584 2777 Huius
602 2743 851 2788 temporibus
864 2743 976 2779 visus
990 2745 1051 2779 est
1064 2746 1240 2778 cometes
1257 2743 1299 2777 in
1315 2742 1488 2788 Oriente,
1503 2744 1626 2779 radiis
1642 2744 1830 2780 deorsum

278 2789 323 2823 14
336 2790 612 2834 vergentibus,
653 2800 772 2835 quem
811 2792 1035 2836 pogonium
1071 2791 1375 2837 meteorologiei
1413 2795 1578 2837 vocant;
1618 2796 1831 2838 praeterea

335 2835 559 2872 Vitalianus
590 2838 743 2873 insidiis
774 2843 944 2874 necatus
976 2841 1036 2874 est
1061 2849 1086 2873 a
1110 2838 1346 2884 Byzantinis
1377 2840 1500 2884 iratiS‚
1543 2840 1653 2885 quod
1683 2841 1831 2876 multos

279 2884 322 2919 15
336 2884 571 2930 sustulisset,
611 2895 701 2921 cum
742 2890 884 2922 contra
921 2885 1179 2922 Anastasium
1218 2888 1524 2924 exsui-rexisset.
1581 2888 1658 2923 Alii
1695 2893 1829 2924 autem
