2054 3282
397 223 467 263 222
802 224 983 264 ZONAR.
1013 223 1141 261 EPIT.
1169 222 1260 261 XIV
1286 226 1342 271 20,
1369 222 1498 263 2-16,

399 365 567 395 σταντος
598 350 724 390 υἱέων
754 349 1034 403 πρεσβύτερος
1067 348 1090 388 ὁ
1122 347 1397 401 ΙΙωγωνάτος
1429 349 1609 404 κληθείς,
1654 351 1701 396 ὃς
1732 350 1802 392 καὶ
1832 355 1894 406 τῷ

397 422 470 472 τῆς
489 418 697 472 βασιλείας
717 417 955 471 κεκόσμητο
978 416 1212 470 διαδήματι,
1247 417 1439 470 στεφθεὶς
1469 418 1585 471 παρὰ
1617 423 1690 460 τοῦ
1721 420 1892 474 πατρός,

397 486 499 540 μετὰ
523 486 670 527 στόλου
692 485 876 539 μεγάλου
899 485 971 539 τὴν
992 484 1186 525 Σικελίαν
1207 486 1408 539 κατέλαβε
1437 486 1506 527 καὶ
1538 486 1608 527 τόν
1638 503 1680 528 τε
1702 487 1894 536 Μιζίζιον

398 554 709 608 χειρωσάμενος
741 554 871 594 ἀνεῖλε
902 553 974 594 καὶ
1001 552 1097 598 τοὺς
1117 552 1188 593 τὸν
1210 553 1344 607 φόνον
1364 556 1757 607 κατεργασαμένους
1778 556 1895 610 αὐτῷ

397 627 470 664 τοῦ
502 621 660 675 πατρὸς
691 622 762 662 καὶ
791 621 900 674 πρὸς
930 625 1014 667 τοῖς
1035 621 1173 666 ἄλλοις
1194 621 1264 662 καὶ
1285 621 1356 663 τὸν
1378 623 1594 677 πατρίκιον
1610 623 1896 665 Ἰουστινιανόν
1909 632 1931 667 5

362 691 468 732 3τὸν
496 692 653 743 πατέρα
678 689 899 743 Γερμανοῦ
932 694 1004 730 τοῦ
1035 689 1313 743 πατριάρχου·
1347 691 1473 732 αὐτὸν
1506 691 1551 732 δὲ
1581 691 1652 732 τὸν
1677 691 1717 731 Γ
1712 691 1896 746 ερμανόν

399 760 594 813 ἐκτομίαν
615 759 818 812 ἐποίησεν,
852 758 933 812 ἤδη
956 758 1233 812 παρηβηκότα
1256 758 1327 799 καὶ
1355 759 1672 814 ὑπερβεβηκότα
1703 759 1777 814 τὴν
1809 761 1894 814 ἡλι-

362 828 505 880 4κίαν,
550 824 652 868 καθ’
687 829 738 880 ἣν
770 827 1084 880 ε’ὒνουχίζεσθαι
1116 826 1421 881 δεδοκίμασται.
1483 828 1729 882 λειοπώγων
1761 826 1798 870 δ’
1832 830 1895 871 ὢν

355 900 383 936 C
399 896 457 937 ὅτ’
491 896 759 950 ἀπεδήμησεν
797 893 919 941 οὗτος
950 895 974 936 ὁ
1005 895 1208 949 βασιλεύς,
1253 895 1490 950 ἐκδικήσων
1533 896 1604 938 τὸν
1647 897 1782 951 φόνον
1823 897 1895 939 τὸν

397 969 470 1006 τοῦ
513 964 685 1018 πατρός,
730 964 983 1017 καθειμένον
1026 965 1138 1018 ἔχων
1177 964 1356 1018 ἐπανῆγε
1394 964 1465 1006 τὸν
1495 966 1703 1019 πώγωνα·
1749 966 1814 1008 διὸ
1851 967 1896 1014 ἐξ
1911 974 1956 1009 10

399 1033 558 1073 ἐκείνου
589 1031 867 1085 Πωγωνάτος
896 1031 1012 1086 παρὰ
1044 1035 1128 1073 τῶν
1158 1033 1339 1074 πολιτῶν
1371 1033 1630 1088 ἐπεκέκλητο.

363 1106 385 1141 5
524 1100 576 1142 Οἱ
608 1100 652 1142 δὲ
683 1104 756 1141 τοῦ
788 1100 974 1154 θέματος
1003 1103 1089 1142 τῶν
1121 1100 1378 1142 ἀνατολικῶν
1409 1102 1465 1148 εἷς
1495 1101 1767 1156 Χρυσόπολιν
1797 1104 1893 1158 ἀφι-
1910 1110 1944 1145 Ι)
1964 1111 2054 1148 1113

398 1170 570 1224 κόμενοι
602 1169 741 1224 ἐβόων
773 1169 857 1210 δεῖν
887 1169 958 1210 καὶ
989 1169 1086 1215 τοὺς
1117 1169 1287 1215 λοιποὺς
1319 1169 1396 1211 δύο
1421 1171 1651 1224 συγγόνους
1671 1175 1744 1213 τοῦ
1767 1173 1893 1214 Κων-

399 1239 610 1280 σταντίνου
633 1238 877 1292 στεφθῆναι,
909 1238 1094 1291 λέγοντες
1116 1238 1176 1279 ὅτι
1196 1238 1371 1292 ς’ὥσπερ
1393 1239 1450 1284 εἷς
1470 1239 1616 1292 τριάδα
1637 1241 1894 1295 πιστεύομεν,

363 1313 385 1348 6
399 1309 536 1354 οὕτως
566 1307 638 1348 καὶ
667 1306 783 1361 παρὰ
804 1310 889 1348 τῶν
910 1310 1037 1360 τριῶν
1058 1307 1170 1360 ἡμᾶς
1190 1306 1329 1360 χρεὼν
1350 1307 1687 1360 βασιλεύεσθαι.”
1748 1309 1772 1350 ὁ
1794 1313 1895 1363 γοῦν
1910 1318 1955 1352 15

397 1376 715 1422 Κωνσταντῖνος
746 1376 902 1422 στείλας
932 1375 1040 1429 πρὸς
1071 1375 1223 1421 αὐτοὺς
1252 1375 1441 1430 πληροῦν
1471 1376 1545 1430 τὴν
1576 1377 1731 1431 αἴτησιν
1755 1378 1895 1419 αὐτῶν

399 1445 668 1500 ἐπηγγέλλετο
699 1444 770 1486 καὶ
800 1443 897 1490 τοὺς
926 1448 1000 1485 τοῦ
1031 1444 1136 1485 λαοῦ
1167 1444 1506 1498 προεξάρχοντας
1535 1446 1805 1499 μετεκαλεῖτο,
1844 1443 1892 1487 ἵν’

363 1519 385 1554 ’7
399 1514 541 1555 αὐτῶν
573 1514 753 1555 ἐνώπιον
783 1514 808 1568 ἡ
841 1516 927 1554 τῶν
958 1513 1086 1553 αὐτοῦ
1119 1513 1316 1566 ἀδελφῶν
1344 1513 1571 1567 ἀνάρρησις
1593 1515 1766 1568 γένηται.
1829 1514 1893 1555 ἐλ-

397 1582 554 1628 θόντας
586 1579 623 1623 δ’
656 1583 713 1627 εἰς
743 1581 790 1623 τὸ
821 1581 1052 1630 Βυζάντιον
1088 1581 1243 1622 ἀνεῖλεν
1280 1581 1342 1627 ὡς
1379 1582 1618 1628 στασιώδεις
1655 1582 1824 1629 αὐτούς·
1869 1584 1893 1624 ὃ

398 1713 421 1749 8
445 1713 529 1748 ὅθεν
552 1712 689 1759 ἐκλήθη
715 1711 942 1757 Πωγωνάτος
969 1712 1000 1746 Ε

472 1833 490 1867 1
518 1836 609 1879 post
635 1833 740 1868 υἱέων
767 1832 857 1867 add.
886 1833 906 1867 ό
927 1831 1024 1878 Bwp
1186 1831 1433 1879 πρεσβύτερος]
1461 1832 1523 1868 De
1550 1835 1826 1879 comparativo
1854 1845 1891 1870 v.

471 1881 523 1916 ad
549 1881 646 1916 XIII
672 1881 706 1923 3,
732 1882 754 1916 6
850 1881 1066 1925 πωγωνάτος
1092 1879 1173 1925 AR,
1199 1881 1381 1925 πωγνάτος
1407 1881 1477 1924 W*,
1503 1882 1819 1918 ΠΩΓΟΝΑΤΟΣ
1843 1882 1890 1928 p²Ie

469 1930 492 1964 3
509 1931 658 1974 μιξίζιον
674 1929 709 1963 D
806 1928 829 1962 4
846 1928 942 1973 αὐτῷ
958 1927 1038 1971 AR,
1059 1929 1164 1963 αὐτοῦ
1182 1928 1278 1973 αὐτῷ
1298 1928 1364 1972 w*‚
1384 1929 1490 1963 αὐτοῦ
1506 1929 1552 1974 p*
1650 1930 1671 1964 6
1689 1930 1728 1965 δὲ»
1745 1930 1890 1975 AEwp,

470 1977 505 2012 τὲ
532 1977 563 2013 O
682 1977 704 2011 9
729 1976 787 2011 τὸν
813 1976 984 2011 alterum
1015 1987 1089 2010 om.
1119 1975 1154 2010 D
1278 1977 1323 2010 10
1348 1977 1440 2021 ἔχων
1465 1977 1614 2022 ἐπανῆγε
1640 1976 1674 2012 Α
1702 1978 1891 2022 (ἐπανῆλθε

471 2025 517 2061 G.
544 2025 592 2060 M.
621 2036 657 2070 p.
684 2025 765 2069 605,
792 2025 825 2068 4,
852 2023 1058 2059 ἐπανελθὼν
1084 2023 1127 2058 L.
1155 2023 1201 2059 G.
1229 2035 1265 2069 p.
1295 2024 1372 2068 159,
1399 2024 1466 2068 13),
1493 2026 1586 2069 ἔχων
1609 2026 1762 2070 ἐπανῆκε
1789 2025 1890 2069 RDi,

471 2073 564 2118 εἶχεν
584 2073 774 2118 ἐπανήκων
790 2071 876 2118 W*p
976 2073 1020 2106 15
1038 2073 1150 2111 οὕτως
1168 2071 1248 2114 ΑΟ,
1272 2073 1365 2106 οὕτω
1385 2072 1550 2117 EwpDi‚
1570 2084 1606 2107 V.
1623 2073 1674 2108 ad
1689 2073 1783 2108 XIII
1798 2074 1830 2117 6,
1848 2074 1891 2108 16

518 2122 611 2166 ἡμᾶς
635 2120 754 2166 χρεὼν
780 2120 862 2165 AR,
888 2121 987 2165 ἡμεῖς
1012 2120 1129 2165 χρεὼν
1153 2120 1199 2164 D,
1226 2119 1343 2164 χρεὼν
1371 2120 1462 2165 ἡμᾶς
1490 2121 1585 2166 Ewp
1721 2121 1764 2156 17
1789 2121 1891 2166 ἐπηγ-

469 2171 618 2253 Ξὲέέἴτιὲ
629 2169 658 2204 C
777 2169 821 2204 18
846 2168 962 2204 αὐτῶν
987 2167 1155 2214 prDz',
1182 2167 1285 2203 αὐτὸν
1311 2168 1346 2201 Α
1461 2168 1505 2203 19
1531 2169 1579 2207 ὡς
1606 2169 1810 2208 στασιώδεις
1834 2170 1891 2204 ἀν-

397 2348 538 2374 necem
551 2338 769 2382 ulciscitur,
797 2347 887 2372 cum
914 2337 1002 2372 aliis
1016 2339 1100 2371 tum
1129 2337 1295 2382 patricio
1310 2336 1545 2381 Iustiniano,
1572 2339 1686 2382 patre
1701 2335 1892 2372 Germani

361 2386 384 2421 3
398 2386 665 2432 patriarchae,
683 2386 914 2429 interfect03
941 2385 1012 2420 sed
1027 2385 1156 2429 ipsum
1172 2383 1417 2419 Germanum
1432 2386 1510 2420 iam
1523 2385 1748 2430 pubertatis
1762 2395 1891 2419 annos

398 2437 438 2470 et
463 2444 552 2469 eam
579 2437 763 2478 aetatem,
798 2443 879 2479 qua
906 2433 1074 2468 castrari
1100 2432 1238 2475 solent,
1279 2442 1485 2477 egressum
1514 2432 1744 2467 eunuchum
1781 2433 1889 2467 facit.

360 2481 501 2524 4Quia
527 2492 626 2517 vero
652 2483 716 2517 hic
741 2491 815 2516 rex
842 2480 894 2516 ad
920 2491 1060 2516 necem
1086 2480 1212 2525 patris
1232 2480 1503 2515 ulciscendam
1518 2481 1724 2525 profectus
1750 2482 1890 2515 tenera

397 2530 530 2565 adhuc
556 2530 751 2575 lanugine
777 2530 911 2564 fuerat
937 2528 1008 2564 sed
1022 2528 1218 2573 promissa
1232 2527 1360 2562 barba
1374 2528 1560 2571 redierat,
1589 2527 1663 2562 hac
1689 2527 1739 2562 de
1766 2538 1890 2563 causa

396 2577 598 2623 Pogonati
625 2587 852 2623 cognomen
877 2576 972 2611 inde
999 2576 1155 2620 accepit
1181 2585 1204 2610 a
1232 2575 1399 2610 civibus.

361 2625 383 2659 5
518 2625 705 2661 Ceterum
732 2625 801 2670 qui
828 2634 878 2659 ex
898 2623 1161 2660 Orientalium
1179 2623 1353 2658 themate
1369 2626 1484 2658 erant
1500 2622 1776 2668 Chrysopolim
1803 2633 1890 2668 pro-

398 2673 492 2708 fecti
519 2673 853 2709 vociferabantur
880 2672 982 2707 duos
1015 2673 1170 2706 ceteros
1198 2669 1447 2706 Constantini
1485 2671 1630 2705 fratres
1663 2670 1890 2706 diademate

398 2730 485 2755 esse
513 2720 727 2764 ornandos,
755 2720 956 2755 dicentes:
982 2717 1124 2754 “Sicut
1149 2719 1190 2753 in
1216 2719 1434 2753 trinitatem
1450 2718 1660 2763 credimus,
1686 2719 1742 2753 ita
1770 2719 1890 2753 etiam

361 2768 527 2803 titi-ibus
541 2769 708 2814 regibus
733 2778 806 2803 nos
834 2777 978 2813 parere
993 2776 1168 2811 aequum
1195 2765 1295 2801 est'’.
1347 2765 1633 2801 Constantinus
1648 2775 1744 2800 vero
1761 2766 1890 2800 missis

399 2816 542 2860 legatis
569 2825 612 2851 se
638 2815 849 2861 postulatis
876 2825 1016 2850 eorum
1043 2823 1224 2849 annuere
1256 2813 1467 2858 pollicitus,
1507 2814 1644 2859 populi
1687 2813 1889 2858 principes

363 2863 619 2907 Tarcessivit,
645 2867 690 2898 ut
709 2873 844 2898 coram
870 2863 944 2897 illis
970 2864 1140 2897 fratrum
1158 2862 1420 2907 proclamatio
1446 2862 1570 2896 ficret.
1621 2859 1701 2896 Sed
1727 2871 1796 2895 eos
1814 2860 1889 2905 By-

398 2911 574 2946 zantium
602 2911 805 2956 profectos
843 2920 916 2958 pro
942 2909 1151 2946 'seditiosis
1188 2909 1405 2955 interfecit3
1446 2919 1525 2955 quo
1565 2908 1686 2944 ceteri
1725 2908 1887 2955 cognito
