2054 3282
359 235 430 271 602
740 235 920 273 ZONAR.
948 235 1078 270 EPIT.
1105 235 1217 271 XVII
1243 234 1299 279 17,
1326 233 1478 271 25—39.

362 357 409 398 δέ
439 373 512 398 τισι
542 361 616 398 τοῦ
637 356 805 410 ’Ἀαρὼν
831 356 1110 410 ἀνεμίμνησκε
1141 356 1215 397 καί
1242 354 1393 410 “ἇρα”
1424 357 1559 411 ἔλεγεν
1589 357 1661 398 “εἴ
1683 373 1741 404 τις
1770 360 1856 399 τῶν

361 426 521 467 ἐκείνου
561 426 726 466 παίδων
762 429 915 478 παρῆν,
960 424 1104 472 ἔδοξεν
1135 425 1187 465 ἂν
1218 425 1315 478 ὑμῖν
1346 425 1403 471 εἷς
1432 424 1507 479 τὴν
1538 426 1691 472 ἔθνους
1721 426 1857 480 ἀρχὴν

302 497 349 532 26
360 493 659 548 προτιμότερος
688 497 762 534 τοῦ
794 492 929 533 νόθου
962 493 986 533 ὁ
1018 493 1184 547 γνήσιος
1196 493 1248 543 ,·”
1286 493 1348 540 ὡς
1380 492 1424 535 δὲ
1455 494 1605 540 πάντες
1634 494 1857 549 πεποίηντο

363 563 414 604 δι’
437 563 563 616 εὐχῆς
593 561 639 602 τὸ
671 561 754 602 ὑπὸ
787 561 956 615 γνησίου
988 560 1139 607 παιδὸς
1170 562 1374 616 ἄρχεσθαι
1405 566 1478 603 τοῦ
1500 562 1668 616 Ἀαρὼν
1692 562 1762 604 καὶ
1782 562 1857 617 τὴν

361 631 570 685 βασιλείαν
592 628 715 675 αὗθις
737 630 793 675 εἰς
815 629 1107 683 ἀναμφίβολον
1127 634 1364 685 περιστῆναι
1386 631 1519 684 ἄνδρα
1548 631 1620 672 καὶ
1649 636 1711 686 τῷ
1730 631 1892 673 πάλαι5

360 698 557 753 βασιλείῳ
580 699 684 752 γένει
705 699 973 752 προσήκοντα
995 699 1217 752 καθαρῶς,
1250 699 1426 740 πιστεύει
1445 699 1519 740 τινὶ
1539 699 1585 741 τὸ
1617 699 1857 755 ἀπόρρητον

247 770 284 805 D
303 771 348 806 27
362 771 446 808 τῶν
475 767 635 821 μᾶλλον
667 767 839 808 εἰδότων
870 766 916 808 τὸ
949 767 1067 820 γένος
1087 771 1161 808 τοῦ
1181 767 1361 821 Ἀαρών.
1425 768 1448 809 ὁ
1472 768 1517 810 δὲ
1544 769 1857 823 περιεργότερον

362 835 479 889 αὐτῷ
510 835 753 889 ἅνιχνεύσας
783 833 830 875 τὸ
863 834 972 881 εἶδος
1002 839 1087 881 τοῖς
1118 835 1371 889 ὀφθαλμοῖς,
1405 835 1488 877 εἶτα
1519 837 1594 878 καί
1620 853 1655 878 τι
1686 841 1858 892 σημεῖον

303 908 350 943 28
362 902 486 949 εἰδὼς
516 902 678 957 προσὸν
709 903 826 957 αὐτῷ
857 904 1160 958 ἅναμφίβολον,
1197 904 1268 945 καὶ
1298 908 1419 946 τοῦτο
1451 905 1550 946 ἰδεῖν
1581 906 1749 947 ἀπαιτεῖ.
1809 905 1856 948 τὸ

364 969 400 1012 δ’
434 971 486 1026 ἦν
525 971 619 1026 περὶ
656 970 727 1012 τὸν
765 971 900 1020 δεξιὸν
932 972 1105 1026 ἀγκῶνα
1137 973 1293 1027 χρῶμά
1324 989 1358 1014 τι
1388 974 1519 1027 μέλαν
1550 973 1621 1015 καὶ
1651 973 1751 1028 θρὶξ
1782 974 1856 1015 δα-
1873 975 1917 1010 10

303 1045 349 1080 29
362 1043 450 1081 σεῖα
487 1040 582 1094 περὶ
620 1040 734 1082 αὐτό.
796 1040 901 1082 ἰδὼν
939 1039 1015 1082 οὗν
1051 1040 1122 1082 καὶ
1161 1045 1282 1083 τοῦτο
1313 1041 1384 1082 καὶ
1416 1042 1553 1084 οὐκέτι
1583 1043 1695 1097 ἔχων
1726 1043 1857 1084 ἐνδοι-

363 1112 501 1155 αστῶς
543 1109 789 1164 καταβάλλει
830 1108 909 1163 μὲν
952 1109 1099 1151 ἑαυτὸν
1137 1110 1316 1152 ἐνώπιον
1352 1114 1426 1152 τοῦ
1464 1110 1620 1165 ἀνδρὸς
1656 1110 1728 1152 καὶ
1764 1110 1860 1158 τοὺς

304 1183 351 1218 30
362 1177 499 1224 πόδας
535 1179 665 1220 αὑτοῦ
701 1178 1024 1232 περιπτύσσεται.
1088 1178 1271 1220 διδάσκει
1304 1178 1349 1220 δὲ
1379 1178 1451 1220 καὶ
1480 1178 1577 1226 τοὺς
1608 1179 1758 1226 ἄλλους
1787 1178 1860 1221 τὸν

303 1252 348 1287 31
364 1246 411 1288 ἒκ
447 1250 522 1288 τοῦ
561 1247 770 1301 βασιλείου
810 1247 956 1300 γένους
992 1248 1131 1293 αὐτοῖς
1163 1247 1432 1301 ἀφικόμενον.
1494 1247 1565 1289 καὶ
1602 1247 1748 1290 πολλοὶ
1784 1251 1858 1290 τοῦ

363 1315 604 1370 ἀμφιβόλου
627 1316 933 1369 ἀπορραγέντες
953 1321 1014 1370 τῷ
1046 1316 1202 1370 γνησίῳ
1233 1317 1504 1370 προσέθεντο,
1536 1316 1607 1357 καὶ
1636 1317 1859 1371 μεμέριστο
1874 1316 1918 1352 15

363 1385 388 1437 ἡ
422 1384 551 1438 ἀρχή·
584 1384 647 1430 ὡς
679 1384 716 1425 δ’
745 1384 796 1425 οὗ
826 1384 995 1430 πάντως
1026 1389 1098 1438 τῆς
1128 1385 1335 1439 βασιλείας
1367 1385 1494 1440 αὐτῆς
1525 1386 1794 1440 στησομένης,
1826 1386 1865 1427 εἴ

362 1451 472 1506 πρὸς
523 1452 726 1507 ἀλλήλους
773 1453 812 1494 οἱ
858 1453 1036 1508 ἀρχηγοὶ
1085 1453 1361 1507 διαφέροιντο,
1413 1457 1740 1508 κοινοπραγοῦσι
1789 1453 1860 1495 καὶ

436 1616 452 1649 1
483 1615 552 1659 ἄρα
577 1614 613 1649 D
712 1615 734 1649 2
761 1617 851 1659 post
869 1614 931 1660 τὴν
950 1615 1042 1649 add.
1060 1620 1119 1650 τοῦ
1139 1615 1236 1659 pr
1335 1614 1357 1650 5
1383 1615 1569 1660 ἡγεμονίαν
1595 1613 1658 1650 BC
1755 1614 1860 1654 αὖθις

434 1662 551 1698 αὐτῶν
577 1662 685 1708 Bwp,
712 1662 818 1700 αὖθις
845 1663 991 1697 omisso
1017 1663 1134 1697 αὐτῶν
1159 1661 1241 1705 AR,
1267 1662 1383 1698 αὐτῶν
1410 1663 1554 1698 omisso
1582 1662 1687 1710 αὖθις
1714 1661 1742 1698 C

435 1711 457 1746 7
483 1710 521 1745 τὸ
545 1711 642 1756 γένος
668 1709 836 1754 prDi,
864 1715 924 1745 τοῦ
949 1710 1069 1754 γένους
1095 1709 1131 1745 Α
1237 1710 1516 1755 περιεργώτερον
1541 1710 1572 1744 Β
1677 1710 1700 1745 8
1724 1724 1755 1745 τι
1782 1721 1858 1745 om.

435 1758 506 1793 DE
603 1758 625 1793 9
649 1757 779 1803 προςὸν
804 1756 972 1803 prDi,
998 1757 1085 1802 πρὸς
1111 1758 1151 1792 ὃν
1176 1756 1211 1792 Α
1310 1758 1355 1792 10
1379 1758 1508 1803 χρῶμά
1533 1772 1562 1792 τι
1589 1759 1732 1802 (χρῶμα
1756 1772 1786 1792 τι
1813 1757 1858 1802 C)

434 1806 542 1850 μέλαν
557 1805 637 1850 περὶ
654 1820 681 1840 τ.
700 1805 846 1850 ἀγκῶνα
864 1819 892 1840 τ.
912 1805 1028 1847 δεξιὸν
1046 1805 1109 1841 BC
1205 1806 1335 1851 χρῶμά
1353 1805 1394 1850 τι]
1413 1806 1574 1850 χρώματι
1593 1805 1629 1840 D
1728 1805 1770 1840 11
1797 1805 1858 1841 καὶ

435 1858 536 1889 τοῦτο
560 1854 655 1898 ἔχων
682 1854 836 1889 omissis
861 1853 921 1888 καὶ
946 1853 1063 1888 οὐκέτι
1091 1853 1130 1897 C,
1158 1852 1196 1888 δὲ
1222 1859 1332 1896 τοῦτο,
1360 1853 1420 1888 καὶ
1445 1853 1562 1889 οὐκέτι
1588 1854 1682 1898 ἔχων
1708 1852 1770 1891 Cw

482 1901 688 1940 ἐνδοιαστῶς
717 1899 900 1946 OswpDi‚
939 1901 1150 1939 ε’νδοιάστως
1177 1901 1217 1945 Ε,
1256 1901 1508 1940 ἀνενδοιαστῶς
1534 1900 1570 1936 Α
1608 1901 1766 1943 (eadem
1797 1911 1858 1935 ra·

435 1949 546 1984 tione
572 1950 677 1984 inter
703 1959 746 1984 se
772 1949 833 1983 bis
861 1952 1143 1994 permutantur
1168 1949 1359 1989 ἐνδοιάζειν
1386 1952 1425 1984 et
1450 1949 1683 1990 ἂνενδοιάζειν
1706 1949 1745 1983 in
1767 1947 1857 1984 Cra-

436 1998 535 2032 meri
555 1996 696 2032 anecd.
715 1996 844 2032 Oxon.
872 1997 948 2031 vol.
971 1996 1007 2031 II
1026 2008 1062 2042 p.
1077 1996 1158 2039 341,
1174 1997 1205 2032 7.
1224 1996 1280 2038 11)
1358 1997 1401 2031 12
1426 1997 1654 2043 καταβάλλειν
1672 1996 1708 2030 D
1782 1996 1858 2031 ἑαυ-

435 2043 505 2089 τὸν]
524 2044 610 2080 αὐτὸ
623 2044 659 2079 D
735 2044 779 2080 13
796 2044 1040 2089 περιπτήσεται
1056 2044 1091 2078 D
1167 2044 1211 2078 14
1228 2049 1289 2079 τοῦ
1308 2045 1420 2090 prius
1436 2055 1510 2080 om.
1527 2044 1597 2079 DE
1671 2044 1717 2079 16
1733 2043 1858 2083 πάντες

438 2091 478 2137 C,
507 2103 608 2127 corr.
638 2091 700 2131 Cw
797 2092 912 2131 αὐτοῖς
937 2091 1037 2138 pr
1136 2092 1180 2127 17
1206 2092 1351 2137 ἀρχητοὶ
1377 2091 1413 2126 D

365 2240 540 2277 Aaronis
565 2242 810 2278 mentionem
836 2241 946 2287 apud
973 2241 1170 2286 quosdam
1197 2240 1397 2277 interiecit
1423 2243 1462 2276 et
1486 2239 1559 2277 “Si
1586 2239 1705 2286 quis”
1729 2241 1860 2286 inquit

364 2289 501 2325 “illius
526 2289 744 2324 liberorum
772 2289 943 2333 adesset,
982 2289 1238 2335 legitimusne
1264 2289 1380 2324 vobis
1406 2289 1542 2334 spurio
1570 2289 1611 2323 in
1636 2288 1754 2333 regni
1780 2288 1859 2324 suf-

306 2333 353 2368 26
366 2337 509 2383 fragiis
535 2337 829 2382 praeferendus
855 2336 1124 2372 videretur?’'
1172 2336 1271 2372 Cum
1297 2346 1395 2372 vero
1423 2346 1560 2371 omnes
1587 2338 1784 2382 optarent,
1814 2339 1860 2371 ut

366 2395 431 2420 res
446 2387 579 2420 essent
594 2394 717 2430 penes
736 2395 975 2431 germanum
993 2383 1164 2420 Aaronis
1182 2384 1317 2428 filium,
1345 2385 1460 2419 cuius
1478 2384 1554 2418 viri
1572 2383 1727 2418 natales
1750 2382 1859 2418 haud

367 2432 549 2478 ambigui
576 2435 710 2468 essent
735 2433 886 2477 quique
913 2442 964 2467 ex
991 2434 1152 2467 vetusta
1177 2432 1294 2477 regia
1320 2432 1443 2476 stirpe
1468 2432 1555 2466 sine
1581 2431 1859 2466 controversia

368 2480 567 2525 originem
593 2480 770 2522 duceret,
797 2490 989 2514 arcanum
1011 2479 1171 2514 cuidam
1189 2489 1240 2515 ex
1258 2479 1316 2523 iis,
1345 2479 1491 2524 quibus
1509 2477 1682 2513 Aaronis
1708 2478 1860 2514 familia

307 2524 353 2559 27
367 2528 500 2562 notior
526 2531 623 2571 erat,
651 2528 792 2573 aperit.
843 2527 919 2569 Qui
946 2537 1037 2562 cum
1063 2527 1207 2562 faciem
1233 2527 1337 2561 illius
1365 2526 1491 2561 oculis
1517 2526 1748 2561 accuratius
1773 2535 1860 2571 per-

307 2572 353 2607 28
366 2575 587 2618 lustrasset,
625 2575 788 2610 tandem
821 2576 942 2610 etiam
975 2575 1136 2620 signum
1167 2574 1439 2609 indubitatum
1471 2573 1612 2608 videre
1642 2573 1762 2618 cupit.
1812 2572 1860 2607 Id

367 2632 465 2658 vero
505 2626 592 2657 erat
630 2623 749 2668 nigra
783 2622 941 2658 macula
970 2623 1012 2657 in
1039 2623 1174 2657 cubito
1206 2621 1374 2657 dextero
1408 2621 1541 2656 densis
1573 2620 1661 2665 pilis
1694 2621 1859 2655 circum-

307 2667 353 2702 29
368 2669 474 2704 data.
525 2669 642 2711 Quod
669 2680 760 2705 eum
782 2670 960 2713 vidisset,
986 2670 1066 2705 iam
1086 2669 1192 2705 omni
1211 2668 1401 2714 scrupulo
1420 2672 1606 2714 exempto
1634 2670 1859 2713 prostratus

307 2715 354 2749 30
367 2718 445 2752 viri
476 2717 600 2762 pedes
633 2717 887 2762 amplectitur
921 2721 1044 2762 atque
1077 2718 1196 2752 etiam
1232 2719 1386 2751 ceteros
1421 2716 1538 2751 docet
1577 2716 1718 2751 adesse
1755 2716 1859 2761 regii

306 2762 350 2797 31
368 2766 530 2809 generis
557 2766 700 2800 virum.
749 2765 969 2810 Postquam
995 2767 1131 2800 autem
1157 2764 1270 2799 multi
1296 2764 1347 2798 ab
1375 2764 1535 2799 homine
1567 2763 1632 2798 illo
1665 2763 1858 2808 ambiguo

368 2812 499 2847 avulsi
540 2812 592 2847 ad
623 2823 864 2858 germanum
897 2822 939 2848 se
974 2812 1242 2856 contulerunt,
1280 2811 1346 2855 illi,
1383 2821 1473 2846 cum
1515 2811 1645 2846 diviso
1677 2810 1856 2855 imperio,

368 2860 619 2904 principibus
636 2861 740 2895 inter
759 2870 802 2895 se
816 2860 1114 2904 dissidentibus,
1140 2869 1313 2904 regnum
1332 2859 1550 2894 consistere
1569 2859 1730 2894 omnino
1749 2857 1858 2892 haud

367 2917 486 2951 posse
514 2910 735 2952 censerent,
762 2907 867 2943 inter
892 2917 935 2944 se
960 2907 1231 2954 paciscuntur,
1269 2909 1314 2942 ut
1340 2906 1541 2942 communi
1568 2906 1733 2942 consilio
1759 2914 1858 2940 rem-
