2054 3282
355 227 426 264 380
674 228 854 266 ZONAR.
882 229 1013 265 EPIT.
1042 229 1113 265 XV
1139 230 1195 273 99,
1222 229 1410 267 ⁶21-le
1436 231 1467 277 1,
1495 231 1527 270 2.
2026 219 2043 270 ἲ

355 350 532 391 σκεσθαι
561 351 862 406 παρηγόρημα,
904 351 1006 393 ἀλλὰ
1038 351 1109 393 καὶ
1139 357 1300 407 τροφῆς
1331 353 1593 409 ἀποσχέσθαι
1623 355 1694 398 καὶ
1723 356 1783 411 μή
1815 371 1851 398 τι
2028 347 2054 407 „³2¹

354 419 472 473 πόμα
504 420 751 472 προσίεσθαι
783 422 808 474 ἢ
840 420 974 474 μόνον
1012 421 1132 474 ὕδωρ
1173 421 1440 476 ψυχρότατον
1478 423 1549 465 καὶ
1586 424 1674 466 οἷον
1712 424 1758 466 τὸ
1803 425 1850 467 ἐκ
2035 420 2054 480 35⁴]

354 487 509 541 χιόνος’
553 488 688 542 τούτῳ
727 488 772 529 δὲ
810 490 1032 543 χρώμενος
1071 494 1258 544 συνεχῶς
1294 491 1525 546 ἐπέπληκτο
1555 492 1604 534 τὰ
1637 493 1751 540 ἐντὸς
1780 494 1855 536 καί

295 558 341 594 22
354 557 395 597 οἱ
426 556 685 610 δυσεντερίας
715 557 839 603 νόσος
871 558 1087 612 ἐνέσκηψε.
1149 559 1403 614 καταλαβὼν
1435 560 1480 602 δὲ
1505 561 1554 602 τὰ
1575 562 1758 616 βασίλεια
1780 562 1851 604 καὶ

353 624 434 678 ἤδη
469 624 591 678 γνοὺς
623 626 761 679 ἑαυτῷ
797 625 871 679 τὴν
911 627 1120 681 σωτηρίαν
1158 627 1410 683 ἀνέλπιστον,
1455 630 1739 683 μετακαλεῖται
1777 631 1886 686 τὴν5

353 693 583 747 σύγκλητον
614 693 684 734 καὶ
714 694 833 748 ἠξίου
864 695 994 736 πίστιν
1026 697 1082 742 εἰς
1113 695 1186 750 τὴν
1218 697 1398 751 σύζυγον
1429 698 1499 739 καὶ
1530 698 1602 740 τὸν
1631 699 1761 741 παῖδα
1783 699 1848 741 ἒν-

354 761 569 809 δείξασθαι
600 762 670 803 καὶ
703 762 946 818 διατηρῆσαι
977 764 1090 818 σφίσι
1121 764 1194 819 τὴν
1225 765 1360 820 ἀρχὴν
1390 766 1464 820 τὴν
1488 767 1708 821 βασίλειον·
1742 767 1849 810 οἶδὲ

292 832 338 867 23
351 830 623 872 κατετίθεντο.
698 831 859 873 τούτων
903 832 949 874 δὲ
993 833 1226 886 γεγονότων
1270 835 1421 885 οὕτως,
1466 835 1490 876 ὁ
1528 835 1733 889 βασιλεύς,
1777 836 1848 877 καὶ

350 898 502 952 πρῴην
546 899 591 947 ἐξ
634 900 812 953 ὅτουπερ
857 901 1073 956 ἀνερρήθη
1112 902 1228 956 παρὰ
1265 906 1350 944 τῶν
1381 902 1566 957 Περσῶν
1602 904 1792 958 βασιλεὺς
1823 904 1848 946 ὅ

357 965 592 1022 Θεόφοβος,
626 969 813 1010 ὕποπτον
835 969 961 1011 αὐτὸν
982 970 1230 1024 ἡγούμενος,
1263 971 1383 1013 ἔθετο
1404 972 1563 1025 μᾶλλον
1593 976 1642 1027 τῇ
1671 973 1897 1027 ὗπονοίᾳΙ)
1916 978 2054 1016 11141ξἸ

308 1035 421 1076 Οκαὶ
465 1035 530 1077 διὰ
575 1036 649 1090 τὴν
691 1037 936 1091 προδοσίαν,
982 1040 1033 1092 ἣν
1065 1039 1269 1093 ἐμελέτων
1307 1041 1347 1081 οἳ
1378 1039 1541 1094 Πέρσαι
1577 1042 1846 1096 ποιήσασθαι,

143 1104 515 1158 Ἦ111193ώςῆδη
545 1121 619 1158 μοι
652 1106 886 1159 γέγραπται,
918 1109 1004 1148 τῶν
1035 1107 1368 1162 ἐνδιαβαλόντων
1398 1108 1469 1151 τὸν
1500 1109 1646 1163 ἄνδρα,
1680 1110 1846 1165 ὑποθή-

290 1174 337 1210 24
349 1187 443 1218 καις
475 1173 634 1215 ἐκείνου
667 1179 792 1216 ταῦτα
825 1174 921 1221 τοὺς
942 1175 1115 1228 Πέρσας
1140 1176 1245 1230 δρᾶν
1276 1178 1615 1232 ἷσχυριζομένων.
1677 1179 1740 1225 ὡς
1765 1179 1846 1234 ἤδη

348 1245 398 1295 τῇ
428 1241 544 1295 νόσῳ
575 1242 621 1283 τὸ
654 1246 779 1297 σῶμα
811 1248 884 1284 τοῦ
917 1244 1230 1299 αὐτοκράτορος
1263 1245 1524 1300 δεδαπάνητο
1560 1247 1631 1288 καὶ
1668 1248 1847 1295 ἐξέλιπεν

348 1310 373 1363 ἡ
407 1310 535 1364 ἰσχύς,
569 1311 706 1358 δείσας
736 1311 795 1366 μὴ
829 1313 958 1354 αὐτοῦ
986 1313 1192 1359 θανόντος
1214 1314 1399 1355 ἐπίθοιτο
1420 1315 1641 1369 τυραννίδι,
1673 1316 1844 1370 καθείρ-
1862 1324 1905 1359 15

348 1393 487 1432 γνυσιν
518 1379 645 1421 αὐτὸν
683 1380 777 1434 περὶ
816 1380 863 1421 τὰ
903 1381 1099 1436 βασίλεια,
1144 1381 1215 1423 καὶ
1246 1382 1331 1424 ἐπεὶ
1363 1382 1436 1438 τὴν
1469 1383 1584 1439 ζωὴν
1616 1384 1765 1426 ἑαυτοῦ
1797 1385 1844 1428 ἐκ

346 1538 369 1573 8
393 1539 443 1574 ὅτι
467 1539 639 1585 θνήσκων
663 1541 684 1575 ὁ
711 1541 884 1587 Θεόφιλος
909 1541 1021 1577 ἀνεῖλε
1045 1542 1103 1578 τὸν
1132 1542 1315 1589 Θεόφοβον
1341 1542 1403 1580 ΟΕ

419 1695 437 1729 1
466 1695 518 1730 ad
542 1695 593 1741 μὴ
621 1696 711 1731 add.
739 1711 769 1732 τι
796 1697 864 1735 Dw
891 1697 1032 1733 deletis
1052 1698 1212 1733 duabus
1230 1698 1370 1734 litteris
1391 1709 1499 1734 nune
1518 1710 1599 1734 non
1618 1702 1842 1746 perspicuis

417 1743 440 1778 3
464 1744 582 1788 χίονος
608 1743 752 1789 W*pDi
825 1750 982 1790 συνεχῶς
1009 1756 1083 1780 om.
1111 1746 1141 1780 B
1215 1746 1238 1780 4
1263 1746 1302 1781 δὲ
1319 1746 1465 1792 AEwp,
1492 1747 1555 1782 οὖν
1574 1747 1605 1782 Ο
1681 1747 1703 1783 5
1728 1749 1842 1794 ἑαυτῷ·

419 1802 494 1826 om.
514 1790 542 1827 C
616 1791 677 1837 τὴν
695 1805 777 1827 σωτ.
796 1793 1014 1832 δυςέλπιστον
1031 1794 1143 1828 ἑαυτῶ
1164 1793 1199 1828 D
1279 1794 1501 1833 δυςέλπιστον
1528 1794 1625 1840 pr
1711 1796 1733 1831 6
1753 1799 1842 1841 post

416 1839 528 1873 πίστιν
555 1839 646 1874 add.
673 1839 799 1879 αὐτοὺς
824 1841 922 1886 pr
1021 1842 1042 1876 8
1068 1842 1180 1880 οὕτως
1201 1841 1369 1887 prDz',
1395 1844 1489 1877 οὕτω
1508 1842 1587 1886 ΑΕ,
1616 1853 1653 1878 V.
1673 1843 1724 1878 ad
1744 1844 1840 1879 XIII

418 1887 450 1930 6,
479 1887 523 1921 16
620 1887 641 1922 9
667 1889 747 1923 ὅτου
773 1888 869 1933 Ewp
980 1889 1012 1923 9.
1042 1889 1085 1924 10
1110 1890 1131 1923 ὁ
1153 1890 1259 1934 θεοφ.
1285 1890 1447 1935 βασιλεὺς
1473 1891 1569 1935 Ewp
1668 1891 1714 1926 10
1736 1891 1841 1927 αὐτὸν

418 1944 493 1969 om.
521 1934 550 1970 C
733 1936 926 1981 ἡγούμενος
952 1937 993 1970 in
1019 1935 1054 1970 A
1080 1947 1184 1972 man.
1212 1948 1290 1972 rec.
1317 1942 1497 1972 mutatur
1522 1939 1563 1972 in
1588 1938 1773 1982 ἡγούμενοι
1801 1943 1840 1975 et

418 1981 576 2017 eluitur.
709 1983 754 2017 12
779 1983 977 2028 γέγραπται]
1006 1984 1078 2019 XV
1103 1985 1158 2028 29,
1188 1985 1231 2019 12
1246 1996 1294 2020 SS.
1417 1986 1715 2031 ε’νδιαβαλλόντων
1741 1986 1838 2033 pr

419 2029 463 2064 13
489 2033 579 2073 post
603 2031 652 2069 ὡς
679 2031 769 2065 add.
796 2031 859 2066 οὖν
884 2031 995 2077 pr,
1022 2032 1071 2070 ὡς
1096 2032 1157 2066 οὗν
1183 2035 1362 2068 extremo
1393 2033 1485 2068 solio
1514 2034 1660 2068 extrita
1685 2035 1726 2068 in
1754 2034 1783 2070 C

419 2076 463 2111 14
488 2077 712 2122 ἐξελίμπανεν
738 2078 769 2114 O
902 2079 946 2114 15
976 2083 1066 2124 post
1091 2079 1190 2124 ἰσχὺς
1216 2080 1307 2114 add.
1333 2081 1439 2116 αὐτοῦ
1466 2080 1562 2126 pr
1682 2082 1838 2117 ἐπίθοιτο

417 2123 584 2170 prDi,
610 2126 762 2161 ἐπίθειτο
788 2125 824 2161 Α
953 2141 1026 2171 τυρ.
1052 2127 1207 2162 ἐπίθοιτο
1233 2127 1330 2173 pr
1468 2131 1563 2164 ante
1588 2129 1673 2164 καθ.
1701 2129 1792 2165 add.
1818 2130 1840 2165 ὁ

416 2173 596 2219 θεόφοβος
622 2173 719 2220 pr
819 2174 864 2210 16
888 2174 1026 2220 ἑαυτοῦ]
1055 2175 1162 2210 αὐτοῦ
1188 2175 1258 2210 DE

346 2329 384 2362 et
417 2328 506 2362 cibo
540 2328 761 2364 abstineret
798 2339 932 2374 neque
966 2330 1089 2365 ullum
1127 2334 1266 2375 potum
1300 2331 1538 2375 admitteret,
1577 2332 1652 2366 nisi
1688 2341 1835 2376 aquam

345 2375 641 2419 gelidissiinam‚
679 2377 903 2412 cuiusmodi
941 2381 1000 2412 est
1038 2378 1202 2422 nivalis3
1242 2379 1355 2413 cuius
1387 2380 1588 2423 frequenti
1615 2389 1692 2413 usu
1718 2380 1835 2414 laesis

285 2418 603 2458 22interi01·ibus
629 2424 669 2458 in
703 2424 975 2469 dysenteriam
1009 2425 1159 2460 incidit.
1209 2425 1351 2470 Itaque
1379 2427 1417 2460 in
1453 2428 1606 2470 regiani
1634 2437 1833 2470 reversus,

345 2469 558 2515 desperata
593 2472 671 2506 iani
708 2472 837 2506 salute
863 2476 1048 2507 senatum
1075 2474 1252 2516 arcessit,
1287 2476 1427 2517 petens
1453 2480 1496 2508 ut
1522 2474 1640 2508 uxori
1669 2484 1767 2509 suae
1794 2478 1833 2509 et

284 2513 330 2548 23
344 2517 423 2552 filio
450 2517 568 2552 fidem
605 2523 816 2554 servarent
849 2521 978 2565 iisque
1006 2521 1216 2565 imperium
1252 2521 1407 2565 regium
1440 2525 1659 2556 tuerentur.
1717 2521 1833 2563 Quod

345 2574 432 2598 eum
461 2565 515 2599 illi
542 2576 584 2601 se
602 2566 782 2601 facturos
801 2568 1085 2612 promisissent,
1112 2578 1197 2611 rex,
1225 2568 1293 2612 qui
1313 2568 1601 2613 Theophobum
1628 2569 1706 2603 iam
1727 2573 1832 2612 ante,

345 2621 394 2645 ex
423 2623 502 2657 quo
530 2623 553 2647 a
579 2613 713 2649 Persis
750 2625 823 2649 rex
850 2615 1050 2649 salutatus
1083 2619 1180 2656 erat,
1216 2620 1446 2660 suspectum
1483 2616 1660 2659 haberet,
1701 2617 1831 2661 magis

344 2659 463 2694 etiam
492 2661 527 2695 ei
553 2661 771 2706 suspicioni
790 2662 955 2697 indulsit
974 2662 1025 2696 ob
1047 2662 1310 2706 proditionem
1333 2673 1504 2708 quoque,
1533 2674 1653 2707 quam
1672 2663 1830 2708 Persae,

343 2711 387 2740 ut
425 2707 502 2741 iam
544 2709 725 2753 exposui,
765 2709 886 2744 moliti
927 2713 1052 2752 erant,
1092 2720 1182 2744 eum
1221 2709 1420 2744 delatores
1454 2710 1690 2755 Theophobi
1731 2711 1830 2745 affir-

284 2752 329 2786 24
344 2758 499 2789 marent
524 2755 610 2790 illos
639 2756 678 2790 id
713 2757 799 2791 eius
832 2757 1007 2801 impulsu
1041 2758 1194 2792 fecisse.
1247 2757 1298 2793 Ut
1329 2758 1453 2802 igitur
1489 2769 1658 2803 corpore
1690 2758 1829 2793 morbo

344 2807 579 2847 consumpto
599 2804 817 2848 imperator
843 2805 997 2839 viribus
1022 2805 1235 2839 destitutus
1255 2809 1324 2848 est,
1352 2806 1515 2848 veritus,
1543 2816 1593 2840 ne
1611 2815 1653 2840 se
1671 2809 1829 2840 mortuo

343 2847 615 2893 Theophobus
649 2852 905 2895 tyrannidem
944 2852 1163 2894 affectaret,
1197 2853 1304 2887 eirca
1331 2853 1484 2895 regiam
1514 2863 1604 2887 eum
1630 2853 1671 2887 in
1698 2863 1828 2887 earce-

342 2905 426 2931 rem
454 2897 599 2934 conicit
627 2908 799 2946 cumque
827 2899 949 2937 vitam
985 2910 1099 2937 suam
1132 2899 1182 2937 de
1210 2900 1323 2937 tenui
1350 2901 1414 2936 filo
1443 2900 1619 2948 pendere
1648 2904 1829 2938 cerneret
