2054 3282
334 265 405 302 490
676 267 855 303 ZONAR.
885 267 1014 301 EPIT.
1042 266 1131 301 XVI
1158 266 1214 309 22,
1242 267 1393 311 23—23,
1423 267 1476 302 11.

335 389 467 442 ὤφθη
501 392 584 429 τῶν
615 389 748 429 λίθων
778 387 988 441 πομπεύς·
1033 387 1135 428 ὅθεν
1171 384 1262 428 οὐδ’
1296 388 1341 435 ἕξ
1372 388 1620 442 ἀνθρώπιον
1651 388 1828 444 τοῦργον

334 456 546 510 νενόμιστο
577 457 838 508 πράττεσθαι.

207 524 236 561 C
262 521 318 562 23
451 523 536 563 Καὶ
567 524 590 564 ὁ
621 523 698 576 μὲν
729 523 1044 568 Κωνσταντῖνος
1081 527 1153 564 τοῦ
1193 524 1530 570 ἓπικλωσθέντος
1562 526 1678 579 αὐτῷ
1707 527 1827 580 μίτου

332 593 528 645 ῥαγέντος
559 595 631 632 τοῦ
664 591 904 644 ὁρισθέντος
941 591 1057 644 αὐτῷ
1094 591 1251 645 χρόνου
1289 597 1361 646 τῆς
1398 594 1539 647 βιοτῆς
1578 594 1754 648 ἄπεβίω,
1802 596 1826 636 ὁ

331 659 421 705 υἱὸς
450 659 495 700 δὲ
517 660 644 700 αὐτοῦ
662 659 893 712 Ῥωμανός,
927 660 974 704 ὃς
1004 659 1075 700 καὶ
1105 660 1271 701 παιδίον
1302 661 1472 714 ἐλέγετο,
1504 667 1575 716 τῆς
1597 663 1823 718 αὗταρχίας
1841 667 1862 702 5

296 727 558 776 Ξέπείληπτο.
622 727 787 768 παιδίον
826 724 862 767 δ’
897 727 1067 781 ἐλέγετο,
1113 729 1191 782 οὔχ
1236 729 1295 770 ὅτι
1333 730 1527 784 παιδικῆς
1565 732 1627 772 ὢν
1664 732 1823 786 ἡλικίας

329 799 400 849 τῆς
430 795 636 849 βασιλείας
674 795 899 849 ἐκράτησεν
946 795 1043 850 (ἤδη
1085 795 1163 850 γὰρ
1202 797 1377 849 ἀνδράσι
1416 798 1692 853 συντέτακτο),
1737 799 1823 841 ἀλλ’

330 862 754 916 ἄντιδιαστελλόμενος
784 862 892 916 πρὸς
922 863 994 905 τὸν
1017 865 1318 918 μητροπάτορα
1337 865 1569 919 εΡωμανόν,
1603 868 1701 908 ὄντα
1723 885 1824 921 πρε-

293 931 484 985 3σβύτην
505 931 576 972 καὶ
598 931 841 986 ὗπερήλικα.
904 933 941 973 εἰ
960 933 1007 973 δέ
1026 949 1084 978 τις
1105 935 1210 974 εἴποι
1241 935 1407 975 παιδίον
1439 934 1565 976 αὐτὸν
1595 935 1824 984 καλεῖσθαι,

329 999 388 1039 ὅτι
425 999 496 1039 καὶ
531 999 822 1054 παιδαριώδης
860 1000 912 1055 ἦν
943 1001 1060 1055 αὐτῷ
1091 1003 1116 1055 ἡ
1150 1002 1255 1056 ζωή,
1300 1002 1371 1043 καὶ
1408 1007 1529 1044 τοῦτο
1565 1009 1628 1057 τῷ
1665 1005 1823 1046 ἐκείνου
1842 1009 1885 1044 10

292 1072 315 1107 4
328 1068 423 1121 ἤθει
445 1068 776 1122 ἁρμοδιώτατον.
838 1070 928 1122 ἄρτι
958 1069 1002 1110 δὲ
1023 1073 1109 1111 τῶν
1130 1071 1357 1124 σκήπτρων
1380 1071 1600 1126 γενόμενος
1622 1073 1825 1128 ἐγκρατὴς

327 1135 398 1177 τὸν
429 1135 520 1177 υἱὸν
552 1137 680 1177 αὐτοῦ
712 1137 932 1178 Βασίλειον
961 1142 1110 1179 ταινιοῖ
1135 1138 1205 1179 καὶ
1237 1139 1428 1193 κλήσεως
1459 1141 1672 1195 βασιλικῆς
1704 1142 1823 1190 ἀξιοῖ.

229 1209 265 1243 D
291 1203 409 1245 ὃεῖτα
442 1204 512 1245 καὶ
545 1205 737 1259 δεύτερος
768 1206 885 1259 αὐτῷ
917 1207 1065 1261 ἐτέχθη
1099 1207 1202 1260 υἱός,
1235 1208 1300 1249 ἐπὶ
1331 1213 1392 1262 τῷ
1412 1209 1575 1263 πάππῳ
1597 1209 1823 1251 Κωνσταν-

291 1273 424 1327 6τίνῳ
463 1273 537 1327 τὴν
573 1274 717 1328 κλῆσιν
755 1275 909 1329 λαχών.
972 1275 1098 1321 αὐτὸς
1132 1275 1210 1330 μὲν
1243 1275 1318 1318 οὖν
1350 1277 1373 1318 ὁ
1400 1277 1618 1331 Ῥωμανὸς
1648 1282 1825 1332 τρυφαῖς

325 1341 396 1383 καὶ
434 1341 710 1396 ἡδυπαθείαις
749 1344 956 1391 ἐξέδωκεν
995 1343 1143 1386 ἑαυτὸν
1174 1344 1244 1385 καὶ
1276 1345 1597 1401 ἐκδεδιῃτημένη
1631 1348 1722 1401 ζωῇ
1753 1347 1825 1388 καὶ
1842 1350 1884 1386 15

326 1410 500 1464 ἀνδράσι
532 1415 660 1465 συνῆν
693 1412 1019 1465 διεφθαρμένοις
1049 1429 1091 1454 τε
1122 1413 1192 1454 καὶ
1223 1413 1395 1467 λοιμοῖς,
1442 1414 1515 1468 τὴν
1554 1415 1599 1456 δὲ
1636 1421 1708 1470 τῆς
1745 1417 1822 1470 βα-

326 1477 474 1525 σιλείας
506 1479 705 1533 διοίκησιν
737 1479 820 1521 ὑπὸ
852 1480 923 1522 τὸν
952 1481 1223 1534 πραιπόσιτον
1252 1482 1322 1523 καὶ
1344 1484 1732 1538 παρακοιμώμενον
1752 1483 1824 1526 τὸν

326 1546 513 1600 Βρίγγαν
538 1546 700 1602 Ἰωσὴφ
734 1549 967 1603 ἐποιήσατο.

290 1620 312 1654 7
443 1614 661 1670 Πέμπεται
691 1617 828 1658 τοίνυν
854 1617 1107 1673 Νικηφόρος
1136 1619 1363 1673 μάγιστρος
1396 1619 1420 1660 ὁ
1448 1619 1607 1666 Φωκᾶς
1637 1620 1662 1661 ὁ
1695 1620 1820 1675 δομέ-

323 1762 346 1797 3
369 1763 526 1808 βασιλεία
547 1764 732 1808 Ῥωμανοῦ
757 1770 816 1800 τοῦ
842 1766 983 1800 παιδίου
1016 1768 1056 1807 (τ.
1081 1768 1175 1802 παιδ.
1206 1777 1279 1802 om.
1308 1766 1353 1809 B)
1381 1765 1463 1810 AR,
1504 1767 1574 1802 sed
1602 1768 1643 1802 in
1669 1767 1703 1802 A
1731 1772 1822 1814 post

321 1809 458 1855 ἀπεβίω
485 1812 602 1851 (vers.
628 1811 665 1852 4)
766 1813 806 1846 ll
838 1814 888 1847 ὅτι
913 1814 1057 1859 ἔστεψεν
1082 1816 1103 1849 ὁ
1122 1814 1303 1859 “Ρω,ιιανός
1329 1814 1387 1849 τὸν
1413 1815 1488 1850 υἱὸν
1514 1815 1620 1850 αὐτοῦ
1646 1816 1703 1850 τὸν
1730 1819 1820 1859 (om.

322 1857 375 1918 Ε),
395 1858 582 1942 ΒασΟίλΙΞιον
609 1858 671 1895 CE
787 1860 830 1896 19
856 1862 906 1896 ὅτι
933 1861 973 1896 τὰ
997 1862 1106 1897 πλείω
1134 1868 1192 1908 τῆς
1217 1863 1360 1908 Κρήτης
1384 1862 1474 1898 εἶλεν
1500 1863 1520 1897 ὁ
1548 1864 1678 1902 Φωκεῖς
1702 1865 1820 1909 Νικη-

322 1919 436 1951 (1909ος

394 2034 410 2068 1
442 2037 531 2080 post
555 2040 626 2070 τῶν
651 2036 742 2071 add.
769 2037 978 2081 ἀνθρώπων
1005 2038 1101 2083 Ewp
1214 2038 1281 2073 οὐκ
1310 2038 1344 2072 D
1455 2039 1600 2084 τοῦργον
1625 2038 1660 2073 Α
1686 2039 1739 2083 (V.
1766 2041 1818 2075 ad

391 2082 462 2117 XV
491 2083 521 2127 1,
551 2083 620 2127 12),
647 2084 685 2118 τὸ
710 2085 812 2129 ἔργον
838 2084 997 2130 prDi
1117 2086 1149 2120 3.
1176 2086 1199 2120 4
1224 2086 1321 2130 αὐτῷ
1345 2087 1447 2131 μίτου
1474 2087 1636 2131 ῥαγέντος
1662 2093 1722 2122 τοῦ
1747 2088 1818 2132 ὄρι-

391 2130 534 2169 σθέντος
566 2131 662 2176 αὐτῷ
693 2134 824 2177 χρόνου
856 2138 916 2178 τῆς
943 2135 1064 2179 βιοτῆς
1090 2132 1235 2179 AEwp,
1274 2135 1389 2178 μίτου,
1428 2134 1472 2169 ἵν’
1498 2135 1611 2173 οὕτως
1636 2136 1736 2179 εἴπω,
1776 2141 1818 2180 τῇ

390 2178 497 2213 αὐτοῦ
521 2180 622 2224 βιοτῇ
647 2179 807 2225 ῥαγέντος
834 2180 864 2215 Ο
1012 2181 1036 2216 4
1062 2184 1153 2226 post
1177 2183 1295 2227 βιοτῆς
1321 2182 1413 2216 add.
1440 2182 1489 2221 ὡς
1514 2183 1644 2227 εἴρηται
1673 2182 1769 2227 pr

390 2225 412 2261 5
438 2225 477 2260 δὲ
503 2237 578 2261 om.
606 2226 635 2262 C
733 2228 755 2262 9
780 2229 859 2273 εἴπη
878 2228 948 2262 DE
1048 2229 1093 2264 10
1118 2229 1232 2273 τοῦτο]
1259 2230 1370 2264 τούτω
1398 2228 1426 2265 C
1525 2229 1570 2264 12
1596 2234 1686 2274 post
1710 2230 1816 2266 αὐτοῦ

391 2273 482 2308 add.
509 2273 567 2309 τὸν
592 2274 688 2321 Ewp
801 2276 845 2311 13
869 2276 976 2321 πάπῳ
1004 2276 1050 2322 Ι),
1078 2287 1178 2312 corr.
1206 2276 1275 2315 Dw
1392 2277 1435 2312 19
1460 2278 1657 2322 νικηφόρος
1684 2288 1758 2313 om.
1787 2277 1816 2314 C

436 2410 493 2446 23.
545 2411 807 2448 Constantino
828 2414 883 2448 ita
903 2413 1093 2449 defuncto
1114 2413 1323 2455 Romnvs,
1351 2414 1455 2448 filius
1477 2414 1575 2457 eius,
1601 2414 1813 2459 imperium

282 2457 501 2502 2eapessit‚
537 2461 605 2504 qui
632 2470 733 2505 puer
760 2460 981 2504 dicebatur,
1015 2472 1098 2496 non
1125 2461 1233 2506 quod
1262 2461 1406 2506 puerili
1433 2464 1565 2496 aetate
1592 2472 1720 2505 regno
1747 2472 1814 2507 po-

318 2505 414 2540 titus
441 2511 545 2541 esset
572 2507 665 2548 (iam
692 2508 797 2542 enim
826 2509 886 2543 vir
913 2511 1025 2552 erat),
1053 2509 1123 2544 sed
1143 2508 1193 2543 ad
1214 2509 1427 2544 discrimen
1446 2508 1615 2542 Romani
1640 2509 1707 2543 avi
1733 2519 1813 2543 ma-

282 2552 304 2587 3
318 2553 432 2595 terni,
460 2554 565 2589 senis
593 2559 811 2599 provectae
834 2557 988 2591 aetatis.
1040 2556 1080 2592 si
1100 2556 1189 2601 quis
1208 2559 1342 2591 autem
1362 2566 1452 2591 eum
1473 2566 1643 2600 puerum
1663 2556 1813 2591 dictum

318 2601 555 2644 profiteatur
590 2603 641 2637 ob
674 2603 799 2637 vitam
833 2604 1040 2648 pueriliter
1071 2609 1213 2646 actam,
1253 2603 1293 2638 id
1328 2613 1490 2648 quoque
1523 2604 1608 2638 eius
1640 2607 1812 2639 naturae

280 2646 377 2682 40st
415 2650 849 2685 convenientissimum.
912 2650 1123 2696 Sceptrum
1161 2650 1280 2686 modo
1319 2650 1491 2695 adeptus
1529 2651 1651 2685 filium
1695 2661 1811 2686 suum

280 2694 508 2730 5Basilium
536 2697 763 2733 diademate
790 2700 828 2733 et
854 2699 968 2744 regio
995 2699 1158 2733 nomine
1185 2701 1311 2733 ornat.
1363 2697 1443 2733 Sed
1469 2701 1508 2732 et
1535 2698 1635 2733 alter
1653 2699 1689 2733 ei
1708 2698 1812 2733 filius

281 2742 437 2777 Gnatus
464 2747 534 2786 est,
562 2745 625 2778 cui
653 2745 720 2779 avi
747 2745 999 2780 Constantini
1025 2756 1172 2781 nomen
1198 2745 1352 2780 indidit.
1403 2745 1495 2790 Ipse
1515 2745 1720 2780 Romanus
1747 2746 1812 2780 de-

316 2789 415 2824 liciis
454 2791 814 2837 voluptatibusque
846 2793 1005 2828 deditus
1041 2797 1081 2828 et
1113 2793 1214 2828 luxu
1247 2793 1429 2827 diffluens
1467 2803 1556 2827 cum
1584 2793 1811 2828 hominibus

317 2838 517 2882 corruptis
549 2842 587 2873 et
622 2840 902 2884 pestilentibus
935 2841 1058 2876 vitam
1094 2841 1255 2886 agebat,
1293 2850 1429 2875 rerum
1464 2840 1810 2875 administratione

318 2886 546 2929 praeposito
575 2890 614 2921 et
642 2887 816 2921 cubiculi
843 2889 1050 2933 praefecto
1079 2887 1255 2933 Bringae
1283 2887 1452 2932 Iosepho
1479 2887 1681 2921 mandata.

281 2930 302 2967 7
434 2931 686 2979 Nicephorus
719 2934 875 2971 Phocas
914 2936 1118 2982 magister,
1158 2935 1400 2971 domesticus
1440 2935 1677 2979 scholarum,
1719 2944 1808 2970 cum
