2054 3282
372 272 442 309 35ss
774 272 954 310 ZONAR.
984 272 1111 308 EPIT.
1139 271 1210 309 XV
1235 268 1291 318 25,
1317 267 1468 309 25—41.

311 401 357 436 26
371 400 442 449 τῆς
479 396 612 449 ἀρχῆς
650 397 674 449 ἢ
714 395 970 448 ἐπιπλήττων
1015 395 1218 446 διώρθου.
1282 395 1393 435 οὕτω
1439 399 1540 448 γοῦν
1582 412 1681 437 ποτε
1726 395 1864 438 διιόντι

372 464 487 516 αὐτῷ
517 463 734 517 προσῆλθε
766 462 866 515 γυνὴ
895 462 1129 502 ἀδικεῖσθαι
1150 462 1326 516 λέγουσα
1348 462 1463 516 παρὰ
1486 467 1558 504 τοῦ
1582 464 1862 518 ὁρουγγαρίου

370 535 441 585 τῆς
472 531 614 584 βίγλας
649 529 787 582 (οὗτος
820 527 855 570 (5’
890 529 941 583 ἦν
974 530 1176 583 σύγγονος
1208 535 1279 584 τῆς
1311 532 1568 585 Αὖγούστης,
1603 532 1864 586 καλούμενος

372 598 634 651 ΙΙετρωνᾶς),
680 599 805 638 οἰκεῖν
845 597 924 651 γὰρ
956 598 1071 651 αὖτῷ
1103 599 1146 639 ἐν
1178 599 1386 653 γειτόνων,
1430 599 1501 640 τὸν
1534 600 1579 641 δὲ
1609 600 1682 646 τὰς
1712 602 1863 642 ἑαυτοῦ

248 675 282 709 D
310 675 354 710 27
371 666 524 711 διαίτας
555 666 745 718 ὗψοῢντα
777 670 825 719 τῇ
859 665 985 719 αἶ’τῆς
1018 666 1127 719 οἰκίᾳ
1160 667 1396 708 ἐπισκοτεῖν.
1459 669 1483 722 ἡ
1516 668 1593 721 μὲν
1626 667 1701 709 οὗν
1735 673 1899 714 ταῦταὸ

369 734 600 774 ἑπενεκάλει
631 738 692 787 τῷ
713 732 942 787 Πετρωνᾷ·
978 734 1001 774 ὁ
1035 734 1079 775 δὲ
1110 734 1217 789 πρὸς
1247 740 1321 776 τοῦ
1353 737 1558 789 βασιλέως
1588 736 1912 791 μετακληθεὶςῙ)
1931 748 1989 784 ΠΙ
2002 748 2054 785 40;

368 802 438 843 καὶ
469 803 506 842 τί
534 804 585 842 ἂν
616 802 725 855 λέγοι
756 802 801 842 τὸ
835 802 1003 855 γύναιον
1035 803 1324 857 ἐρωτώμενος,
1363 805 1602 858 ματαιάζειν
1634 806 1715 860 ἔφη
1749 806 1861 847 αὐτό.

309 880 354 915 28
368 870 438 911 καὶ
471 870 494 911 ὁ
526 871 717 923 βασιλεύς
748 870 923 924 ςςμηκὲῖι
954 886 1039 924 μου
1074 871 1241 926 δεηθείη
1274 872 1368 926 περὶ
1406 873 1592 914 τούτου”
1629 874 1734 928 φησί
1761 874 1861 916 “καὶ

308 948 354 983 29
370 940 447 980 οὐκ
492 940 601 980 ἔσται
645 954 708 980 σοι
746 939 854 992 πρὸς
890 939 1069 980 καλο’ῦ.”
1129 940 1199 981 καὶ
1231 945 1279 995 τῇ
1312 942 1472 994 γυναικὶ
1504 942 1723 983 ἐνετείλατο
1753 942 1862 997 πρὸς

367 1007 438 1048 τὸν
473 1006 702 1060 [Ῑετρωνᾶν
733 1008 959 1061 ἀφικέσθαι
991 1008 1074 1061 καί,
1107 1009 1144 1049 εἰ
1171 1008 1230 1062 μὴ
1263 1010 1336 1063 τὴν
1367 1010 1530 1064 βλάβην
1561 1011 1859 1065 θεραπευθείη,
1878 1019 1922 1054 10

307 1086 354 1121 30
368 1075 493 1121 αὖθις
524 1077 639 1116 αὕτα)
670 1076 928 1130 προσελθεῖν
990 1077 1164 1131 ποοσήει
1203 1083 1263 1117 τῶ
1295 1077 1505 1132 [[ετοο)νᾷ
1536 1080 1560 1133 ἡ
1595 1080 1714 1134 γυνή·
1760 1079 1784 1120 ὁ
1817 1079 1862 1121 δὲ

307 1155 349 1189 31
369 1145 492 1186 οὐδὲν
524 1145 627 1198 αὒτῃ
662 1149 732 1185 τοῦ
764 1149 901 1186 κακοῦ
933 1146 1182 1199 θεοάπευμα
1216 1148 1349 1187 ἔθετο.
1412 1149 1437 1201 ἡ
1473 1148 1508 1188 δ’
1543 1148 1784 1202 ἀπογνοῦσα
1809 1146 1859 1190 δι’

367 1214 496 1267 ὄχλου
537 1215 679 1267 γέγονε
717 1214 788 1254 καὶ
827 1213 952 1259 αὖθις
994 1219 1055 1267 τῷ
1098 1215 1270 1268 βασιλει·
1316 1215 1387 1256 καὶ
1419 1217 1466 1261 ὃς
1497 1217 1644 1257 αὐτίκα
1675 1220 1760 1258 τῶν
1790 1221 1862 1271 τῆς

366 1282 599 1336 συγκλήτου
639 1282 737 1323 τισὶν
774 1283 969 1323 ἀπελθεῖν
1008 1283 1176 1331 ἐπέταξε
1216 1283 1286 1324 καὶ
1329 1289 1645 1339 κατασκοπῆσαι
1688 1286 1726 1326 εἰ
1759 1285 1860 1339 βλά-

81 1360 280 1395 Ρ11143Α
306 1361 352 1396 32
365 1367 505 1392 mono
536 1352 561 1405 ἡ
595 1352 709 1405 γυνή.
772 1352 812 1392 οἱ
843 1351 888 1392 δὲ
919 1352 1113 1406 ἀπῆλθον
1144 1352 1274 1399 εὐθὺς
1304 1353 1375 1394 καὶ
1411 1353 1484 1408 τὴν
1522 1354 1684 1408 βλάβην
1728 1355 1862 1408 ἔγνων
1877 1361 1922 1397 15

306 1429 352 1465 33
366 1420 437 1462 καὶ
466 1420 618 1474 ταύτην
649 1419 913 1474 ἀπήγγειλαν.
976 1420 1046 1461 καὶ
1069 1420 1092 1461 ὁ
1113 1421 1304 1475 βασιλεὺς
1326 1422 1380 1463 ἔτι
1406 1419 1469 1463 ἐπ’
1494 1423 1653 1476 ἀγορᾶς
1682 1423 1859 1477 προϊών,

369 1550 386 1584 1
413 1549 492 1594 περὶ
516 1554 576 1585 τοῦ
602 1550 886 1595 γυναικαδέλφου
912 1549 1018 1585 αὐτοῦ
1045 1550 1137 1595 (περὶ
1163 1556 1223 1586 τοῦ
1245 1551 1400 1597 ἀδελφοῦ
1419 1557 1478 1597 τῆς
1496 1552 1703 1597 Αὐγούστης
1729 1551 1774 1594 C)
1799 1557 1861 1587 τοῦ

367 1602 458 1639 (om.
476 1597 521 1638 E)
539 1599 715 1642 Πετρωνᾶ
732 1597 833 1633 ACI⁴
932 1601 1026 1633 ante
1053 1599 1128 1633 hoc
1155 1604 1441 1644 argumentum
1468 1611 1572 1634 man.
1600 1611 1741 1636 recens
1768 1600 1860 1635 add.

366 1647 407 1680 in
433 1656 561 1692 marg.
590 1645 676 1681 cod.
705 1645 734 1680 E
761 1645 1119 1691 neglegentissime
1145 1650 1315 1682 exarata
1342 1648 1461 1682 hacc·
1489 1649 1683 1692 σημείωσαι
1704 1647 1783 1692 περὶ
1800 1652 1861 1683 τοῦ

364 1693 527 1738 πετρωνὰ
552 1694 611 1728 καὶ
637 1698 696 1738 τῆς
722 1693 887 1739 γυναικὸς
883 1671 1042 1739 δᾶψίδος
1069 1693 1116 1738 (P)
1143 1694 1202 1729 καὶ
1232 1696 1328 1734 ὅπως
1353 1696 1374 1729 ὁ
1396 1696 1560 1741 βασιλεὺς
1586 1695 1710 1740 εμιιετὲ
1738 1697 1777 1740 Ι

437 1813 456 1848 1
484 1813 634 1858 διόρθου
653 1812 734 1857 DE,
761 1813 998 1848 asteriscum
1025 1813 1115 1849 add.
1131 1813 1201 1851 Dw
1298 1814 1320 1848 2
1344 1815 1515 1859 πρόςελθε
1540 1814 1575 1849 D
1672 1815 1860 1851 ἀδικεῖσθα

436 1860 483 1905 D,
511 1871 612 1896 corr.
639 1861 708 1898 Dw
805 1861 827 1895 3
840 1861 981 1921 βίγλῃς
999 1861 1068 1896 DE
1166 1866 1256 1907 post
1281 1867 1324 1907 ἠν
1350 1863 1441 1898 add.
1468 1864 1488 1897 ὁ
1512 1863 1547 1896 D
1644 1862 1667 1898 4
1691 1863 1728 1898 ἐν
1746 1862 1791 1908 Α,
1817 1863 1859 1898 ἐκ

435 1908 536 1954 pr
634 1909 656 1943 ὃ
682 1908 744 1954 τὴν
768 1908 876 1954 αὐτὴν
902 1909 1020 1943 ουσίαν
1047 1909 1319 1953 D‚col·1.Dw
1425 1911 1626 1945 ἐπισκοπεῖν
1653 1911 1760 1956 Ewp,
1793 1912 1859 1947 Wo

435 1957 519 1991 lat.:
545 1956 764 1991 luminibus
792 1956 1018 1992 obstiueret
1179 1959 1201 1992 6
1227 1957 1442 2003 ἕπενεγκάλει
1469 1958 1516 2004 Ρ*
1542 1959 1678 1993 invitis
1704 1959 1811 1994 ARw

482 2004 708 2039 ἐπινικαλετω
736 2005 895 2049 punctis
921 2008 1105 2039 notatum
1131 2004 1178 2049 D,
1205 2006 1402 2041 ἐπενεκαλει
1421 2008 1464 2046 (s.
1485 2009 1582 2048 acc.)
1601 2012 1650 2051 τῷ
1670 2017 1770 2041 corr.
1790 2006 1859 2044 Dw

481 2052 577 2097 παρὰ
602 2051 687 2098 W*p
714 2052 851 2086 invitis
869 2051 940 2086 AR
1038 2053 1058 2087 7
1085 2053 1176 2098 λέγοι
1198 2052 1298 2098 ODi,
1326 2054 1414 2099 λέγει
1433 2054 1567 2099 AEwp
1664 2054 1687 2089 8
1713 2055 1857 2099 δεηθείη

433 2113 504 2145 μου
530 2101 626 2146 Ewp
748 2100 907 2144 δεηθεῖεν
935 2099 980 2143 D,
1009 2111 1110 2136 corr.
1137 2101 1205 2138 Dw
1334 2101 1355 2136 9
1381 2102 1449 2136 ἔστι
1478 2101 1506 2137 C
1627 2102 1736 2137 καλόν
1762 2102 1857 2148 Ewp

436 2149 478 2182 11
506 2148 528 2193 ἡ
556 2158 631 2183 om.
658 2147 694 2182 D
830 2148 874 2182 13
899 2147 1036 2193 γέγονεν
1063 2148 1167 2187 αὖθις
1195 2148 1225 2184 O
1254 2149 1398 2184 omisso
1425 2149 1485 2184 καὶ
1623 2149 1669 2184 14
1693 2150 1858 2185 ἀπελθεῖν

436 2206 510 2231 om.
539 2195 567 2232 C
667 2195 711 2231 15
737 2195 798 2230 καὶ
825 2205 900 2230 om.
928 2195 959 2231 O
1058 2199 1148 2242 post
1172 2197 1308 2242 βλάβην
1335 2197 1425 2232 add.
1452 2211 1487 2232 τε
1513 2196 1544 2233 Ο

301 2329 347 2366 26
361 2329 459 2374 gato
499 2337 558 2372 eo,
602 2327 699 2372 quid
738 2326 942 2373 agendum
982 2331 1098 2372 esset,
1141 2329 1454 2374 praescribebat.
1522 2327 1587 2363 Sic
1629 2329 1754 2374 igitur
1791 2328 1858 2364 ali-

362 2376 525 2420 quando
554 2379 878 2421 praetereuntem
906 2376 1048 2410 mulier
1074 2376 1275 2421 quaedam
1302 2377 1480 2419 accessit,
1521 2386 1626 2421 quae
1657 2377 1732 2411 sibi
1758 2377 1857 2411 iniu-

361 2425 460 2458 rIam
493 2424 578 2459 fieri
605 2434 629 2458 a
657 2423 880 2468 drungario
908 2423 1073 2468 vigiliae
1107 2425 1354 2469 querebatur
1396 2425 1442 2465 (is
1481 2422 1694 2469 Augustae
1731 2424 1857 2459 frater

361 2475 460 2513 erat,
487 2472 650 2506 nomine
674 2470 898 2515 Petronas),
926 2472 995 2515 qui
1022 2481 1111 2506 cum
1139 2472 1178 2505 in
1206 2472 1355 2506 vicinia
1381 2472 1591 2515 habitaret,
1619 2471 1789 2506 aedibus
1815 2472 1854 2506 in

300 2521 346 2557 27
361 2519 485 2553 altum
512 2518 743 2562 educendis,
771 2519 852 2553 suis
880 2519 1097 2553 luminibus
1124 2519 1360 2554 obstrueret.
1405 2518 1538 2563 Atque
1556 2519 1622 2553 illa
1641 2518 1856 2554 Petronam

361 2567 415 2600 sic
436 2566 671 2611 accusabat3
698 2567 730 2600 is
758 2576 855 2600 vero
883 2576 906 2600 a
929 2576 1028 2612 rege
1046 2567 1260 2601 arcessitus
1280 2570 1318 2601 et
1337 2567 1433 2611 quid
1453 2566 1687 2600 muliercula
1707 2567 1857 2602 diceret

300 2614 635 2659 28interrogatus
661 2624 795 2659 nugas
821 2623 909 2648 eam
937 2624 1062 2658 agere
1092 2614 1202 2648 dixit.
1254 2614 1356 2648 Tum
1395 2625 1485 2648 rex:
1523 2613 1693 2649 “Cave’'
1727 2615 1858 2659 inquit

300 2665 346 2700 29
359 2661 523 2696 “denuo
552 2662 692 2696 eadem
721 2662 770 2696 dc
796 2672 840 2696 re
866 2671 929 2696 me
956 2661 1140 2707 appellet,
1174 2662 1282 2706 quod
1309 2662 1379 2696 tibi
1407 2662 1513 2696 bono
1541 2672 1622 2696 non
1650 2661 1772 2706 erit;”
1809 2672 1857 2696 ac

360 2709 567 2743 mulierem
589 2709 641 2743 ad
659 2709 875 2743 Petronam
902 2709 1015 2744 abire
1042 2710 1156 2744 iussit
1183 2712 1232 2753 et,
1259 2710 1335 2744 nisi
1363 2709 1553 2744 damnum
1581 2710 1856 2753 resarciretur,

300 2759 347 2794 30
362 2756 412 2790 ad
432 2766 474 2791 se
493 2756 635 2791 redire.
688 2756 805 2798 Quod
832 2767 922 2791 cum
949 2757 1016 2791 illa
1042 2757 1203 2791 fecisset
1228 2767 1361 2802 neque
1388 2767 1411 2791 a
1436 2757 1612 2792 Patrona
1640 2757 1855 2801 quiequam

300 2807 343 2841 31
360 2805 622 2848 impetrasset,
650 2814 694 2839 re
720 2804 934 2849 desperata
959 2814 1099 2839 rursus
1126 2814 1262 2849 regem
1291 2805 1465 2849 obtudit3
1492 2805 1524 2839 is
1543 2805 1675 2839 statim
1695 2805 1856 2848 quibus-

361 2851 451 2886 dam
479 2852 736 2887 senatoribus
755 2852 973 2896 mandavit,
1000 2856 1046 2887 ut
1071 2852 1230 2887 abirent
1257 2856 1295 2887 et
1322 2852 1518 2897 viderent,
1544 2862 1640 2886 num
1664 2851 1854 2886 damnum

300 2901 346 2937 32
360 2899 515 2934 mulieri
543 2900 718 2935 daretur.
768 2899 917 2935 Abiere
957 2900 1012 2935 illi
1052 2901 1185 2936 statim
1222 2900 1496 2946 damnumque
1531 2900 1736 2945 cognitum
1766 2900 1854 2944 regi

301 2949 347 2985 33
360 2948 654 2993 renuntiarunt,
682 2948 751 2994 qui
777 2949 816 2982 in
843 2948 974 2983 forum
1003 2957 1244 2995 progressus
1272 2953 1393 2995 atque
1419 2948 1472 2983 ibi
1500 2952 1609 2983 certo
1637 2947 1724 2983 loco
1744 2950 1854 2984 stans
