2054 3282
501 223 758 262 BARAMVS.
784 223 1097 262 HORM'ISDAS.
1124 223 1256 262 CHOS
1262 224 1401 262 ROES.
1633 226 1701 263 187

202 347 467 402 ποιούμενος.
530 347 554 388 ὀ
587 347 633 389 δὲ
664 346 789 389 οὐδὲν
818 350 904 389 τῶν
931 346 1047 402 παρὰ
1068 351 1142 389 τοῦ
1163 348 1258 389 υἱοῦ
1280 348 1398 402 αὐτῷ
1419 348 1703 402 στελλομένων
1715 352 1763 388 30

202 416 407 470 προσίετο,
448 415 550 458 ἀλλὰ
582 416 654 458 καὶ
684 416 828 471 ὕβρεσι
857 415 1017 470 μᾶλλον
1046 415 1120 462 τὰς
1150 416 1468 471 φιλοφροσύνας
1498 416 1702 471 ἠμείβετο.

0 494 12 534 ,ἰ
202 486 336 539 θυμῷ
373 483 449 527 οὗν
487 484 553 527 διὰ
590 488 717 526 ταῦτα
748 484 926 539 ληφθεὶς
957 485 982 527 ὁ
1013 484 1226 540 Χοσρόης,
1271 485 1471 539 ῥοπάλοις
1515 485 1702 527 ἐκέλευσε
1716 490 1758 526 31

203 553 309 595 κατὰ
341 557 426 595 τῶν
455 553 648 608 λαγόνων
672 554 929 608 τυπτόμενον
949 553 1021 596 τὸν
1041 555 1199 609 πατέρα
1221 554 1376 596 θανεῖν.
1438 557 1559 596 τοῦτο
1580 558 1703 609 μῖσος
1715 558 1763 594 32

167 623 444 677 5ἕγγενέσθαι
473 626 558 668 τοῖς
588 621 775 677 Πέρσαις
810 622 916 663 κατὰ
948 621 1151 677 Χοσρόου
1190 623 1402 678 ἐποίησεν·
1447 622 1472 664 ὁ
1514 622 1560 664 δὲ
1595 621 1702 664 κατὰ
1715 627 1762 662 33

203 691 363 746 Βαρὰμ
406 691 704 745 ἐξεστράτευσε,
748 691 820 732 καὶ
862 691 1126 738 ὑποπτεύσας
1167 691 1278 738 τινὰς
1320 695 1406 734 τῶν
1442 688 1543 746 παρ’
1584 691 1703 745 αὐτῷ

202 759 460 814 μεγιστάνων
501 764 563 813 τῷ
600 759 760 814 Βαρὰμ
802 762 1079 814 προσκεῖσθαι
1123 761 1278 802 ἀνεῖλεν
1315 761 1481 808 αὐτούς.
1542 765 1616 802 τοῦ
1656 760 1761 802 ὂὲ34

203 828 508 883 στρατεύματος
553 825 644 869 κατ’
689 829 818 870 αὐτοῦ
862 830 1167 877 στασιάσαντος,
1216 830 1354 876 δείσας
1399 830 1557 876 ἐκεῖνος
1598 829 1702 884 μετά
1717 833 1746 870 C

203 912 326 939 τινων
370 897 522 952 ὀλίγων
565 897 865 951 ἀποδιδράσκει
907 897 979 939 καὶ
1021 897 1130 951 πρὸς
1161 898 1397 952 Ῥωμαίους
1433 898 1617 953 ἀφίκετο.
1679 899 1763 940 835

147 970 192 1005 10
202 965 362 1020 μαθὼν
393 966 418 1007 ὁ
443 965 686 1019 Μαυρίκιος
716 966 872 1008 κελεύει
902 965 963 1020 τῷ
995 970 1287 1021 στρατηγοῦντι
1317 971 1390 1021 τῆς
1420 967 1567 1021 χώρας
1597 967 1703 1009 ὕπο-

0 1034 409 1083 0111294ὂέξασθαι
450 1034 522 1076 τὸν
558 1034 763 1090 Χοσρόην
804 1035 1035 1090 βασιλικαῖς
1077 1035 1320 1089 θεραπείαις
1363 1036 1434 1077 καὶ
1478 1036 1703 1084 δεξιώσεσι.

205 1103 354 1146 στέλλει
398 1103 443 1145 δὲ
482 1102 662 1159 Ναρσῆν
703 1103 806 1158 μετὰ
851 1105 1172 1158 στρατευμάτων
1215 1109 1487 1159 συμμαχῆσαι
1525 1103 1702 1159 Χοσρόῃ
1717 1108 1764 1144 36

204 1172 276 1214 καὶ
318 1173 656 1227 ἀποκαταστῆσαι
698 1171 826 1214 αὐτὸν
868 1174 925 1219 εἷς
963 1173 1037 1227 τὴν
1074 1174 1229 1215 οἰκείαν
1265 1173 1411 1228 ἀρχήν.
1473 1173 1705 1228 συμβαλὼν
1717 1177 1764 1213 37

205 1241 341 1283 τοίνυν
372 1241 397 1283 ὁ
427 1240 607 1296 Ναρσῆς
643 1246 704 1295 τῷ
735 1240 895 1296 Βαρὰμ
932 1242 1051 1296 νίκην
1088 1243 1219 1296 ἤρατο
1255 1246 1480 1296 περιφανῆ,
1524 1241 1706 1288 πολλοὺς

148 1315 193 1350 15
204 1309 283 1364 μὲν
302 1313 388 1351 τῶν
409 1308 594 1363 Περσῶν
619 1310 793 1363 ἀνελών,
826 1311 1051 1365 ζωγρήσας
1083 1310 1129 1352 δὲ
1159 1310 1254 1365 περὶ
1285 1310 1597 1365 ἑξακισχιλίους,
1630 1312 1705 1357 οὓς

205 1384 266 1432 τῴ
297 1377 474 1433 Χοσρόῃ
505 1379 792 1433 προσήγαγεν·
827 1379 851 1420 ὁ
884 1379 929 1421 δὲ
960 1379 1252 1434 κατηκόντισεν
1283 1380 1479 1425 ἅπαντας.
1542 1379 1633 1421 ὅσοι
1665 1376 1702 1420 δ’
1718 1384 1764 1420 38

206 1448 250 1489 ἒν
291 1451 376 1493 τοῖς
418 1448 698 1502 ζωγρηθεῒσιν
741 1447 847 1502 ἦσαν
890 1452 963 1490 τοῦ
1009 1448 1218 1502 Τούρκων
1255 1449 1408 1495 ἔθνους
1446 1453 1508 1503 τῷ
1545 1448 1707 1503 Βαρὰμ

206 1519 536 1571 συμμαχοῦντες,
580 1516 753 1563 τούτους
791 1517 1032 1572 ἀνέπεμψεν
1068 1517 1125 1563 εἷς
1155 1515 1410 1572 ᾹΙαυρίκιον,
1455 1515 1518 1559 ὧν
1560 1516 1706 1559 πολλοὶ
1719 1521 1755 1556 D

206 1647 229 1681 3
253 1646 427 1692 ἀναίρεσις
447 1647 636 1692 Ὁρμίσὸου
663 1647 759 1693 (ὀρμ.
786 1647 832 1690 Ε)
860 1647 922 1684 CE
1036 1649 1058 1684 7
1083 1648 1313 1687 ἐπανάστασις
1338 1647 1428 1684 κατὰ
1454 1653 1513 1684 τοῦ
1539 1650 1631 1691 (om.
1659 1647 1705 1690 E)

205 1695 372 1739 Χοσρόου
398 1695 458 1731 καὶ
484 1695 580 1741 φυγὴ
606 1695 714 1731 αὐτοῦ
739 1695 826 1740 πρὸς
847 1696 1046 1741 Ῥωμαίους
1074 1695 1137 1732 ΟΕ
1236 1696 1280 1732 16
1305 1697 1386 1741 περὶ
1405 1701 1476 1732 τῶν
1493 1696 1706 1731 ἑαλωκότων

211 1743 382 1788 Τούρκων
408 1746 587 1788 (τουρκῶν
612 1743 658 1787 Ε)
685 1743 748 1780 ΟΕ

279 1871 297 1906 1
325 1872 432 1908 αὐτοῦ
459 1871 495 1906 D
640 1872 876 1918 στελλομένων
903 1871 1070 1919 prDz'‚
1097 1874 1323 1916 στελλόμενον
1349 1872 1395 1918 Α,
1426 1874 1642 1919 τελουμένων
1669 1873 1704 1908 D

279 1919 302 1955 ‘2
327 1921 387 1955 καὶ
415 1931 489 1955 om.
517 1919 553 1955 D
673 1921 695 1956 3
721 1926 806 1965 γοῦν
831 1921 928 1967 Ewp
1052 1921 1074 1956 5
1100 1922 1260 1966 γενέσθαι
1286 1921 1322 1956 D
1433 1927 1527 1958 ante
1552 1923 1706 1967 χοσρόου

281 1968 372 2002 add.
399 1973 459 2003 τοῦ
487 1968 584 2014 pr
703 1969 846 2013 ἐποίησε
871 1967 1038 2014 EwpDi,
1064 1969 1226 2014 ἐποίησεν
1251 1969 1332 2013 AO,
1360 1981 1396 2004 v.
1425 1970 1476 2005 ad
1503 1969 1599 2004 XIII
1627 1970 1659 2012 1,
1685 1969 1707 2004 ἴ)

280 2018 302 2051 6
327 2015 471 2062 βαραὰμ
499 2016 546 2056 D,
573 2027 609 2050 V.
638 2016 690 2051 ad
717 2016 808 2051 XIV
836 2016 891 2060 12,
918 2017 966 2051 40
1073 2017 1291 2056 ὑποπτεύσας
1316 2017 1397 2061 ΑΟ,
1421 2018 1426 2062 Ι
1448 2017 1639 2064 ὑπολαβὼν
1664 2017 1706 2061 Ε,

281 2075 357 2099 om.
373 2064 469 2110 w*p‚
495 2065 566 2100 sed
591 2065 658 2099 Wo
676 2064 760 2099 lat.:
788 2065 1017 2110 suspicatus
1116 2065 1137 2101 7
1162 2066 1450 2110 noongwvezooac
1471 2066 1500 2100 Ε
1599 2066 1621 2101 9
1647 2066 1706 2100 καὶ

279 2111 460 2156 ρωμαίους
483 2112 690 2157 προςρύεται
718 2111 749 2148 Ο
835 2113 879 2147 13
904 2113 1001 2157 αὐτῷ
1029 2112 1058 2148 C
1146 2113 1190 2148 14
1216 2114 1323 2158 ἤρατο
1347 2114 1452 2159 νίκην
1478 2113 1509 2149 Ο
1586 2113 1628 2148 17
1655 2113 1706 2158 γε’-

279 2173 361 2198 νους
387 2160 483 2205 Ewp
596 2160 640 2194 18
665 2160 798 2199 τούτοις
824 2161 855 2196 Ε
957 2162 1149 2206 μαυρίκιον
1175 2161 1206 2196 Ε
1234 2165 1287 2206 (ν.
1315 2161 1365 2196 ad
1393 2161 1485 2197 XIV
1514 2161 1568 2206 ll,
1595 2161 1642 2196 20
1667 2165 1707 2197 et

280 2217 439 2253 argum.
465 2207 518 2242 ad
545 2207 635 2243 XIV
663 2207 719 2252 12,
744 2207 802 2244 47.
833 2207 889 2253 13,
916 2208 951 2253 7)

207 2336 283 2379 Qui
303 2345 392 2372 cum
407 2336 515 2380 nihil,
543 2337 652 2382 quod
679 2348 703 2372 a
730 2337 809 2372 filio
837 2338 1172 2383 proficisceretur,
1198 2341 1361 2384 gratum
1380 2338 1558 2382 haberet,
1585 2338 1705 2374 immo
1719 2338 1767 2373 30

208 2383 472 2420 contumelias
498 2395 571 2430 pro
598 2385 804 2421 beneficiis
829 2389 1055 2431 reponeret,
1082 2386 1210 2422 iratus
1237 2385 1434 2422 Chosroes
1461 2389 1616 2431 patrem
1649 2385 1705 2421 la·
1719 2385 1763 2421 31

207 2436 295 2468 tera
321 2432 495 2468 fustibus
509 2433 719 2469 tundendo
746 2433 875 2468 occidi
903 2434 1029 2468 iussit.
1081 2433 1125 2468 Id
1154 2434 1312 2469 facinus
1339 2434 1474 2469 odium
1490 2433 1706 2469 Persarum
1719 2433 1767 2469 32

208 2479 374 2516 Chosroi
402 2481 568 2526 peperit.
620 2479 817 2527 Suscepta
831 2485 974 2517 contra
988 2481 1205 2517 Baramum
1221 2481 1481 2527 expeditione
1508 2481 1704 2526 quosdam
1719 2481 1766 2517 33

209 2539 260 2563 ex
287 2528 524 2574 proceribus
555 2529 638 2564 suis
671 2529 726 2564 illi
759 2529 923 2565 studere
962 2530 1191 2575 suspicatus
1219 2529 1375 2564 oceidit.
1426 2528 1506 2565 Sed
1544 2528 1766 2565 militari34

209 2575 407 2611 seditione
434 2577 672 2622 perterritus
699 2587 790 2612 cum
809 2577 949 2623 paucis
976 2577 1028 2612 ad
1047 2577 1251 2613 Romanos
1278 2578 1475 2623 confugit.
1525 2576 1583 2612 Eo
1598 2574 1706 2612 Mau·
1719 2575 1766 2612 35

210 2624 333 2659 ricius
367 2624 530 2669 cognito
557 2625 735 2670 praetori
774 2625 1010 2670 provinciae
1047 2625 1224 2669 mandat,
1263 2628 1308 2661 ut
1335 2624 1551 2661 chosroem
1590 2625 1705 2669 regio

210 2671 321 2707 cultu
348 2671 566 2707 ethonore
597 2673 801 2718 suscipiat,
841 2676 881 2708 et
905 2672 1115 2708 Narsetem
1155 2683 1245 2708 cum
1284 2673 1515 2719 legionibus
1552 2672 1705 2708 auxilio
1719 2673 1766 2708 36

210 2719 329 2754 mittit
354 2719 405 2754 ad
431 2729 603 2764 regnum
623 2720 959 2766 recuperandum.
1009 2720 1157 2757 Narses
1183 2721 1309 2765 igitur
1323 2731 1413 2756 cum
1428 2719 1600 2756 Baramo
1617 2731 1707 2756 eon·
1720 2721 1766 2756 37

209 2776 375 2812 gressus
400 2766 542 2803 illustri
563 2768 731 2803 victoria
750 2769 911 2814 potitur,
939 2768 1152 2804 Persarum
1172 2769 1307 2804 multis
1322 2769 1463 2805 occisis
1490 2771 1530 2804 et
1555 2768 1607 2804 ad
1634 2778 1707 2804 sex

210 2814 318 2850 milia
344 2814 489 2860 captim
517 2825 618 2860 quos
645 2814 842 2852 Chosroes
869 2815 920 2851 ad
947 2826 991 2852 se
1016 2816 1215 2851 adductos
1242 2816 1382 2851 iaculis
1408 2826 1547 2851 omnes
1574 2816 1706 2852 eonfe-

211 2862 275 2897 cit.
325 2862 399 2903 Qui
440 2872 538 2898 vero
579 2863 684 2908 capti
708 2874 759 2898 ex
787 2862 947 2899 Barami
987 2865 1104 2899 sociis
1129 2864 1326 2900 Tul-cicae
1365 2864 1540 2899 nationis
1579 2864 1766 2909 erant,38

211 2919 280 2946 eos
306 2909 359 2945 ad
384 2909 622 2946 Mauricium
648 2911 764 2956 misit,
792 2922 965 2957 quorum
990 2912 1104 2948 multi
1131 2912 1171 2947 in
1198 2912 1400 2948 frontibus
1426 2921 1567 2948 cruces
1592 2922 1706 2959 gere·
