1968 3302
407 218 702 266 MAGNENTII
728 216 924 264 onrrv‘s.
975 214 1139 263 GALLI
1165 214 1412 262 SCELERA.
1618 215 1666 261 45

164 350 340 405 ἀδελφῷ
377 349 540 405 πληγὰς
578 349 736 396 πολλὰς
776 349 843 391 διὰ
881 350 1031 404 ξίφους
1069 348 1306 403 ἓπήνεγκεν,
1354 348 1406 389 οὗ
1436 348 1577 402 μέντοι
1607 364 1665 394 τις
1680 360 1710 397 C

163 418 304 462 αὗτῶν
334 419 572 473 θανάσιμος
603 418 665 473 ἧν.
728 419 799 460 καὶ
829 422 956 460 ταῦτα
993 417 1159 471 πράξας
1195 416 1267 458 καὶ
1305 415 1455 458 ἑαυτὸν
1494 417 1701 470 ἀνεῖλεν,5

162 489 227 530 ἵνα
258 488 318 543 μὴ
350 488 584 542 παραδοθῇ
615 488 724 542 πρὸς
754 491 840 530 τῶν
877 487 1005 529 αὐτὸν
1044 486 1348 541 φυλασσόντων
1379 486 1664 540 Κωνσταντίῳ

161 561 223 610 τῷ
255 557 533 611 αὐτοκράτορι
570 557 642 597 καὶ
679 557 961 610 χρονιώτερον
1000 555 1206 610 κολασθῇ.
1268 554 1339 595 καὶ
1371 554 1587 600 Δεκέντιος
1619 554 1700 602 δὲ6

125 625 188 668 56
220 624 404 679 ἀδελφὸς
435 625 580 678 αὐτοῦ,
621 626 670 666 ὃν
700 625 1013 679 προεχειρίσατο
1045 624 1256 677 Καίσαρα,
1301 623 1345 664 ἒν
1376 622 1420 663 Γ
1415 623 1570 669 αλλίαις
1601 624 1664 664 ὢν

162 693 235 735 καὶ
265 692 374 747 πρὸς
403 692 476 734 τὸν
507 692 692 748 ἀδελφὸν
723 693 1047 748 ἑτοιμαζόμενος
1078 692 1302 747 ἀφίξεσθαι
1331 692 1569 746 σύμμαχος,
1602 692 1665 738 ὡς

161 761 234 804 τὸν
265 762 424 803 ἐκείνου
457 761 637 803 ἐπύθετο
670 762 864 816 ὄλεθρον,
913 761 1125 816 ἀπογνοὺς
1162 761 1319 816 ἀγχόνῃ
1358 761 1576 815 ἐχρήσατο.
1639 761 1663 802 ὁ
1678 775 1699 810 7

163 830 208 872 δὲ
238 829 355 885 παρὰ
386 834 460 872 τοῦ
491 829 755 884 ΙΙῙαγνεντίου
795 830 957 885 πληγὰς
997 831 1224 885 δεξάμενος
1263 830 1424 871 ἐκείνου
1464 830 1663 884 ὁμαίμων

42 947 43 950 ¹
162 899 187 941 ὁ
218 899 460 954 Δισιδέριος,
491 898 564 941 τὸν
594 899 781 940 θάνατον
813 899 1015 953 ἐκφυγὼν
1046 899 1117 941 καὶ
1149 898 1443 953 ἀναρρωσθεὶς
1471 897 1556 939 ἀπὸ
1576 902 1662 940 τῶν

15 954 49 1018 ἶ]
102 977 149 1013 10
160 968 348 1023 πληγῶν,
393 973 453 1022 τῷ
487 967 768 1022 Κωνσταντίῳ
798 967 1040 1022 προσῆλθεν
1072 967 1303 1023 ἐθελοντής.
1367 967 1480 1008 οὕτω
1514 966 1559 1008 δὲ
1589 971 1698 1022 τῆςὸ

160 1041 234 1078 τοῦ
268 1036 530 1091 Μαγνεντίου
562 1036 806 1091 τυραννίδος
846 1036 1122 1091 διαλυθείσης,
1170 1037 1248 1078 ὅσα
1289 1037 1447 1082 ἐκεῖνος
1485 1040 1660 1091 κατεῖχε,
1675 1049 1712 1085 D

160 1105 231 1148 καὶ
269 1109 395 1147 ταῦτα
435 1105 519 1147 ὑπὸ
557 1105 629 1147 τὸν
660 1104 953 1146 Κωνστάντιον
990 1106 1146 1159 γέγονε,
1194 1105 1265 1146 καὶ
1308 1105 1545 1159 ὁλοκλήρου
1588 1109 1662 1159 τῆς

159 1178 363 1229 πατρικῆς
394 1174 529 1229 ἀρχῆς
558 1173 692 1229 μόνος
723 1175 890 1228 γέγονεν
921 1174 1136 1229 ἐγκρατής.

287 1243 349 1285 Τὰ
386 1243 465 1297 μὲν
503 1242 579 1285 οὖν
617 1243 785 1297 ἑσπέρια
826 1244 994 1298 εἰρήνην
1030 1242 1135 1298 ἦγον
1172 1244 1382 1286 ἐντεῦθεν·
1430 1242 1479 1284 τὰ
1512 1242 1558 1284 δὲ
1588 1246 1697 1298 τῆςξ)

101 1321 146 1357 15
159 1312 272 1366 ἑῴας
303 1311 541 1366 ἐταράττετο
571 1313 735 1366 μοίρας.
797 1312 822 1354 ὁ
854 1311 1015 1359 Γάλλος
1047 1311 1127 1367 γὰρ
1158 1318 1220 1367 τῷ
1251 1313 1502 1368 εὐτυχήματι
1530 1313 1658 1366 ἕπαρ-4
1676 1318 1722 1353 10

158 1381 262 1435 θείς,
308 1381 394 1422 ἐπεὶ
425 1381 469 1422 ἒν
494 1381 718 1435 Ἀντιοχείᾳ
751 1381 923 1435 ἐγένετο,
961 1381 1097 1436 βαρὺς
1127 1386 1212 1428 τοῖς
1242 1382 1313 1423 ὑπ’
1347 1381 1475 1422 αὐτὸν
1505 1396 1658 1435 προσε-

158 1450 323 1504 φέρετο,
371 1451 653 1504 κακουμένοις
682 1449 917 1496 πολυειδῶς
947 1449 1056 1504 πρὸς
1087 1451 1230 1499 αὐτοῦ,
1277 1451 1446 1505 ἔχοντος
1477 1450 1548 1491 καὶ
1585 1448 1660 1504 τὴν

40 1532 48 1546 ⁴
74 1526 140 1563 201
158 1518 348 1574 ὁμόζυγα
380 1518 489 1574 πρὸς
519 1523 641 1561 τοῦτο
681 1518 808 1560 αὐτὸν
848 1519 1132 1574 ἕρεθίζουσαν.
1196 1519 1335 1566 δείσας
1366 1517 1443 1560 οὗν
1474 1519 1499 1560 ὁ
1531 1518 1658 1561 Κων-
1676 1526 1718 1561 11

158 1661 203 1698 15
228 1662 324 1701 ὅπως
349 1662 370 1698 o‘
393 1662 527 1702 Γάλλος
559 1662 824 1708 ὑπερεφρόνησε
854 1662 914 1698 καὶ
946 1661 1026 1702 τοὺς
1059 1662 1316 1709 συγκλητικοὺς
1349 1662 1485 1698 ἀνεῖλεν
1515 1662 1658 1708 ἄνδρας,

156 1709 217 1746 καὶ
241 1709 345 1750 αὐτὸς
371 1715 430 1756 τῆς
455 1715 516 1746 τοῦ
532 1711 709 1755 Καίσαρος
734 1710 832 1752 ἀξίας
855 1710 997 1753 ἐξέπεσε
1019 1711 1080 1747 καὶ
1106 1716 1167 1758 τῆς
1193 1712 1289 1757 ζωῆς
1314 1711 1490 1757 ἐστερήθη
1517 1711 1656 1755 ἀναιρε-

155 1758 232 1797 θείς
258 1757 288 1794 C
385 1759 557 1803 ἀναίρεσις
582 1758 719 1794 Γάλλου
747 1758 778 1794 Ε

229 1902 246 1937 1
274 1901 405 1942 πολλὰς
429 1902 564 1948 πληγὰς
590 1902 726 1950 DEwp
843 1904 888 1940 12
913 1904 971 1940 τὸν
997 1904 1077 1950 Dw‚
1105 1909 1176 1941 τῶν
1203 1904 1238 1941 D
1357 1905 1400 1941 16
1428 1909 1522 1941 ante,
1547 1903 1659 1951 βαρὺς

228 1950 319 1986 add.
346 1951 406 1987 καὶ
431 1950 462 1986 Β
579 1953 621 1987 17
648 1953 742 1997 ἔχων
768 1952 803 1986 Ι)
923 1955 966 1988 18
991 1955 1166 1999 ὁμόζυγον
1193 1954 1328 1999 Dsswp

156 2096 240 2128 tum
273 2093 392 2128 etiam
420 2093 631 2130 Desiderio
665 2096 779 2132 fratri
815 2096 987 2132 vulnera
1018 2096 1144 2132 multa
1177 2096 1315 2142 gladio
1350 2096 1508 2140 inflixit,
1546 2096 1657 2133 nullo

156 2144 292 2176 tamen
319 2141 370 2176 de
395 2142 443 2176 iis
469 2143 689 2179 mortifero.
741 2143 896 2186 Quibus
922 2145 1045 2180 rebus
1072 2145 1189 2180 factis
1216 2148 1255 2180 et
1281 2145 1367 2191 ipse
1393 2148 1562 2180 mortem
1581 2144 1694 2180 sibi5

156 2189 363 2232 conscivit,
390 2199 442 2225 ne
469 2190 698 2226 traderetur
724 2193 775 2227 ab
803 2193 849 2227 iis
877 2194 945 2238 qui
973 2203 1015 2228 se
1034 2192 1284 2228 custodirent
1308 2193 1543 2239 imperatori
1558 2191 1658 2228 Con-

156 2237 303 2271 stantio
336 2247 385 2272 ac
418 2238 603 2283 longiore,
638 2249 771 2284 poena
805 2241 1044 2276 afficeretur.
1095 2240 1316 2276 Decentius
1355 2244 1490 2276 autem
1531 2241 1693 2276 fraisai-6

157 2285 253 2328 eius,
294 2295 414 2330 quem
442 2286 753 2331 praedicaverat
780 2287 1005 2333 Caesarem,
1046 2298 1136 2323 eum
1164 2289 1204 2323 in
1232 2287 1372 2324 Galliis
1401 2289 1452 2323 ad
1488 2290 1656 2324 fratrem

157 2337 320 2378 pararet
347 2334 545 2379 proficisci
573 2335 718 2379 socius,
746 2336 851 2371 illius
879 2337 1042 2382 cognito
1066 2337 1231 2371 interitu
1251 2337 1490 2382 desperatus
1509 2337 1655 2382 laqueo

156 2381 281 2415 vitam
307 2381 448 2416 finivit.
500 2381 736 2418 Desiderius
763 2388 909 2428 autem,
950 2384 1054 2419 illius
1083 2385 1219 2425 frater.
1259 2394 1283 2418 a
1310 2383 1547 2430 MagnentiQ
1573 2384 1692 2420 vul-7

157 2429 321 2464 neribus
347 2430 524 2475 acceptis
551 2440 642 2465 cum
669 2437 835 2467 mortem
870 2432 1078 2478 effugisset
1111 2437 1149 2467 et
1183 2432 1455 2467 convaluisset
1489 2432 1539 2467 de
1572 2433 1657 2467 vul—

157 2476 332 2521 neribus,
376 2477 427 2512 ad
467 2477 746 2514 Constantium
790 2481 947 2515 transiit
990 2490 1064 2515 sua
1107 2483 1262 2525 sponte.
1331 2479 1395 2515 Sic
1433 2478 1694 2526 Magnentiiss

157 2525 372 2569 tyrannide
411 2525 544 2560 deleta
583 2536 854 2573 quaeeunque
895 2528 957 2563 ille
996 2531 1281 2573 occupaverat,
1325 2538 1374 2562 ea
1413 2538 1577 2573 quoque
1615 2529 1655 2563 in

157 2572 379 2607 Constantii
406 2576 644 2618 potestatem
674 2580 886 2620 venerunt,
926 2577 980 2611 ita
1013 2581 1057 2611 ut
1090 2577 1249 2621 integro
1283 2579 1453 2620 paterno
1487 2576 1656 2621 imperio

156 2620 264 2655 solus
291 2621 498 2666 potiretur.

276 2667 374 2704 Inde
402 2674 570 2714 pacatus
597 2674 684 2706 erat
708 2671 912 2717 occide1133
940 2672 1010 2707 sed
1032 2675 1167 2717 partes
1187 2671 1352 2706 orientis
1371 2671 1692 2708 turbabantur.9

4 2743 18 2763 2:
156 2713 296 2751 Gallus
335 2717 440 2751 enim
479 2717 601 2752 rebus
644 2719 832 2754 secundis
871 2719 1000 2754 elatus
1040 2730 1129 2754 eum
1169 2718 1425 2754 Antiochiam
1465 2721 1654 2764 venisset,
1671 2720 1717 2755 10

0 2778 25 2803 3
156 2773 300 2809 aspere
326 2774 421 2799 suos
448 2766 649 2801 tractabat
668 2766 803 2802 multis
820 2767 949 2802 modis
969 2772 1152 2810 vexatos,
1180 2767 1276 2812 quia
1296 2767 1416 2802 ctiam
1435 2777 1459 2802 a
1478 2769 1654 2813 coniuge

0 2813 23 2826 *⁵
156 2811 208 2846 ad
235 2811 339 2847 hauc
365 2821 447 2847 rem
475 2813 733 2849 incitabatur.
784 2815 944 2850 Veritus
970 2817 1095 2861 igitur
1124 2815 1394 2859 Constantius,
1435 2825 1486 2850 no.
1513 2816 1711 2852 sollici-11

157 2862 340 2895 tarentur
366 2860 418 2895 ad
445 2860 714 2898 defectionem
742 2863 923 2899 homines
949 2864 1000 2898 ab
1028 2864 1093 2899 illo
1114 2863 1251 2899 vexati
1271 2866 1394 2908 atque
1420 2864 1653 2899 intestinum

157 2907 304 2943 bellum
343 2908 418 2944 sibi
457 2913 562 2945 esset
601 2911 840 2957 gerendum,
879 2911 1167 2958 Domitianum,
1211 2912 1341 2947 virum
1381 2911 1574 2948 illustrem
1615 2917 1654 2950 vt

3 2459 18 2486 ῖὲ

0 2609 15 2624 {J
18 2619 19 2622 ¹
22 2622 25 2623 r

0 2626 17 2644 ἱ)

0 2645 25 2679 ἐκ

0 2680 12 2705 a!

0 2716 10 2725 τ
