1968 3302
273 224 342 262 110
659 219 840 263 ZONAR.
868 218 999 260 EPIT.
1026 218 1123 259 X111
1149 216 1206 269 23,
1232 216 1385 259 23-40.

213 351 256 387 <24
271 364 355 404 μης
398 351 471 390 τοῦ
510 348 696 403 ἀδελφοῦ
733 347 892 389 τοιόνδε
929 362 963 387 τι
1000 349 1049 400 τῇ
1090 344 1329 399 Πουλχερίᾳ
1367 345 1633 400 ἐπινενόηται.
1701 345 1768 400 ἔγ-

273 433 440 471 γραφον
471 418 517 465 ἐξ
548 417 707 458 ἐκείνου
740 416 952 469 συντίθησι
973 415 1184 468 πράσεως,
1219 414 1280 459 ὡς
1301 414 1406 468 αὐτῇ
1427 414 1501 468 τὴν
1521 414 1771 468 Αὐγούσταν

229 490 258 526 C
275 486 488 527 Εὐόοκίαν
525 486 815 540 πωλήσαντος·
859 483 929 524 καὶ
967 483 1028 528 ὡς
1059 482 1199 536 ἕτερόν
1229 498 1264 523 τι
1295 483 1412 535 αὐτῷ
1442 487 1770 536 προσαγαγοῦσα

272 555 319 596 τὸ
352 556 586 609 ὠνητήριον
618 555 750 594 ἔπεισε
781 554 1011 606 βεβαιῶσαι
1038 556 1088 606 τῇ
1111 551 1242 604 οἰκείᾳ
1262 552 1509 606 ὑπογραφῇ·
1542 550 1624 592 εἷτα
1645 567 1770 605 μετα-

213 630 259 665 25
272 623 537 676 καλουμένην
553 621 653 675 παρ’
672 621 833 661 ἐκείνου
850 619 924 673 τὴν
939 618 1156 660 Εὒδοκίαν
1178 620 1338 660 ἀπιέναι
1361 620 1439 661 οὐκ
1462 621 1534 661 εἴα.
1567 620 1771 674 ἐρομένου
1785 628 1807 663 5

274 691 319 732 δὲ
357 691 431 744 τὴν
470 691 600 730 αἰτίαν
636 692 709 729 τοῦ
750 688 1075 741 αὐτοκράτορος,
1119 687 1166 729 τὸ
1203 689 1433 743 πρατήριον
1470 689 1495 742 ἡ
1531 687 1770 743 Πουλχερία

273 759 390 812 αὐτῷ
412 758 625 812 ἐνεφάνισε
646 756 717 797 καὶ
739 757 875 802 οὕτως
896 756 1064 810 ἤλεγξεν
1086 755 1212 797 αὐτὸν
1237 756 1370 797 πολλὰ
1398 757 1771 811 ὑποσημαίνεσθαι,

273 829 298 868 ἃ
332 828 426 868 οὔτε
458 826 568 867 οἶδεν
601 822 686 866 οὔτ’
721 826 823 870 ἴσως
853 825 1044 878 βούλεται
1076 825 1271 876 γίνεσθαι.

213 904 259 938 26
395 895 494 936 Τότε
529 894 608 948 μὲν
645 892 720 935 οὗν
757 898 830 948 τῆς
865 893 1157 948 πεπλασμένης
1194 894 1353 948 ἐκείνης
1387 895 1585 948 πράσεως
1621 894 1772 949 σχολα-

213 973 258 1008 27
273 965 417 1018 σάσης,
462 964 487 1017 ἡ
526 962 684 1017 βασιλὶς
723 963 982 1016 ἀποκατέστη
1026 968 1088 1016 τῷ
1131 963 1421 1017 αὐτοκράτορι.
1482 964 1694 1018 μετέπειτα
1733 963 1770 1005 δ’
1789 970 1834 1005 10

274 1033 402 1078 αἰτίας
440 1031 660 1086 συμβάσης
697 1031 819 1084 τινός,
863 1031 1085 1085 ἀπέστερξε
1121 1030 1194 1085 τὴν
1227 1031 1477 1084 Αὐγούσταν
1508 1032 1532 1073 ὁ
1562 1031 1771 1086 βασιλεύς·

214 1110 260 1144 28
274 1103 299 1156 ἡ
335 1101 371 1141 δ’
406 1101 529 1141 αἰτία·
573 1100 709 1154 μῆλον
753 1099 967 1153 ὑπερφυὲς
1004 1100 1061 1144 εἷς
1098 1100 1228 1152 ὄγκον
1265 1099 1471 1154 ἐκομίσθη
1509 1105 1571 1152 τῷ
1607 1100 1773 1154 βασιλεῖ.

215 1171 299 1214 296
333 1170 378 1211 δὲ
408 1174 531 1211 τοῦτο
560 1169 790 1223 θαυμάσας
821 1173 870 1223 τῇ
901 1168 1077 1223 βασιλίδι
1109 1168 1328 1220 ἀπέστειλε,
1362 1168 1532 1222 κάκείνη
1564 1173 1626 1221 τῷ
1651 1167 1773 1209 Παυ-

274 1239 375 1293 λίνῳ
406 1238 452 1279 τὸ
483 1238 619 1293 μῆλον
652 1237 856 1279 δέδωκεν·
902 1237 971 1291 (ἦν
1003 1237 1048 1278 δὲ
1080 1237 1218 1290 λόγιος
1249 1238 1273 1277 ὃ
1305 1236 1424 1290 ἀνήρ,
1468 1237 1696 1278 κάντεῦθεν
1725 1241 1774 1291 τῇ

215 1315 262 1350 30
275 1307 489 1362 βασιλίσσῃ
512 1305 732 1360 ᾠκείωτο).
796 1307 820 1347 ὁ
843 1306 956 1347 δὲτὸ
987 1310 1060 1347 τοῦ
1091 1306 1230 1360 μήλου
1261 1306 1444 1359 μέγεθος
1476 1305 1674 1358 ἀγασθεὶς
1704 1305 1775 1347 καὶ
1791 1315 1835 1350 15

215 1384 261 1420 31
277 1377 446 1430 ἀγνοῶν
488 1375 583 1429 περὶ
626 1376 755 1416 αὐτοῦ
798 1375 999 1429 προσάγει
1041 1378 1163 1415 τοῦτο
1205 1379 1267 1428 τῷ
1309 1373 1475 1428 βασιλεῖ.
1538 1374 1694 1420 ἐκεῖνος
1737 1371 1774 1416 δ’

278 1445 440 1499 ἐπέγνω
471 1443 518 1484 τὸ
549 1443 796 1498 προσαχθὲν
827 1443 898 1484 καὶ
928 1443 1101 1497 κρύψας
1132 1442 1234 1484 αὐτὸ
1265 1442 1340 1496 τὴν
1364 1446 1538 1496 γυναῖκα
1561 1443 1777 1497 ἠρώτησεν

216 1522 263 1557 32
278 1513 374 1555 ὅποι
411 1512 458 1554 τὸ
496 1512 640 1554 σταλὲν
677 1513 782 1566 αὐτῇ
824 1512 960 1566 μῆλόν
1003 1512 1118 1553 ἐστιν.
1185 1512 1211 1566 ἡ
1252 1511 1297 1552 δὲ
1335 1515 1484 1566 φαγεῖν
1520 1510 1606 1552 εἷπε
1642 1515 1776 1560 τοῦτο,

279 1643 325 1678 10
349 1644 447 1682 ὅπως
475 1641 538 1688 τὴν
563 1642 771 1687 Αὐγούσταν
798 1641 980 1677 Εὗδοκιάν
1005 1642 1211 1687 ἀπέστερξεν
1237 1642 1257 1675 ό
1286 1642 1474 1679 Θεοδόσιος
1502 1640 1565 1677 CE

351 1773 370 1807 1
390 1773 544 1807 τοιοῦτόν
563 1771 626 1808 CE
722 1771 744 1807 3
760 1776 982 1816 προςαγοῢσα
1009 1772 1094 1814 (Sic)
1114 1769 1149 1805 A
1247 1770 1268 1806 7
1284 1770 1394 1805 πολλὰ
1412 1769 1491 1813 ΑΕ,
1517 1770 1659 1805 πλεῖστα
1678 1768 1774 1815 pr

350 1821 372 1855 8
397 1821 419 1855 ἃ
445 1819 517 1855 οὔτ’
543 1819 652 1854 BDW
657 1818 740 1865 pDz'
835 1819 926 1855 εἶδεν
953 1819 982 1855 C
1090 1820 1133 1853 11
1159 1818 1347 1862 ἀπέστερξε
1373 1816 1541 1863 prD5,
1568 1817 1775 1861 ἀπέστερξεν

349 1868 396 1912 A,
423 1879 460 1903 V.
488 1868 540 1902 ad
566 1867 662 1903 XIII
692 1868 721 1911 1,
749 1867 772 1902 5
910 1867 974 1912 αὐγ
977 1872 1103 1902 οῦσταν
1129 1866 1174 1910 A,
1201 1866 1395 1910 αὐγούσταν
1422 1864 1589 1911 prDi,
1616 1876 1653 1900 V.
1679 1864 1776 1900 XIII

349 1916 482 1958 2213.
509 1915 642 1960 23,24.
669 1895 762 1951 XIV
787 1915 819 1959 9,
838 1915 871 1950 5.
898 1914 970 1950 XV
997 1915 1052 1959 18,
1072 1915 1104 1950 7.
1130 1914 1221 1949 XVI
1247 1914 1280 1957 4,
1299 1914 1332 1948 2.
1359 1913 1488 1948 XVIII
1516 1914 1548 1956 9,
1566 1913 1619 1948 19.
1647 1913 1703 1957 21,
1720 1912 1774 1948 15.

350 1963 483 2009 24,14.
505 1964 549 1998 15
689 1964 733 1998 13
759 1963 819 1997 καὶ
845 1963 962 2007 ἑκεινη
990 1963 1021 1997 Ε
1161 1961 1204 1996 14
1229 1976 1328 2019 ην-
1345 1960 1447 2020 ἀνὴρ]
1475 1962 1514 2000 ὃς
1537 1975 1580 2006 ην
1605 1961 1719 2005 λόγιος
1745 1960 1776 1995 Ε

351 2012 396 2047 15
421 2012 573 2058 βασιλίδι
599 2011 631 2046 Ε
738 2011 782 2045 16
810 2014 900 2056 post
925 2011 1062 2055 ἀγνοῶν
1088 2010 1179 2045 add.
1206 2009 1246 2044 τὰ
1273 2009 1304 2044 Ε
1411 2009 1443 2054 ἀς
1445 2023 1548 2043 νοων
1564 2007 1774 2054 -βασιλεῒ]

350 2060 515 2142 προςάγῦι
541 2065 643 2095 τοῦτο
669 2073 732 2140 τω1
737 2058 807 2142 {tol
813 2058 879 2141 813)
893 2058 1033 2104 βασιλεῖ
1054 2058 1246 2148 dyved}
1217 2057 1258 2092 τὰ
1281 2057 1360 2102 περὶ
1385 2057 1492 2092 αὐτοῦ
1519 2056 1634 2149 ng
1731 2056 1776 2091 17

349 2122 479 2202 ἓῖξῖαὲὴ
507 2154 548 2200 c,
572 2154 735 2201 ἠρωτησε
759 2160 824 2189 πο.-
845 2106 1126 2199 ἕζφῗῗῑῖῑῖῖροὶἶῗ
1154 2114 1424 2188 οογῖίῗαὲἷῖἵῗν
1451 2118 1518 2150 ⁰⁷¹⁷⁷
1614 2104 1777 2150 ηρώτησε

220 2287 266 2323 24
282 2285 478 2332 cogitavit
508 2284 621 2320 haec.
681 2282 964 2329 Syngrapham
997 2282 1159 2317 nomine
1192 2282 1298 2317 illius
1334 2281 1546 2327 componit,
1587 2291 1667 2326 qua
1702 2281 1777 2316 sibi

281 2334 347 2369 1116
373 2332 601 2378 Augustam
629 2330 850 2366 Eudociam
877 2330 1084 2375 vendelffet
1121 2340 1261 2374 eaque,
1296 2330 1409 2374 quasi
1443 2329 1553 2363 aliud
1586 2328 1777 2374 quiddam

282 2384 398 2425 esset,
425 2380 653 2415 Theodosio
681 2379 816 2414 delata
842 2378 1071 2424 persuadet,
1106 2381 1151 2412 ut
1177 2377 1473 2422 subscriptione
1499 2388 1518 2411 1
1522 2380 1628 2411 uam
1654 2377 1778 2411 faciat

220 2430 266 2466 25
282 2429 542 2474 emptionem3
582 2431 667 2462 tum
693 2426 914 2462 Eudociam
946 2427 998 2460 ab
1023 2426 1090 2460 illo
1117 2426 1350 2460 arcessitam
1377 2425 1489 2459 abire
1517 2425 1655 2459 vetuit.
1705 2424 1778 2459 Re-

281 2477 471 2512 tentionis
516 2485 682 2510 causam
723 2474 936 2519 quaerenti
977 2473 1210 2518 imperatmi
1253 2472 1527 2507 venditionem
1565 2471 1778 2507 Pulcheria

282 2524 457 2560 ostendit
483 2527 606 2568 atque
632 2524 688 2557 ita
715 2523 919 2557 convincit
945 2531 1036 2556 eum
1063 2521 1317 2556 subscribere
1343 2520 1487 2564 multis,
1513 2529 1618 2564 quae
1643 2530 1777 2564 neque

281 2583 362 2608 nov
367 2572 441 2608 elit
466 2581 600 2616 neque
626 2571 798 2606 fortasse
823 2569 920 2605 velit
945 2569 1043 2604 fieri.

221 2621 267 2656 26
402 2619 503 2654 Tum
540 2620 667 2664 igitur
704 2618 798 2652 ficta
835 2617 902 2652 illa
940 2616 1175 2652 venditione
1213 2617 1371 2652 sublata
1410 2617 1554 2662 regin-t
1591 2616 1776 2651 iestituta

221 2668 266 2704 27
283 2671 343 2702 est
368 2667 612 2712 imperatori.
664 2665 760 2701 Post
792 2669 927 2700 autem
964 2674 1037 2699 rex
1068 2663 1295 2710 Augustam
1331 2675 1466 2699 amane
1506 2664 1622 2698 desiit
1654 2673 1778 2698 causa

222 2717 268 2751 28
285 2715 461 2760 quadam
499 2714 701 2749 adductus
739 2713 826 2748 hac.
877 2712 1025 2747 Malum
1058 2723 1283 2758 permagna
1316 2712 1420 2746 mole
1453 2712 1527 2746 sibi
1554 2712 1678 2746 latum
1704 2721 1777 2746 rex

222 2763 268 2798 29
284 2762 507 2798 admiratus
532 2762 701 2807 reginae
724 2761 839 2804 misit,
868 2770 974 2805 quae
994 2759 1173 2803 Paulino,
1200 2760 1287 2794 viro
1315 2759 1473 2794 eludito
1501 2759 1675 2804 ideoque
1702 2759 1778 2793 sibi

222 2811 270 2846 30
284 2814 462 2854 accepto,
496 2809 595 2844 illud
621 2809 769 2844 malum
797 2807 918 2843 dedit.
968 2807 1006 2843 Is
1031 2808 1125 2842 mali
1150 2807 1432 2852 magnitudine
1459 2807 1508 2841 d(
1512 2807 1680 2841 lectatus
1706 2806 1779 2841 rei-

223 2859 267 2893 31
286 2867 366 2903 que
390 2858 560 2903 ignarus
586 2857 675 2902 regi
701 2857 743 2891 id
770 2855 897 2891 offert.
950 2854 1037 2898 Quo
1065 2855 1203 2911 agnito
1218 2833 1271 2890 eet
1298 2855 1498 2890 occultato
1516 2854 1582 2889 ille
1608 2863 1778 2888 uxorem

223 2905 660 2951 321nterrooav1t11bi
687 2907 791 2940 esset
817 2902 966 2940 malum
993 2904 1029 2939 ei
1055 2903 1229 2939 missum.
1279 2902 1352 2955 11111
1373 2902 1514 2948 verita,
1541 2911 1593 2937 ne
1610 2901 1778 2937 maritus
