2066 3230
376 286 445 323 746
755 282 935 321 ZONAR.
963 282 1093 318 EPIT.
1120 281 1251 317 XVIII
1277 281 1334 326 24,
1360 280 1488 316 8-18.

277 410 313 446 D
339 411 362 447 8
490 408 550 449 ‘H
573 408 711 462 μήτηρ
744 406 789 447 ὁὲ
819 409 892 447 τοῦ
925 404 1236 458 αὐτοκράτορος
1266 402 1414 444 τούτου
1445 405 1530 443 τῶν
1560 406 1632 457 τῆς
1661 401 1868 456 βασιλείας

377 477 637 532 πραγμάτων
666 475 966 528 ἀναδεξαμένη,
999 473 1061 518 ὡς
1082 474 1249 526 εἴρηται,
1282 471 1356 526 τὴν
1378 471 1590 525 διοίκησιν,
1621 471 1744 525 μέχρι
1764 470 1866 511 πολ-

376 546 451 587 λοῦ
473 546 624 599 ταύτην
644 544 950 599 μετεχειρίζετο,
984 542 1086 583 ὅθεν
1107 541 1177 582 καὶ
1207 539 1256 581 τὰ
1287 539 1396 594 πρὸς
1426 540 1614 581 κάκωσιν
1645 543 1730 581 τῶν
1759 539 1866 594 ὗπη-
2049 543 2066 572 ἓ

341 614 495 656 9κόων
537 613 627 654 τότε
665 612 859 667 γινόμενα
898 611 1031 665 ἐκείνῃ
1071 611 1110 651 οἳ
1139 610 1323 655 πλείονες
1354 609 1650 663 ἐπεγράφοντο.
1711 609 1867 663 ἤχθετο
2052 595 2057 602 .

377 683 454 737 μὲν
498 681 573 723 οὗν
606 682 629 722 ὁ
660 680 852 736 βασιλεὺς
892 680 952 726 ὡς
991 680 1034 721 ἕν
1072 678 1195 733 μόνῳ
1235 677 1385 732 σχεδὸν
1423 682 1495 732 τῆς
1525 677 1732 732 βασιλείας
1762 677 1904 718 ἀπο-5

377 752 521 793 λαύων
565 750 748 804 ὀνόματι,
791 749 928 804 ᾐδεῖτο
974 748 1019 789 δὲ
1061 747 1135 802 τὴν
1177 747 1336 802 μητέρα
1380 746 1450 788 καὶ
1490 746 1676 801 ἀκούσης
1712 745 1870 800 ἐκείνης

320 822 364 856 10
379 819 608 874 ἀφελέσθαι
650 818 724 872 τὴν
762 818 952 866 ἐξουσίαν
991 817 1069 858 οὐκ
1108 816 1268 870 ἤθελεν.
1331 814 1417 857 ἐπεὶ
1449 815 1486 856 δ’
1520 815 1652 869 ἐκείνη
1693 819 1871 869 συνῆκεν

379 888 621 943 ἀχθόμενον
663 886 735 928 τὸν
778 886 883 940 υἱόν,
930 886 1160 940 πτοηθεῖσα
1206 884 1265 939 μὴ
1313 884 1504 938 βιασθείη
1553 883 1622 925 καὶ
1666 883 1871 938 ἀθέλητον

381 957 483 1012 δόξῃ
515 956 772 1010 ποιήσασθαι
805 955 879 1010 τὴν
915 955 1173 1008 μετάστασιν,
1217 952 1570 1007 παρακεχωρήκει
1605 952 1775 993 πάντων
1810 956 1870 1005 τῴ

379 1028 460 1081 υἱῷ
490 1042 531 1068 τε
563 1025 634 1067 καὶ
666 1025 942 1079 αὐτοκράτορι
972 1024 1044 1065 καὶ
1074 1026 1159 1065 τῶν
1189 1022 1410 1078 βασιλείων
1440 1021 1754 1075 ὑπανεχώρησε,
1797 1019 1871 1074 τὴν
1887 1022 1932 1058 10

380 1099 453 1137 τοῦ
485 1093 789 1136 Παντεπόπτου
820 1094 970 1148 μονήν,
1012 1095 1064 1147 ἣν
1096 1092 1228 1146 ἐκείνη
1263 1091 1467 1145 ἐδείματο,
1507 1090 1721 1131 κατοικίαν
1749 1104 1870 1143 ποιη-

322 1165 361 1199 11
381 1164 554 1218 σαμένη,
599 1159 699 1216 παρ’
732 1161 760 1217 ᾗ
791 1162 866 1204 καί
899 1177 1009 1208 τινας
1047 1159 1259 1206 ἐνιαυτοὺς
1294 1158 1589 1214 παροικήσασα
1627 1158 1802 1212 ἐντίμως
1831 1173 1873 1199 τε

168 1232 363 1269 PII302A
381 1232 452 1274 καὶ
494 1232 720 1287 βασιλικῶς
758 1231 800 1277 ἒς
838 1230 970 1285 γῆράς
1005 1247 1046 1272 τε
1077 1229 1192 1285 βαθὺ
1224 1228 1514 1282 καταντήσασα
1544 1227 1770 1282 μετήλλαξε
1799 1225 1874 1280 τὴν

323 1301 367 1336 12
383 1301 511 1356 ζωήν.
574 1301 646 1342 ἕνα
680 1297 716 1341 δ’
751 1298 937 1341 ἐνιαυτὸν
968 1299 1039 1340 καὶ
1069 1297 1222 1352 μικρόν
1257 1314 1292 1339 τι
1328 1296 1436 1351 πρὸς
1468 1297 1491 1338 ὁ
1523 1294 1872 1350 σεβαστοκράτωρ

383 1368 567 1424 ἐπιβιοὺς
596 1373 646 1423 τῇ
676 1367 801 1423 μητρὶ
832 1368 1025 1414 κάκεῖνος
1057 1367 1218 1409 ἀπέτισε
1248 1366 1294 1408 τὸ
1326 1366 1479 1420 χρεών,
1523 1365 1769 1419 κειράμενος
1800 1362 1874 1417 τὴν
1890 1363 1933 1399 15

382 1438 499 1492 τρίχα
531 1437 602 1478 καὶ
632 1437 1030 1491 μεταμφιασάμενος
1058 1435 1163 1477 κατὰ
1185 1435 1413 1490 μοναχούς,
1447 1434 1509 1480 ὡς
1530 1435 1638 1487 ἔγνω
1661 1432 1923 1474 ἐπιλείπεινΙ)
1943 1433 1997 1469 IV
2014 1432 2061 1468 24

323 1509 368 1543 13
383 1507 499 1560 αὐτῷ
536 1505 583 1547 τὸ
620 1506 838 1560 βιώσιμον.
903 1505 1063 1559 ἀπεβίω
1105 1502 1140 1546 δ’
1176 1503 1240 1545 ἐπὶ
1276 1503 1391 1545 παισὶ
1433 1502 1612 1556 πολλοῖς,
1659 1502 1744 1548 οὕς,
1788 1500 1875 1542 ἐπεὶ

383 1574 454 1616 καὶ
485 1576 510 1629 ἡ
542 1574 680 1629 μήτηρ
713 1575 854 1615 αὐτῶν
895 1574 986 1615 οὐδ’
1020 1573 1119 1615 ὅλον
1158 1571 1343 1614 ἐνιαυτὸν
1380 1571 1608 1626 ἒπιζήσασα
1651 1574 1712 1624 τῷ
1755 1568 1875 1623 ἀνδρὶ

382 1644 552 1698 μετέστη
596 1645 681 1684 τῶν
725 1646 904 1697 γεηρῶν,
949 1643 972 1684 ὁ
1006 1641 1197 1697 βασιλεὺς
1235 1641 1517 1696 προσελάβετο
1555 1638 1627 1681 καὶ
1665 1638 1761 1685 τοὺς
1797 1637 1876 1692 μὲν

386 1773 404 1807 1
430 1773 656 1818 ἀνεχώρησεν
684 1773 769 1816 (sie)
796 1777 866 1807 τῶν
890 1773 1076 1819 βασιλείων
1100 1772 1122 1817 ἡ
1151 1772 1267 1817 μήτηρ
1296 1776 1356 1806 τοῦ
1380 1770 1562 1817 βασιλέως,
1591 1769 1650 1804 καὶ
1675 1769 1876 1804 ἀπελθοῦσα

383 1820 516 1880 εἷςΙτὸν
538 1820 627 1905 (sig)
653 1821 905 1866 Παντεπόπτην
929 1821 1008 1856 ε’κεΐ
1027 1819 1244 1865 ἐτελεύτησεν
1270 1818 1298 1855 C
1398 1818 1443 1853 14
1467 1817 1605 1864 τελευτὴ
1630 1822 1690 1853 τοῦ
1716 1817 1877 1862 σεβαστο·

382 1882 556 1914 κρατορος

456 1982 478 2017 2
505 1982 555 2021 ὡς
579 1982 712 2027 εἴρηται
739 1984 831 2027 post
855 1981 1072 2026 πραγμάτων
1098 1980 1167 2015 BD
1265 1979 1412 2024 εἴρηται]
1439 1979 1571 2015 XVIII
1584 1978 1640 2023 21,
1656 1979 1677 2014 6
1774 1978 1797 2014 3
1820 1991 1879 2022 με·

457 2030 681 2113 ἒαχΙειρΟίζ-εται
707 2029 908 2111 Εἵρὲὂεῖο
924 2028 1141 2111 ἷγενόμετίἶα
1152 2027 1215 2111 σῗν
1223 2075 1314 2120 ’κε-ν]
1328 2027 1363 2110 5ο
1376 2026 1617 2110 ἳῗέῖἱιισῧδὸν
1644 2026 1812 2115 ἢᾶξὶὼὃὲἓς
1839 2024 1879 2106 (13),

459 2088 508 2160 13
525 2095 624 2160 ’antve
647 2124 791 2169 αὐτοκρ.
812 2092 904 2159 acId.
930 2129 979 2159 τῶ
1007 2124 1115 2169 Ewp,
1143 2091 1263 2159 del.⁷⁷E
1362 2090 1405 2157 {³1
1432 2123 1475 2167 ἣν
1502 2133 1576 2157 om.
1592 2122 1623 2157 Ε
1721 2121 1766 2156 12
1791 2087 1881 2166 gost

458 2172 637 2211 ἐνιαυτοὺς
656 2172 747 2207 add.
767 2172 803 2207 ἕν
820 2172 908 2218 αὐτῆ
934 2171 963 2208 C
1062 2172 1106 2207 13
1131 2172 1180 2211 εἷς
1206 2171 1253 2215 D,
1281 2182 1317 2206 v.
1335 2170 1387 2205 ad
1400 2170 1492 2206 XIV
1508 2170 1562 2213 12,
1579 2169 1623 2204 14
1721 2168 1766 2204 14
1791 2168 1829 2204 δὲ
1852 2167 1881 2204 C

460 2220 504 2256 15
529 2219 591 2265 τὴν
616 2218 698 2264 AR,
724 2219 785 2255 καὶ
810 2219 894 2266 w*p
994 2220 1039 2255 18
1064 2218 1141 2254 οὐδ’
1168 2219 1248 2254 ὅλον
1273 2218 1428 2254 ἐνιαυτὸν
1455 2229 1528 2253 om.
1547 2217 1575 2253 C
1674 2216 1718 2252 19
1742 2221 1882 2262 γεηρῶν

458 2267 578 2312 ARW,
607 2272 747 2313 νεκρῶν
771 2267 833 2313 p*,
859 2278 896 2303 V.
926 2267 979 2303 ad
1005 2267 1136 2303 XVIII
1162 2266 1218 2311 28,
1245 2266 1292 2302 20
1385 2265 1616 2311 προςεβάλετο
1641 2264 1677 2299 D

351 2384 374 2419 8
506 2386 624 2423 Matri
649 2388 903 2433 imperatoris
930 2387 1048 2432 regni
1073 2385 1433 2427 administratione,
1467 2387 1512 2419 ut
1539 2384 1688 2419 dictum
1715 2386 1785 2425 est,
1813 2383 1883 2418 diu

388 2435 554 2470 functae
580 2435 696 2480 mala,
732 2436 879 2480 quibus
906 2435 1077 2470 subiecti
1103 2434 1371 2476 vexabantur,
1405 2433 1586 2478 plerique
1614 2431 1883 2467 ascribebant.

353 2479 519 2524 OQuam
545 2493 630 2518 rem
655 2493 740 2526 rex,
766 2486 812 2518 ut
838 2483 906 2527 qui
933 2483 1095 2518 nomine
1122 2482 1208 2517 fere
1235 2481 1446 2516 dumtaxat
1472 2484 1674 2524 regnaret,
1706 2479 1779 2514 etsi
1804 2489 1883 2513 mo-

389 2530 488 2565 leste
523 2531 691 2574 ferebat,
729 2533 864 2565 tamen
897 2530 1003 2564 illam
1035 2530 1203 2564 invitam
1230 2539 1303 2573 pro
1330 2528 1559 2563 reverentia
1586 2537 1660 2562 sua
1685 2528 1884 2571 potestate

332 2575 377 2609 10
391 2578 553 2622 privare
591 2578 730 2613 noluit.
789 2578 876 2619 Quo
905 2578 1048 2613 mulier
1079 2576 1374 2619 animadverso,
1414 2575 1544 2610 verita
1576 2584 1627 2609 ne
1658 2573 1724 2609 vel
1755 2574 1884 2608 invita

391 2625 591 2660 excedere
630 2628 858 2671 cogeretur,
898 2625 1037 2660 relicta
1074 2625 1190 2669 regia
1229 2624 1336 2659 omni
1375 2623 1615 2657 auctoritate
1650 2621 1884 2665 imperatori

333 2670 374 2704 11
393 2673 497 2707 cedit
523 2677 561 2707 et
583 2673 624 2707 in
643 2672 885 2718 Pantepopti
911 2673 1198 2708 monasterium
1225 2682 1250 2706 a
1278 2681 1320 2706 se
1347 2670 1602 2706 aedificatum
1628 2669 1786 2713 migrat,
1814 2668 1884 2702 ubi

393 2730 482 2754 cum
510 2720 663 2765 aliquot
682 2731 810 2755 annos
830 2720 1048 2755 honorifice
1067 2722 1106 2755 et
1123 2719 1316 2764 regaliter
1335 2718 1512 2761 vixisset,
1540 2719 1733 2762 provecta
1752 2718 1885 2751 aetate

333 2765 378 2799 12
394 2767 502 2802 obiit.
554 2767 633 2803 Sed
672 2771 711 2802 et
749 2769 1047 2803 sebaston-rator
1084 2766 1220 2812 paullo
1259 2765 1430 2810 amplius
1466 2775 1548 2799 uno
1588 2766 1678 2808 post
1718 2766 1885 2798 matrem

394 2825 501 2849 anno
531 2815 710 2850 debitum
737 2818 909 2850 naturae
937 2815 1138 2860 persolvit,
1165 2824 1256 2849 raso
1285 2813 1428 2858 capillo
1449 2815 1488 2847 et
1505 2812 1646 2846 habitu
1666 2811 1885 2846 monastico

336 2861 379 2895 13
396 2865 566 2908 sumpto,
606 2873 697 2897 cum
723 2863 832 2898 vitae
858 2863 978 2897 finem
1003 2862 1079 2898 sibi
1105 2862 1256 2897 instare
1289 2860 1455 2904 videret,
1494 2859 1628 2894 multis
1659 2858 1796 2893 liberis
1829 2867 1887 2892 re-

394 2909 508 2952 lictis,
536 2910 694 2953 quibus,
726 2920 816 2944 cum
843 2910 962 2945 etiam
989 2913 1116 2945 mater
1142 2919 1224 2945 non
1250 2909 1454 2952 integrum
1480 2916 1630 2941 annum
1657 2906 1798 2940 marito
1826 2914 1887 2939 su-

397 2959 551 3001 perstes
579 2960 739 2992 terrena
765 2957 1001 3003 reliquisset,
1035 2968 1107 2992 rex
1134 2956 1341 3002 susceptis,
1375 2954 1701 2990 adulescentibus
1727 2962 1887 2996 uxores,
