2054 3282
301 232 371 268 686
640 229 821 269 ZONAR.
847 229 978 267 EPIT.
1004 227 1135 266 XVIII
1163 227 1218 275 10,
1243 227 1396 274 21—11,
1423 229 1455 266 1.

302 353 461 408 βουλὴν
491 354 681 408 πονηράν
712 370 753 394 τε
784 353 854 394 καὶ
890 351 1210 406 βαθυγνώμονα
1247 351 1318 392 καὶ
1348 351 1499 406 ταύτην
1530 351 1591 392 ἑνί
1618 367 1678 405 τῳ
1708 353 1793 394 τῶν

301 422 395 475 περὶ
438 421 568 475 αὐτὴν
612 422 818 475 ἒκτομιῶν
859 423 1068 461 κοινοῦται
1105 419 1175 460 καὶ
1215 420 1305 460 οἷον
1341 425 1587 474 προαγωγῴ
1622 424 1684 473 τῷ
1718 420 1792 461 ’θε-

302 490 473 543 ράποντι
499 491 707 543 κέχρηται,
739 489 982 542 ὗποθεμένη
1016 487 1151 529 ὁπόσα
1184 489 1235 528 ἂν
1266 487 1337 529 καὶ
1368 488 1434 529 οἷα
1468 493 1530 542 τῷ
1559 489 1792 543 πατριάρχῃ

241 563 288 598 22
301 558 612 612 προσομιλήσει.
675 557 698 597 ὁ
732 556 777 597 δὲ
807 561 868 609 τῷ
900 556 1084 610 ἀρχιερεῖ
1109 556 1361 608 προσελθών
1391 557 1537 598 “ibet''
1567 557 1694 610 φησίν
1724 555 1793 598 “ὦ

92 630 287 667 W111220
302 626 494 678 δέσποτα,
541 626 602 670 ὡς
634 624 746 679 ἐρῴη
779 629 852 665 τοῦ
885 625 1060 678 ἀνεψιοῦ
1093 640 1169 666 σου
1201 626 1227 678 ἡ
1260 624 1453 679 βασιλίς”
1487 624 1556 679 (ἢν
1587 624 1667 678 γὰρ
1699 625 1843 666 ἀνε-Ι)
1862 629 1914 666 IV
1931 629 2002 665 205

299 694 399 748 ψιὸς
433 694 549 747 αὐτῷ
580 693 767 747 Βάρδας,
807 694 901 739 νέος
931 708 973 733 τε
1003 693 1074 734 καὶ
1107 697 1297 747 σφριγῶν
1329 693 1399 734 καὶ
1430 693 1691 747 ἀφροδισίων
1721 694 1791 747 ἡτ-

253 760 502 815 Βτώμενος)
537 762 607 802 καὶ
637 765 900 815 προσεπῆγεν
932 761 993 807 ὡς
1023 761 1091 802 ’ςεῖ
1119 761 1169 802 σὺ
1201 761 1451 807 ε’πινεύσειας
1480 760 1526 802 τὸ
1557 765 1630 802 τοῦ
1657 761 1791 815 ὅρκου

298 829 582 884 χειρόγραφον
620 830 852 870 ἀποδοῦναι
889 834 939 884 τῇ
976 830 1189 884 βασιλίσσῃ
1228 829 1299 871 καὶ
1329 834 1463 871 πεῖσαι
1494 830 1553 884 μή
1585 845 1672 870 τινα
1703 830 1790 871 κίν-

299 898 425 939 δυνον
457 898 504 938 ἐκ
535 898 683 939 τούτου
716 898 974 952 ἐπηρτῆσθαι
1006 898 1124 953 αὐτῇ,
1158 899 1303 939 αὐτίκα
1327 898 1544 939 συνοικίσει
1565 897 1643 952 μὲν
1664 898 1790 953 ἑαυτῇ

297 965 369 1007 τὸν
400 965 475 1008 σὸν
507 966 811 1021 ἀδελφόπαιδα,
858 967 933 1007 καί
961 967 1001 1007 οἵ
1030 966 1076 1008 τὸ
1108 967 1262 1020 κράτος
1293 967 1434 1020 ἕψεται
1464 966 1511 1007 τὸ
1542 967 1791 1020 βασίλειον.”
1805 970 1851 1005 10

238 1040 284 1076 23
299 1034 360 1080 ὡς
392 1035 437 1076 δὲ
467 1035 626 1081 τούτοις
658 1035 682 1076 ὁ
717 1035 975 1090 πατριάρχης
1013 1035 1410 1089 παραβουκοληθεὶς
1449 1034 1546 1076 ὅλον
1585 1035 1792 1076 ἐνέδωκεν

298 1103 459 1157 ἑαυτόν,
506 1103 577 1144 καὶ
607 1107 693 1144 τῶν
723 1108 796 1158 τῆς
827 1104 1058 1157 συγκλήτου
1095 1103 1252 1158 βουλῆς
1283 1103 1467 1158 ἀπῄτητο
1499 1103 1653 1145 θέσθαι
1684 1103 1789 1145 ἀπό-

238 1177 284 1212 24
297 1187 457 1226 πειραν.
521 1172 545 1213 ὁ
578 1172 623 1213 δὲ
655 1172 816 1213 τούτων
854 1173 1030 1213 ἕκαστον
1067 1172 1440 1226 προσκαλούμενος
1477 1171 1526 1212 τὰ
1564 1171 1789 1225 πράγματα

298 1241 431 1294 ζητεῖν
468 1240 579 1294 ἔλεγε
615 1240 785 1295 βασιλέα
822 1240 894 1282 τὸν
931 1241 1092 1282 τούτων
1131 1241 1476 1295 ἀντιληψόμενον·
1523 1241 1591 1281 “ει’
1624 1240 1703 1294 γὰρ
1735 1241 1790 1282 ἔτι

298 1308 460 1362 γυναικὶ
498 1309 608 1363 μόνῃ
654 1308 725 1350 καὶ
767 1309 1002 1363 παιδαρίοις
1044 1313 1170 1350 ταῦτα
1216 1309 1536 1363 διοικηθήσεται,
1584 1310 1788 1363 οἰχήσεται
1804 1310 1848 1346 15

253 1376 466 1423 Οπάντως
509 1378 588 1419 οὐκ
633 1381 689 1423 εἷς
731 1377 903 1432 μακρὰν
945 1382 994 1432 τῇ
1032 1381 1118 1419 τῶν
1149 1377 1372 1432 Ῥωμαίων
1411 1378 1611 1432 ἡγεμονίᾳ
1649 1378 1701 1419 οὐ
1739 1377 1787 1418 τὰ

370 1495 388 1529 1
414 1495 596 1540 πολυηράν
622 1495 658 1530 D
773 1496 805 1530 1.
831 1495 853 1530 2
877 1495 932 1530 ἐνί
952 1509 1001 1530 τω
1029 1495 1092 1540 (τω
1119 1496 1161 1530 in
1186 1495 1217 1530 B
1245 1495 1418 1539 erasum)
1445 1495 1590 1540 ἕκτομιά
1615 1500 1685 1531 τῶν
1707 1495 1787 1541 περὶ

367 1542 476 1588 αὐτὴν
500 1543 707 1578 ἒκκαλύπτει
733 1542 798 1579 ΒΟ
895 1543 917 1577 2
942 1543 1117 1588 ἓκτομιῶν
1140 1542 1344 1589 DEwpDi,
1372 1543 1547 1588 ε’κτομίων
1565 1542 1599 1578 Α
1697 1549 1787 1589 post

367 1595 544 1626 κοινοῦται
572 1594 799 1636 sequuntur
824 1591 866 1625 in
893 1591 978 1626 cod.
1007 1591 1037 1626 E
1063 1591 1100 1626 τὸ
1125 1591 1190 1636 γὰρ
1217 1596 1277 1636 τῆς
1303 1597 1462 1635 στρατιᾶς
1489 1593 1539 1637 (p.
1566 1591 1648 1636 689,
1662 1591 1698 1634 9)
1724 1601 1787 1627 us-

369 1647 448 1682 que
481 1638 533 1672 ad
559 1638 818 1683 κατωρθωκὼς
841 1638 951 1673 πλείω
986 1642 1037 1684 (p.
1064 1639 1145 1683 692,
1172 1638 1225 1683 6);
1266 1642 1350 1673 tum
1383 1639 1590 1674 adduntur
1621 1639 1682 1674 καὶ
1713 1639 1787 1674 οἷον

368 1684 420 1730 (p.
439 1685 519 1730 686,
538 1686 575 1730 2)
606 1696 736 1732 usque
763 1686 815 1720 ad
840 1685 902 1731 τὴν
926 1687 1039 1731 ὁρμὴν
1064 1687 1298 1721 ἀνυπόστατον
1328 1688 1379 1732 (p.
1406 1687 1486 1731 689,
1502 1687 1556 1732 9).·,
1596 1687 1787 1732 quocirca

367 1744 421 1779 ad.
446 1751 622 1781 κοινοῦται
650 1746 767 1792 signo
793 1732 870 1792 -ἓῖἓ
895 1746 1033 1781 addito
1061 1747 1234 1792 margini
1261 1747 1435 1792 ascripta
1463 1749 1574 1782 sunt:
1599 1746 1734 1793 ὑπέρβα
1751 1746 1788 1782 τὸ

366 1792 479 1837 παρὸν
504 1793 585 1828 ὅλον
607 1794 711 1838 μέχρι
737 1794 939 1838 ἔμπροσθεν
964 1799 1025 1828 τοῦ
1051 1794 1168 1838 ἑτέρου
1193 1796 1340 1838 σημείου
1499 1794 1522 1828 4
1545 1795 1786 1840 προςομιλήση

367 1840 497 1886 R(Wp)
593 1841 616 1876 5
643 1842 735 1886 ἐρῶν
759 1841 846 1887 w*p
873 1842 1009 1876 invitis
1035 1841 1106 1877 AR
1216 1842 1378 1887 ἀνεψιοῦ]
1405 1842 1558 1887 ἀδελφὸς
1583 1842 1626 1887 ἦν
1651 1848 1701 1887 τῷ
1724 1857 1787 1878 πα-

366 1888 515 1933 τριάρχῃ
542 1889 688 1933 Βάρὸας
714 1888 873 1934 Scylitz.
902 1900 938 1934 p.
964 1889 1044 1933 665,
1074 1889 1117 1924 19
1229 1891 1250 1925 7
1276 1891 1308 1924 εἰ
1333 1901 1407 1925 om.
1435 1889 1470 1924 D
1585 1893 1675 1935 post
1699 1890 1786 1925 ἕπιν.

367 1935 458 1970 add.
485 1936 558 1971 τόδ’
583 1937 653 1971 ἐστὶ
678 1936 777 1982 pr
911 1938 942 1973 7.
970 1938 991 1972 8
1017 1938 1208 1972 ἀποδοῦναι
1235 1944 1276 1983 τῇ
1300 1939 1380 1983 βασ.
1408 1941 1501 1972 ante
1527 1937 1565 1972 τὸ
1590 1943 1651 1972 τοῦ
1676 1937 1739 1973 ΒΟ

367 1983 388 2018 9
413 1982 514 2028 αὐτῇ]
541 1989 583 2029 τῆ
606 1985 790 2030 βασιλίσση
821 1983 849 2020 Ο
945 1984 1009 2029 μὲν
1036 1995 1111 2020 om.
1131 1984 1194 2020 ΒΟ
1293 1986 1337 2020 12
1362 1990 1432 2020 τῶν
1459 1996 1509 2020 ex
1536 1985 1593 2020 τὸν
1619 1995 1721 2020 corr.
1748 1988 1788 2020 et

367 2032 527 2076 punctis
552 2036 633 2067 not.
661 2031 697 2066 D
810 2032 967 2077 ἀπῄτητο
992 2031 1073 2077 AR,
1099 2034 1119 2067 ὁ
1143 2033 1308 2077 ἐκτομίας
1333 2033 1454 2078 ἀπήτει
1481 2032 1555 2076 ΒΟ,
1581 2034 1602 2067 ὅ
1625 2033 1787 2077 ἐκτομίας

365 2079 520 2124 ἁπῄτητο
546 2079 630 2125 W*p
750 2080 932 2125 διάπειραν
958 2080 1021 2116 ΒΟ
1144 2081 1199 2116 13.
1227 2081 1271 2115 14
1295 2081 1624 2116 ἕκαστον-τούτων
1649 2091 1725 2115 om.
1750 2081 1786 2115 D

368 2126 412 2161 13
436 2127 765 2172 πρσςκαλεσάμενος
784 2127 813 2163 Ο
913 2127 957 2162 14
982 2133 1104 2163 τοῦτον
1123 2127 1151 2164 Ο
1251 2128 1295 2163 15
1321 2129 1513 2163 διιθύνεται
1532 2127 1563 2162 Β
1654 2129 1699 2163 16
1722 2142 1787 2174 μα-

366 2173 455 2218 κρὸν
473 2173 521 2219 Β;
549 2178 588 2210 et
613 2175 679 2210 οὐκ
705 2175 754 2213 εἰς
778 2174 922 2220 μακρὰν
948 2175 1074 2218 (XVII
1102 2175 1156 2220 15,
1173 2176 1233 2218 22)
1260 2180 1299 2211 et
1325 2176 1390 2211 οὐκ
1417 2176 1466 2214 εἰς
1489 2175 1629 2221 μακρὸν
1656 2178 1706 2218 (V.
1734 2176 1787 2211 ad

365 2221 498 2257 XVIII
524 2221 580 2267 22,
608 2222 667 2264 17)
695 2225 754 2258 est
780 2222 961 2258 Zonarae
1058 2228 1129 2258 τῶν
1155 2234 1230 2259 om.
1256 2223 1355 2269 pr

293 2327 417 2373 idque
451 2337 541 2362 cum
575 2327 752 2372 quodam
782 2327 832 2362 de
859 2328 1055 2363 eunuchis
1082 2329 1164 2363 suis
1191 2329 1470 2372 communicat,
1509 2328 1574 2363 illo
1605 2328 1785 2365 ministro

293 2385 368 2410 usa
395 2385 467 2420 pro
495 2375 651 2419 lenone,
690 2378 907 2420 monetque
934 2376 1272 2420 quemadmodum
1301 2387 1390 2411 cum
1419 2376 1648 2422 patriarcha
1681 2381 1786 2412 esset

233 2419 280 2454 22
294 2423 511 2468 agendum.
563 2423 600 2457 Is
627 2433 717 2457 cum
747 2424 936 2468 pontifice
963 2434 1206 2469 congressus
1231 2423 1400 2459 “Scito''
1425 2425 1555 2468 inquit
1580 2424 1785 2469 “domine,

294 2471 478 2515 reginam
522 2471 680 2515 nepotis
723 2471 781 2505 tui
824 2481 961 2506 amore
1004 2475 1162 2516 captam
1196 2471 1314 2506 esse’'
1352 2472 1543 2513 (habebat
1581 2472 1685 2506 enim
1720 2483 1785 2507 ne-

295 2520 428 2562 potem
451 2517 638 2560 Bai-dam,
668 2518 968 2554 adulescentem
994 2518 1189 2553 lascivum
1217 2522 1256 2554 et
1281 2519 1338 2554 rei
1358 2518 1564 2554 Venereae
1591 2519 1784 2562 deditum)

295 2568 333 2599 ct
348 2565 458 2599 addit
473 2565 656 2607 “Quodsi
676 2568 720 2600 tu
739 2567 986 2601 concesseris
1005 2567 1265 2601 iurisiurandi
1285 2566 1596 2611 chirographum
1616 2567 1785 2612 reginae

293 2612 464 2647 reddere
491 2616 530 2647 et
561 2613 819 2658 persuadere,
858 2624 910 2649 ne
934 2614 1058 2648 ullum
1086 2624 1137 2648 ex
1165 2624 1212 2648 ea
1238 2624 1282 2649 re
1312 2614 1534 2658 periculum
1562 2614 1636 2658 ipsi
1663 2615 1785 2649 immi-

292 2662 398 2703 neat,
425 2661 557 2694 statim
584 2661 721 2695 fratris
748 2661 806 2695 tui
832 2661 912 2695 filio
939 2661 1066 2696 nubet
1092 2664 1131 2696 et
1157 2664 1397 2706 potestatcm
1423 2662 1575 2706 regiam
1610 2661 1785 2696 tradet.”

233 2705 279 2740 23
295 2706 449 2748 Quibus
480 2708 679 2742 illecebris
713 2708 868 2743 irretito
901 2709 1131 2754 patriarcha
1161 2719 1209 2743 ac
1236 2709 1285 2743 de
1311 2712 1419 2743 statu
1445 2709 1588 2743 mentis
1616 2709 1783 2753 deiecto,

233 2753 279 2788 24
293 2755 499 2799 postulare
518 2756 713 2801 pergitur,
739 2758 783 2790 ut
802 2760 1034 2790 senatorum
1054 2766 1215 2801 quoque
1234 2756 1355 2790 animi
1374 2759 1589 2791 tententur.
1641 2756 1783 2802 Singu-

292 2801 339 2835 lis
365 2802 491 2846 igitur
518 2803 773 2837 senatoribus
801 2804 1003 2838 arcessitis
1029 2804 1084 2838 ait
1106 2808 1288 2848 tempora
1307 2804 1512 2848 postulare
1535 2814 1684 2848 regem,
1714 2804 1783 2848 qui

294 2848 590 2884 defendendam
606 2851 799 2896 suscipiat
813 2851 1116 2896 rempublicam.
1146 2851 1397 2885 “Romanum
1418 2852 1522 2885 enim
1542 2852 1751 2896 imperium
1763 2850 1784 2862 ’³

293 2895 423 2940 inquit
447 2897 510 2931 “si
537 2907 561 2931 a
586 2898 823 2933 muliercula
849 2902 888 2933 et
916 2899 1051 2944 pueris
1077 2898 1170 2933 solis
1196 2898 1552 2943 administrabitur,
1592 2899 1700 2934 haud
1726 2899 1782 2933 ita
