2054 3282
361 243 431 282 644
701 246 881 286 zoNAR.
909 245 1039 285 EPIT.
1066 245 1178 286 xvn
1203 248 1259 296 26,
1285 248 1437 297 21-27,
1464 249 1520 289 10.

360 368 545 410 τούπίσω
571 369 616 411 δὲ
646 370 914 424 χωρήσαντες
945 370 1015 411 καὶ
1047 371 1142 425 ἄχρι
1171 375 1243 413 τοῦ
1275 373 1478 427 πορθμοῦ
1511 374 1747 428 ἔφθακότες
1777 373 1852 417 σὺν

359 439 444 482 τοῖς
487 437 626 483 ἵπποις
667 437 741 492 τὴν
784 438 1003 480 θάλασσαν
1047 439 1486 495 διαπορθμευσάμενοι
1524 442 1628 483 κατὰ
1666 442 1740 498 τὴν
1777 447 1851 485 τοῦ

146 507 346 544 P11259A
361 504 480 559 ἁγίου
515 505 724 559 Ταρασίου
760 506 909 560 μονήν,
954 507 1100 549 αὐτίκα
1139 510 1437 564 συντεταμένην
1474 511 1746 565 ποιησάμενοι
1778 512 1852 567 τὴν

299 577 347 612 22
359 572 605 627 ὁδοιπορίαν
641 577 726 620 τοῖς
765 574 980 629 ὁμογενὲσι
1017 577 1309 632 προσήνωντο·
1357 579 1427 620 καὶ
1471 580 1556 621 ἐπεὶ
1600 580 1710 634 ὁμοῦ
1754 596 1850 622 συν-

358 642 664 696 ηθροίσθησαν,
698 642 891 697 ἀπῆλθον
912 643 982 684 καὶ
1005 644 1047 685 ἓν
1067 648 1152 691 τοῖς
1175 646 1429 699 παριστρίοις
1459 647 1614 694 πεδίοις
1645 649 1850 703 ἐπήξαντο
1864 655 1886 691 5

357 710 429 756 τὰς
476 711 646 765 σκηνάς,
695 712 855 753 ἐκεῖθεν
899 709 936 754 δ’
978 713 1223 767 ὁρμώμενοι
1265 714 1313 755 τὰ
1357 714 1547 770 Θρᾳκῴα
1594 717 1850 772 κατέτρεχον.

298 782 345 818 23
357 778 557 826 πολλάκις
579 779 624 820 δὲ
645 784 718 821 τοῦ
744 781 950 835 βασιλέως
981 779 1071 823 κατ’
1106 782 1246 824 αὐτῶν
1278 784 1559 838 στρατεύματα
1591 786 1849 840 πέμψαντος,

358 847 687 903 ἐπικρατέστεροι
709 849 816 904 ἦσαν
846 852 885 891 οἳ
915 851 1137 905 βάρβαροι,
1170 851 1276 893 ὥστε
1307 852 1378 893 καὶ
1410 853 1547 899 ἀδεῶς
1578 853 1682 895 κατὰ
1714 855 1851 909 πάσης

356 920 429 971 τῆς
465 915 640 972 Θρᾴκης
676 917 746 959 καὶ
780 917 1050 965 ᾹΙακεδονίας
1087 920 1394 963 σκεδάννυσθαι
1431 921 1502 964 καὶ
1539 922 1650 964 λείαν
1689 924 1849 965 ἅπαντα

355 985 546 1027 τίθεσθαι
576 985 648 1027 καὶ
680 987 730 1028 οὗ
762 986 810 1028 τὰ
841 986 993 1042 πόρρω
1024 988 1170 1042 μόνον,
1203 989 1304 1031 ἀλλὰ
1335 991 1474 1044 μέντοι
1500 990 1572 1032 καὶ
1595 990 1643 1032 τὰ
1665 996 1715 1047 τῇ
1735 992 1850 1035 πόλει
1866 998 1911 1033 10

296 1057 343 1092 24
357 1053 579 1109 ἀγχίθυρα.
641 1055 755 1102 τέλος
788 1055 833 1097 δὲ
864 1057 1107 1099 σπένδονται
1124 1057 1346 1112 Ῥωμαίοις
1366 1060 1691 1113 τριακοντούτεις
1722 1076 1848 1102 σπον-

357 1122 443 1169 δάς.
505 1122 577 1165 καὶ
609 1124 746 1170 οὕτως
777 1124 801 1166 ὁ
832 1128 917 1166 τῶν
949 1125 1230 1174 Πατζινάκων
1262 1127 1378 1182 ἔληξε
1410 1127 1602 1182 πόλεμος.

283 1190 339 1233 27
469 1190 522 1233 eO
553 1192 599 1234 δὲ
630 1192 807 1234 σουλτάν
838 1194 917 1235 οὐκ
949 1194 1092 1249 ἔληγεν
1124 1195 1253 1237 ἐπιὼν
1282 1195 1355 1242 τὰς
1386 1195 1469 1237 ὑπὸ
1496 1196 1731 1251 Ῥωμαίους
1761 1198 1848 1252 χώ-

354 1275 434 1315 ρας
464 1260 536 1302 καὶ
565 1260 704 1308 πόλεις
735 1261 806 1303 καὶ
846 1261 919 1309 τὰς
954 1263 1033 1317 μὲν
1071 1263 1328 1319 ληιζόμενος,
1372 1264 1445 1311 τὰς
1477 1262 1514 1306 δ’
1547 1265 1778 1321 ἕκπορθῶν
1808 1283 1850 1308 τε

106 1337 340 1374 W11120613
354 1329 425 1370 καὶ
456 1329 751 1385 οἰκειούμενος.
1864 1343 1908 1379 15

318 1407 341 1442 2
474 1397 592 1440 Κατὰ
620 1399 791 1446 τούτους
819 1399 916 1447 τοὺς
946 1401 1127 1456 χρόνους
1158 1401 1228 1443 καὶ
1260 1403 1484 1458 ἐπιβουλὴν
1515 1404 1540 1445 ὁ
1571 1404 1846 1460 αὐτοκράτωρ

317 1466 589 1522 Βέφώρασεν,
634 1470 686 1523 ἢν
712 1467 931 1524 Ῥωμανός
963 1470 987 1510 ὁ
1018 1469 1175 1517 Βοΐλας
1213 1472 1498 1526 συνεστήσατο.
1562 1472 1614 1527 ἦν
1654 1471 1691 1514 δ’
1725 1471 1848 1520 οὗτος

353 1629 398 1665 16
429 1629 508 1676 περὶ
537 1630 735 1678 ἐπιβουλῆς,
773 1632 816 1678 ἢν
841 1633 861 1667 ὁ
886 1632 1016 1672 Βοΐλας
1045 1633 1227 1679 ἐμελέτησε
1258 1633 1318 1669 καὶ
1343 1633 1414 1674 οἷος
1445 1634 1488 1681 ἦν
1513 1634 1644 1675 ἐκεῖνος
1682 1639 1772 1679 (om.
1799 1637 1845 1682 E)

353 1677 416 1714 OE

421 1809 444 1845 2
470 1813 561 1856 post
592 1811 760 1856 διαπορθ.
787 1813 933 1858 repetit
959 1812 989 1848 E
1023 1818 1083 1849 τοῦ
1113 1814 1279 1858 πορθμοῦ
1317 1814 1525 1860 ἕφθακότες,
1565 1825 1671 1861 quae
1709 1818 1843 1853 omnia

423 1862 586 1903 praeter
611 1864 671 1894 τοῦ
699 1860 805 1894 delet
953 1861 975 1895 3
1001 1862 1251 1907 συντεταμέπᾞν
1277 1861 1344 1897 AC
1353 1863 1419 1898 WO
1446 1863 1523 1907 lat„
1550 1864 1773 1910 ἐντεταμένην
1798 1865 1841 1910 B,

421 1907 691 1951 συντεταγμένην
716 1907 814 1953 pr
851 1908 916 1952 (Cf.
944 1907 1057 1943 Cedr.
1085 1909 1107 1943 l.
1135 1920 1166 1944 e.
1194 1920 1230 1954 p.
1257 1909 1338 1954 589,
1367 1910 1428 1945 13:
1467 1911 1528 1956 τὴν
1552 1913 1697 1956 πορείαν
1722 1913 1842 1948 ἐπιτεί-

419 1956 552 1995 ναντες)
649 1955 672 1989 4
696 1956 840 2000 πορείαν
866 1955 929 1991 BC
1019 1957 1267 2002 προςήνωνται
1295 1957 1330 1991 D
1435 1958 1455 1992 7
1481 1958 1558 1993 κατ’
1584 1959 1701 1995 αὐτῶν
1727 1961 1840 1996 initio

420 2011 562 2036 versus
591 2012 666 2037 om.
693 2002 729 2036 D
876 2003 1071 2048 στράτευμα
1098 2004 1193 2050 Ewp
1341 2005 1363 2040 9
1389 2009 1482 2041 ante
1506 2008 1632 2050 μακεδ.
1660 2008 1751 2042 add.
1781 2014 1841 2054 τῆς

418 2047 517 2094 pr
648 2050 692 2084 16
719 2055 810 2096 post
835 2050 1024 2097 ἐπιβουλὴν
1053 2052 1143 2086 add.
1171 2052 1255 2087 καθ’
1281 2053 1405 2087 ἑαυτοῦ
1431 2054 1523 2094 (κατ’
1541 2054 1646 2090 αὐτοῦ
1664 2054 1714 2097 D)
1740 2055 1839 2102 pr

420 2096 463 2132 17
488 2097 662 2142 ἐφόρασεν
689 2098 730 2142 Ε,
762 2108 862 2134 corr.
891 2099 954 2136 Ew
1067 2100 1187 2145 βόϊλας
1213 2099 1358 2145 AEwp,
1385 2101 1505 2146 βοΐλας
1529 2101 1559 2137 O
1587 2101 1632 2146 (B
1660 2113 1761 2138 corr.
1788 2114 1839 2138 ex

415 2144 552 2189 βόϊλας)
579 2143 636 2180 Di
662 2147 714 2187 (v.
742 2144 856 2181 Cedr.
884 2145 1074 2192 (Seylitz.)
1102 2147 1138 2181 II
1165 2158 1202 2193 p.
1225 2147 1305 2190 605,
1324 2148 1372 2191 2),
1398 2150 1528 2188 Βοϊλᾶς
1554 2151 1708 2186 mavult
1731 2151 1846 2188 B-W

344 2301 635 2346 pervenissent,
674 2303 908 2339 restiterunt
941 2313 1017 2339 nee
1050 2304 1157 2339 ultra
1189 2305 1381 2350 progredi
1413 2306 1640 2351 voluerunt,
1679 2306 1749 2342 sed
1779 2317 1837 2342 re-

343 2348 473 2393 gressi
499 2358 630 2394 usque
655 2349 708 2385 ad
726 2351 886 2395 fretum,
912 2352 1012 2386 mari
1038 2353 1153 2387 iuxta
1172 2350 1208 2388 S.
1229 2353 1385 2388 Tarasii
1410 2354 1695 2389 monasterium
1723 2356 1836 2399 equis

343 2397 590 2441 transmisso,
634 2398 887 2434 continenter
923 2399 1092 2444 profecti
1131 2403 1235 2444 sunt,
1275 2400 1404 2435 donee
1442 2411 1532 2435 eum
1572 2402 1835 2446 popularibus

283 2442 330 2478 22
344 2443 426 2478 suis
445 2453 488 2478 se
515 2445 821 2490 coniungerent.
874 2445 960 2488 Quo
980 2447 1099 2491 facto,
1127 2448 1400 2483 tabernaculis
1417 2449 1457 2483 in
1477 2450 1627 2494 campis
1647 2449 1698 2484 ad
1725 2450 1833 2494 ripas

282 2489 433 2526 231stri
460 2491 550 2526 fixis
577 2491 791 2528 Thraciam
817 2494 1088 2537 incursarunt,
1125 2496 1250 2540 copiis
1276 2496 1398 2540 regiis
1424 2496 1596 2531 subinde
1623 2501 1764 2532 contra
1789 2507 1833 2532 se

342 2538 470 2573 missis
508 2540 749 2585 superiores,
787 2544 833 2576 ut
863 2543 1028 2587 impune
1063 2552 1134 2587 per
1173 2546 1296 2577 totam
1329 2543 1540 2578 Thraciam
1580 2547 1619 2578 et
1651 2544 1832 2580 Macedo-

340 2585 448 2620 niam
475 2591 726 2632 vag-arentur
745 2591 784 2623 et
804 2590 937 2624 omnia
962 2589 1268 2634 praedarentur,
1295 2601 1375 2625 non
1394 2594 1548 2625 remota
1566 2595 1733 2636 tantum,
1761 2593 1832 2627 sed

280 2632 327 2668 24
341 2637 380 2668 et
405 2633 496 2668 urbi
523 2635 700 2670 finitima.
752 2635 934 2671 Tandem
961 2647 1057 2672 vero
1083 2637 1197 2672 XXX
1223 2648 1421 2672 annorum
1450 2638 1615 2674 indutiis
1642 2650 1732 2674 eum
1758 2639 1832 2674 Ro-

340 2681 469 2716 manis
495 2682 624 2725 factis,
651 2683 743 2718 belli
770 2683 1078 2719 Patzinaearum
1107 2686 1169 2720 hie
1195 2686 1272 2720 suit
1298 2686 1441 2720 exitus.

457 2728 514 2764 27.
564 2729 705 2775 Neque
743 2741 841 2767 vero
880 2732 1065 2767 sultanus
1104 2732 1254 2767 destitit
1284 2733 1476 2768 infestare
1502 2733 1704 2769 Romanas
1742 2746 1830 2780 pro-

339 2775 494 2858 viincizzs
532 2781 571 2812 et
608 2778 742 2823 urbes,
786 2779 872 2814 aliis
908 2779 1085 2825 direptis,
1122 2780 1209 2815 aliis
1243 2781 1421 2824 vastatis,
1465 2781 1552 2816 aliis
1589 2792 1662 2816 suo
1701 2793 1829 2828 regno

338 2833 362 2857 a
393 2833 454 2858 lec
474 2834 516 2859 ιε.
676 2833 679 2836 ’

300 2870 324 2905 2
433 2869 516 2906 Sub
542 2872 583 2907 id
609 2875 767 2918 tempus
793 2874 1012 2919 imperator
1030 2874 1196 2910 insidias
1222 2875 1297 2910 sibi
1320 2876 1449 2910 factas
1474 2886 1498 2910 a
1516 2876 1697 2912 Romano
1717 2877 1830 2912 Boila

301 2917 612 2964 3deprehendit.
663 2920 701 2955 Is
728 2924 815 2956 erat
842 2922 903 2956 vir
930 2922 1136 2966 obscurus,
1165 2922 1304 2968 lingua
1331 2924 1541 2959 semimuta
1563 2927 1600 2959 et
1620 2925 1660 2959 vi
1685 2926 1829 2961 articu-
