2054 3282
338 233 408 269 598
679 232 860 271 ZONAR.
887 233 1018 269 EPIT.
1043 232 1155 268 XVII
1182 232 1237 276 16,
1265 232 1416 278 11-17,
1444 233 1499 268 12.

338 354 556 409 βασίλειον,
590 355 633 396 ἕν
666 354 710 396 δὲ
740 355 883 408 μέσοις
913 353 1072 399 τούτοις
1102 354 1128 408 ἡ
1161 353 1319 407 βασιλὶς
1348 354 1613 408 προαχθεῒσα
1645 355 1725 397 κᾶν
1746 359 1834 402 ταῖς

339 422 513 476 κιγκλίσι
544 423 745 477 γενομένη
777 425 850 463 τοῦ
882 421 1179 475 θυσιαστηρίου
1212 421 1373 463 ἐκεῖθεν
1404 422 1635 464 εἷσποιεῖται
1655 423 1726 465 τὸν
1747 423 1833 465 Μι-

282 494 327 529 12
340 490 448 545 χαὴλ
479 489 550 531 καὶ
581 491 642 536 ὡς
666 489 758 530 υἱὸν
780 489 1049 543 ἀγκαλίζεται.
1114 489 1137 530 ὁ
1161 486 1197 530 δ’
1222 489 1498 544 αὐτοκράτωρ
1522 491 1668 532 αὐτίκα
1689 495 1836 534 τοῦτον

282 559 639 612 13προχειρίζεται
669 557 865 611 ,Καίσαρα
897 557 969 598 καὶ
1005 556 1051 598 τὸ
1091 557 1307 612 ἄθροισμα
1346 558 1654 613 ἐπευφήμησεν.
1717 560 1837 609 ἔδοξε

339 626 417 680 μὲν
449 625 524 668 οὗν
556 626 579 667 ὁ
598 626 800 680 Ἰωάννης
830 626 912 680 ἤδη
945 624 991 667 τὸ
1022 629 1106 667 πᾶν
1137 626 1475 680 κατεργάσασθαι
1505 626 1576 668 καὶ
1606 626 1652 668 τὸ
1683 628 1873 681 κράτος5

127 699 324 736 P11240A
339 700 401 749 τῷ
432 695 574 749 οἰκείῳ
607 694 711 748 γένει
740 694 1110 749 περιποιήσασθαι·
1144 694 1190 735 τὸ
1214 691 1250 735 δ’
1273 694 1326 749 ἧν
1347 694 1561 748 ἀνατροπὴ
1584 699 1658 736 τοῦ
1684 695 1838 744 παντὸς

340 763 457 817 αὐτῷ
486 779 528 804 τε
558 762 629 804 καὶ
659 766 743 808 τοῖς
773 763 1058 817 προσήκουσιν
1089 764 1256 804 ἅπασιν·
1297 762 1417 809 ὅπως
1450 763 1507 817 δέ,
1553 763 1576 804 ὁ
1608 763 1732 818 λόγος
1763 765 1836 820 ὁη-

340 832 465 873 λώσει
494 830 601 872 κατὰ
632 830 791 885 καιρόν.

274 901 325 943 17
464 899 559 941 Τῶν
598 899 643 942 δὲ
678 899 956 954 Βουλγάρων,
1001 900 1063 947 ὥς
1105 901 1187 955 ἤδη
1233 900 1453 955 ἱστόρηται,
1498 900 1582 942 ὑπὸ
1619 901 1838 944 Βασιλείου

341 971 415 1010 τοῦ
436 968 642 1022 βασιλέως
662 969 1098 1023 καταπολεμηθέντων
1119 968 1190 1010 καὶ
1218 973 1291 1024 τῆς
1322 969 1462 1010 αὐτῶν
1493 969 1700 1023 βασιλείας
1729 971 1838 1012 καθ·
1855 975 1889 1010 D
1909 975 1961 1011 IV
1983 974 2047 1011 145

343 1036 590 1091 αιρεθείσης,
634 1037 758 1091 μέχρι
792 1037 871 1091 μέν
901 1052 1009 1083 τινος
1041 1038 1194 1092 ἔφερον
1225 1038 1266 1078 οῖ
1294 1037 1505 1091 βάρβαροι
1535 1037 1607 1079 τὸν
1637 1043 1709 1093 τῆς
1740 1039 1839 1081 δου-

308 1105 453 1151 2λείας
484 1104 621 1159 ζυγόν.
683 1104 766 1147 εἶτα
799 1109 945 1147 τοῦτον
977 1106 1279 1147 ἄποσείσασθαι
1312 1105 1575 1160 ὄιανενόηντο
1607 1106 1678 1148 καὶ
1709 1107 1839 1162 ε’σφά-

308 1174 488 1228 3ὃαζον,
534 1172 636 1214 ἀλλὰ
674 1174 788 1228 σφίσι
823 1173 870 1215 τὸ
908 1174 1094 1228 ἄναρχον
1126 1174 1286 1215 ἐκώλυε
1316 1172 1362 1215 τὸ
1395 1173 1593 1228 ἐννόημα.
1656 1175 1764 1230 ἀνὴρ
1797 1177 1843 1219 δέ

343 1259 401 1289 τις
427 1243 592 1297 ἄσημος
612 1242 690 1296 μὲν
710 1242 757 1284 τὸ
780 1243 911 1296 γένος,
945 1242 1145 1288 Δολιάνος
1166 1242 1441 1296 καλούμενος,
1475 1242 1602 1284 ὂόλου
1625 1243 1671 1285 δὲ
1691 1245 1842 1298 μεστὸς

344 1310 415 1352 καὶ
455 1310 698 1365 δεινότητος,
743 1310 835 1352 υἱὸν
873 1310 1021 1352 ἑαυτὸν
1062 1311 1316 1366 ἐπιφημίσας
1354 1315 1427 1352 τοῦ
1454 1310 1634 1366 Ἀαρών,
1680 1314 1727 1359 ὃς
1768 1318 1842 1355 τοῦ
1858 1317 1902 1353 15

346 1378 553 1434 Σαμουὴλ
583 1382 657 1420 τοῦ
689 1380 894 1434 ἄρξαντος
924 1383 997 1421 τοῦ
1030 1380 1183 1426 ἔθνους
1214 1378 1266 1434 ἦν
1299 1378 1493 1433 ἀδελφός,
1527 1380 1574 1420 ἔκ
1595 1379 1842 1431 Βυζαντίου,

344 1447 406 1494 ὡς
436 1448 602 1502 λέγεται,
635 1447 827 1503 ἀποδρὰς
857 1448 929 1490 καὶ
949 1448 1093 1494 πείσας
1113 1447 1159 1489 τὸ
1182 1448 1308 1494 ἔθνος
1328 1451 1426 1494 παῖς
1447 1446 1547 1489 εἶναι
1567 1451 1641 1490 τοῦ
1662 1449 1842 1505 Ἀαρών,

346 1577 391 1612 12
415 1578 513 1616 ὅπως
543 1576 756 1622 ἆπεστάτησε
786 1577 890 1612 πάλιν
921 1576 959 1612 τὸ
989 1581 1060 1612 τῶν
1085 1576 1305 1621 Βουλγάρων
1338 1576 1442 1615 ἔθνος
1469 1575 1531 1612 GE
1570 1578 1630 1613 καὶ
1661 1579 1759 1618 ὅπως
1789 1580 1839 1620 εἰς

345 1625 409 1660 δύο
434 1623 611 1670 ἀρχηγοὺς
635 1625 808 1670 περιέστη,
834 1625 894 1660 καὶ
919 1626 1018 1664 ὅπως
1044 1625 1064 1659 ὁ
1087 1625 1136 1664 εἷς
1157 1624 1214 1659 τὸν
1233 1624 1337 1660 ἄλλον
1356 1625 1546 1670 διέφθειρε,
1571 1627 1843 1671 παρασκευάσας

344 1672 382 1708 τὸ
405 1673 544 1719 πλῆθος
569 1672 837 1718 λιθολευστῆσαι
862 1672 966 1708 αὐτόν
994 1672 1022 1709 C
1516 1671 1517 1674 ¹

417 1780 437 1815 1
463 1779 610 1824 τούτοις]
637 1781 754 1819 τόποις
780 1779 816 1814 D
951 1780 983 1814 1.
1010 1780 1032 1814 2
1057 1780 1079 1826 ἡ
1105 1779 1429 1826 βασιλὶς-ἐκεῖθεν
1455 1781 1504 1819 εἷς
1533 1790 1607 1815 om.
1635 1781 1667 1816 E
1693 1784 1843 1828 (pergit

414 1833 562 1863 ποιεῖται
587 1827 678 1871 κτλ.)
791 1827 814 1862 2
838 1828 967 1873 κιγλίσι
994 1827 1030 1861 D
1140 1828 1162 1862 3
1189 1827 1227 1863 δὲ
1253 1828 1348 1873 Ewp
1451 1828 1475 1862 4
1498 1830 1768 1874 πρωχειρίζεται
1795 1831 1843 1876 p*

463 1876 655 1920 ἄστροισμα
680 1874 716 1909 D
901 1875 1141 1920 ἕπευῳήμισεν
1166 1875 1213 1919 D,
1241 1875 1470 1920 ἕπεφήμησεν
1496 1876 1545 1922 Ε;
1575 1877 1650 1912 hoc
1676 1887 1727 1912 ex
1754 1878 1842 1914 loco

416 1923 527 2006 aad
552 1923 732 2015 Paua?
886 1970 1514 2015 μ(
1646 1926 1679 2007 ἕ
1705 1939 1742 2016 ³⁶,
1764 1936 1840 2008 {³2¹2-

1053 1986 1063 2005 ι
1434 1998 1441 2014 ,
1669 1987 1715 2007 πο

417 2019 460 2053 11
488 2021 579 2064 post
605 2031 695 2057 τινος
721 1985 882 2064 ἔυρκὲἰθίῦ
907 2019 1035 2063 ἔφερον
1061 1985 1147 2059 (ἶνιςρ
1161 1985 1238 2054 iun.
1266 2017 1294 2054 C
1429 2019 1473 2053 12
1501 2018 1561 2054 εἶτ’
1587 2020 1842 2056 ἀποσείσασθαι

415 2071 536 2101 τοῦτον
561 2065 626 2102 BC
724 2066 769 2101 13
794 2066 960 2111 ἐννόημα]
988 2067 1237 2110 διανοούμενον
1260 2065 1324 2102 BC
1423 2066 1473 2111 δὲ]
1498 2066 1564 2111 μὲν
1582 2067 1611 2104 C
1710 2068 1755 2103 14
1778 2068 1843 2113 μὲν

415 2113 454 2148 δὲ
481 2112 511 2150 C
631 2114 799 2153 Δολίανος
824 2114 940 2150 Psell.
967 2125 1004 2159 p.
1031 2114 1086 2158 69,
1114 2115 1136 2149 3
1163 2114 1233 2148 Vix
1258 2116 1368 2149 recte
1503 2115 1841 2162 Δολιάνος-δόλου]

416 2161 479 2196 De
504 2162 836 2197 annominatione
862 2173 900 2197 v.
928 2161 981 2196 ad
1006 2161 1104 2196 XIII
1129 2162 1163 2204 5,
1189 2161 1235 2196 29
1263 2164 1303 2197 et
1329 2163 1377 2196 cf.
1404 2161 1517 2197 XVII
1544 2163 1599 2207 17,
1627 2163 1659 2198 9.
1686 2163 1733 2199 32

462 2209 591 2245 δούλου
617 2208 653 2243 D
751 2208 807 2245 15.
836 2209 880 2244 16
905 2209 1182 2255 υἱὸν-ἀδελφός
1209 2220 1284 2244 om.
1311 2208 1347 2243 D

344 2329 590 2373 convocatis,
616 2329 761 2374 regina
780 2328 978 2374 producta
996 2330 1038 2363 in
1055 2328 1231 2364 medium
1254 2331 1294 2364 et
1317 2329 1423 2364 intra
1450 2330 1616 2364 sacrarii
1644 2330 1843 2366 cancellos

285 2372 329 2407 12
344 2386 562 2421 progressa
587 2376 683 2412 inde
704 2376 939 2412 Michaelem
958 2376 1195 2422 adoptatum
1222 2387 1294 2422 pro
1321 2377 1400 2411 filio
1427 2377 1532 2411 ulnis
1558 2378 1719 2423 excipit,
1747 2387 1842 2412 eun-

345 2423 518 2469 demque
538 2424 758 2470 imperator
776 2425 910 2459 statim
930 2423 1143 2460 Caesarem
1173 2424 1352 2469 appellat
1379 2427 1417 2459 et
1446 2425 1584 2469 populi
1612 2426 1843 2470 frequentia

285 2468 329 2503 13
343 2471 582 2507 consalutat.
632 2470 692 2506 Ac
710 2471 884 2507 Ioannes
904 2472 1066 2516 quidem
1084 2482 1127 2507 se
1145 2472 1222 2506 iam
1245 2482 1360 2507 omne
1382 2473 1592 2517 negotium
1619 2473 1843 2508 confecisse

343 2521 382 2554 et
407 2519 621 2564 imperium
646 2519 698 2554 ad
729 2529 843 2555 suam
873 2519 1066 2554 familiam
1100 2519 1290 2554 detulisse
1325 2520 1506 2564 putabat,
1545 2520 1616 2554 sed
1648 2531 1695 2555 eo
1722 2522 1841 2565 pacto

343 2576 435 2601 eum
467 2569 507 2601 et
538 2577 582 2602 se
612 2567 744 2612 ipsum
779 2570 818 2602 et
852 2577 990 2602 omnes
1022 2577 1117 2602 suos
1149 2567 1399 2602 necessarios
1426 2567 1609 2602 funditus
1636 2568 1841 2613 evertisse,

343 2623 417 2649 suo
444 2613 533 2649 loco
561 2615 636 2650 erit
663 2614 890 2650 dicendum.

463 2661 517 2699 17.
567 2661 735 2707 Bulgari
753 2672 777 2696 a
795 2672 894 2708 rege
912 2661 1074 2706 Basilio,
1100 2664 1145 2697 ut
1165 2661 1315 2696 dictum
1333 2664 1404 2706 est,
1432 2662 1591 2696 subacti
1610 2672 1683 2697 suo
1711 2672 1840 2708 regno

305 2707 485 2744 2everso
512 2709 654 2755 iugum
681 2710 888 2745 servitutis
914 2709 966 2744 ad
991 2713 1150 2755 tempus
1177 2709 1373 2744 ferebant.
1424 2709 1607 2744 Tandem
1631 2719 1728 2745 vero
1750 2719 1841 2745 cum

343 2756 394 2791 de
412 2766 459 2791 eo
479 2756 723 2792 excutiendo
749 2758 1023 2802 cogitantibus
1040 2757 1320 2801 libertatisque
1345 2757 1543 2792 desiderio
1571 2757 1841 2802 flagrantibus

305 2803 427 2838 3dux
454 2807 494 2839 et
519 2808 662 2840 auctor
695 2804 862 2847 deesset,
901 2805 964 2839 vir
991 2804 1156 2849 quidam
1189 2804 1362 2839 obscuro
1395 2804 1460 2839 ille
1494 2804 1655 2849 quidem
1686 2814 1840 2850 genere

343 2853 454 2886 ortus
481 2850 689 2896 Dolianus‚
716 2851 788 2887 sed
814 2852 894 2887 doli
921 2854 961 2887 et
983 2852 1205 2887 atrocitatis
1231 2851 1374 2897 plenus
1391 2851 1600 2897 Byzantio,
1627 2854 1672 2886 ut
1697 2853 1837 2896 fertur,

341 2898 445 2943 fuga
464 2899 625 2944 elapsus
644 2901 684 2935 et
701 2900 909 2945 professus
927 2910 969 2936 se
987 2900 1111 2935 filium
1130 2909 1218 2935 esse
1241 2899 1479 2944 naturalem,
1506 2909 1588 2934 non
1613 2899 1837 2945 legitimum
