1968 3302
320 230 368 271 30
700 224 881 271 zoNAR.
909 222 1038 269 EPIT.
1066 231 1161 268 xm
1188 224 1220 277 5,
1247 224 1375 276 25-6‚
1402 223 1434 268 9.

260 361 307 397 25
443 355 601 398 Τούτου
622 356 759 397 τοίνυν
781 356 893 397 οὕτω
915 359 987 410 τῆς
1008 355 1215 409 βασιλείας
1237 354 1567 409 ἕκπεπτωκότος,
1597 355 1817 412 Σαπώρης

261 430 306 466 26
321 426 377 471 εἷς
407 425 481 479 τὴν
513 425 647 479 ἀρχὴν
679 425 929 479 ἀντεισῆκτο.
993 424 1061 464 καὶ
1101 425 1147 468 ὃς
1187 422 1316 468 εὐθὺς
1352 422 1423 463 τὸν
1453 423 1532 476 μὲν
1563 424 1703 478 ἕτερον
1733 429 1818 466 τῶν

320 493 518 547 ἀδελφῶν
556 493 829 547 ἐξετύφλωσέ,
870 492 941 532 τὸν
967 491 1201 545 σΟρμίσδαν
1239 491 1284 532 δὲ
1324 492 1536 545 δεσμήσας
1572 492 1819 547 ἔμφρουρον

259 567 306 603 27
320 561 435 616 εἶχεν.
498 562 523 615 ἡ
558 562 604 602 δέ
636 577 680 614 γε
710 562 848 615 μήτηρ
882 561 1041 601 ἐκείνου
1082 560 1152 600 καὶ
1184 560 1208 613 ἡ
1251 559 1352 613 γυνὴ
1392 560 1578 614 χρήμασι
1617 560 1817 609 δεξιωσά-

318 646 438 684 μεναι
476 629 573 675 τοὺς
610 630 840 683 φρουρούς,
886 629 942 673 εἷς
986 629 1201 682 ἐπίσκεψιν
1246 629 1404 669 ἐκείνου
1443 630 1854 685 παρεχωρήθησανῦ

260 699 524 739 &stasim-512
589 698 656 738 καὶ
698 698 957 738 εἰσελθοῦσαι
998 698 1115 751 ῥίνην
1155 698 1271 750 αὐτῷ
1314 698 1538 751 παρέσχον,
1582 699 1646 739 ἵνα
1690 699 1816 754 ταύτῃ

268 766 366 808 Βτὰ
407 767 577 821 σιὸήρεα
618 766 803 819 διακόψῃ
851 766 997 819 δεσμά,
1044 765 1302 818 ’ὗποθέιιεναι
1347 765 1417 806 καὶ
1461 765 1539 806 ὅσα
1586 766 1671 808 ὃέοι
1713 767 1816 820 μετὰ

318 839 444 876 ταῦτα
481 838 612 875 ποιεῖν
649 835 802 879 ἵππους
837 850 878 874 τε
910 834 1026 886 αὐτῷ
1058 832 1128 874 καὶ
1159 833 1255 878 τοὺς
1287 834 1684 887 σι’ναποὸράσοντας
1714 836 1816 876 ἑτοι-

50 910 171 948 WIII
191 911 233 946 12
258 910 304 945 29
316 903 515 956 μάσασαι.
580 902 661 943 εἶτα
694 907 778 947 τοῖς
809 906 1016 956 φρουροῖς
1047 903 1072 956 ἡ
1107 902 1266 942 ἐκείνου
1292 902 1489 948 σύνειινος
1512 902 1678 945 δεῖπνον
1707 919 1815 959 παρ-

318 972 437 1013 έθετο
477 971 665 1024 δαψιλές·
714 972 754 1011 οἷ
798 971 843 1012 δὲ
887 971 957 1011 καὶ
1000 971 1244 1025 βρωμάτων
1282 971 1598 1026 ἕμφορηθέντες
1633 972 1704 1013 καὶ
1743 976 1815 1014 τοῦ
1831 978 1878 1013 10

258 1049 304 1084 30
318 1040 503 1093 ἀκράτου
544 1040 773 1085 σπάσαντες
812 1040 1113 1094 ἀκρατέστερον
1153 1040 1402 1094 ἐλήφθησαν
1439 1041 1561 1094 ὕπνῳ
1598 1042 1728 1095 βαρεῖ.
1791 1042 1816 1083 ὁ

318 1106 354 1149 δ’
388 1108 619 1162 Ὁρμίσόας
655 1109 940 1162 κοιμωμένων
977 1109 1148 1149 ἐκείνων
1179 1108 1249 1149 καὶ
1282 1108 1328 1148 τὰ
1363 1109 1494 1163 ὃεσμά
1527 1114 1576 1164 τῇ
1607 1110 1699 1164 ῥίνῃ
1734 1110 1814 1152 διέ-

316 1193 428 1231 κοψε
471 1177 542 1218 καὶ
578 1182 650 1231 τῆς
689 1180 884 1231 φρουρᾶς
928 1177 1114 1224 ἔξελθιὶυ)
1158 1177 1291 1230 ᾤχετο
1329 1177 1399 1217 καὶ
1437 1177 1546 1231 πρὸς
1580 1177 1816 1232 Ῥωμαίους

256 1255 300 1290 31
316 1246 479 1300 ἀπέδρα
512 1246 582 1287 καὶ
614 1246 828 1300 ’ὑπεδέχθη
861 1246 1164 1299 φιλοτιμότατα.
1228 1245 1251 1286 ὁ
1285 1245 1329 1285 δὲ
1390 1245 1581 1300 ἀπώρης
1612 1245 1735 1300 ἐῴκει
1765 1251 1864 1302 τῇΙ)
1883 1255 1968 1290 ΙΙΙ]

316 1319 431 1369 φυγῇ
463 1315 622 1355 ἐκείνου
661 1314 908 1368 ἐφήδεσθαι,
948 1315 1014 1355 οἷα
1045 1314 1117 1355 τὸν
1149 1315 1193 1362 ἓξ
1225 1314 1815 1369 ἐκείνου·ἀποσκευασάμενος
1830 1320 1875 1355 15

316 1383 470 1438 φόβον·
505 1384 556 1424 οὗ
586 1383 720 1437 μόνον
753 1383 832 1437 γὰρ
859 1383 1093 1437 ἕκὸοθῆναί
1112 1384 1153 1423 οἵ
1171 1382 1242 1423 τὸν
1264 1383 1434 1437 φυγάδα
1458 1384 1537 1424 οὐκ
1560 1384 1814 1439 ἕξεζήτησεν,

256 1463 302 1499 32
316 1451 418 1493 ἀλλὰ
451 1451 521 1493 καὶ
552 1451 626 1506 τὴν
658 1456 833 1506 γυναῖκα
866 1452 983 1506 αὐτῷ
1015 1452 1190 1506 ἐντίμως
1222 1452 1465 1506 ἐξέπεμψεν.
1527 1451 1580 1506 ἧν
1605 1452 1651 1494 δὲ
1672 1452 1813 1507 ὁὉρ-

110 1531 193 1568 ΡΠ
208 1521 468 1575 13Αμίσόας
498 1520 569 1561 καὶ
599 1520 730 1566 πολὺς
761 1520 834 1574 τὴν
866 1520 982 1575 ἰσχὺν
1014 1520 1084 1561 καὶ
1118 1519 1358 1574 ἀκοντιστὴς
1394 1521 1636 1575 περιδέξιος,
1678 1521 1740 1567 ὡς
1771 1522 1815 1564 ἒν

385 1663 408 1699 2
433 1663 571 1708 εἷςῆκτο
597 1662 628 1698 Ε
763 1663 784 1698 7
811 1661 850 1697 δὲ
876 1663 911 1697 οἱ
936 1662 966 1697 Ε
1108 1663 1131 1697 8
1157 1667 1226 1701 τοῖς
1253 1662 1514 1706 συναποδράσιν
1540 1662 1586 1708 D,
1615 1674 1716 1699 corr.
1744 1663 1813 1702 Dw

432 1711 610 1756 ἑτοιμάσαι
625 1710 672 1753 A,
698 1710 948 1755 ἑτοιμάσασθαι
963 1710 1010 1755 D,
1039 1720 1140 1745 corr.
1158 1710 1226 1748 Dw
1326 1711 1370 1746 10
1395 1716 1455 1746 τοῦ
1469 1710 1675 1757 AprDi‚
1702 1717 1763 1757 τῆς
1781 1712 1813 1747 Ε

388 1760 430 1794 11
457 1759 613 1804 ἀκράτου
635 1779 679 1784 -
698 1758 962 1803 ἀκρατέστερον]
1017 1757 1372 1794 Annominationis
1417 1759 1591 1804 figuram
1634 1759 1812 1795 Zonaras

386 1817 509 1853 Saepe
544 1807 719 1851 adhibet,
760 1818 797 1842 v.
824 1806 920 1841 XIII
946 1807 978 1851 2,
1006 1806 1038 1841 6.
1067 1806 1121 1841 IS.
1150 1806 1205 1850 15,
1228 1807 1281 1841 10.
1311 1806 1364 1851 17,
1391 1806 1414 1840 4
1467 1806 1538 1842 XV
1563 1807 1596 1852 3,
1625 1807 1679 1843 12,
1707 1807 1763 1851 22,
1790 1808 1813 1842 4

385 1855 477 1891 XVI
505 1855 536 1899 1,
563 1855 620 1890 22.
644 1855 690 1890 29
717 1854 825 1889 XVII
858 1855 910 1898 17,
938 1855 970 1889 3.
998 1855 1030 1889 9.
1049 1854 1096 1890 32
1121 1854 1252 1889 XVIII
1279 1854 1335 1898 22,
1352 1855 1396 1889 18
1492 1856 1597 1900 βαρεῖ
1618 1865 1669 1890 ex
1694 1856 1813 1902 βαλεῖν

386 1914 487 1938 corr.
517 1904 546 1938 Ε
670 1903 714 1937 12
740 1903 909 1947 ὀρμίσὸας
939 1903 972 1936 1)
1096 1902 1139 1936 15
1164 1902 1497 1947 ἀποσκευασάμενον
1524 1903 1577 1948 ρ*
1701 1904 1744 1939 16
1770 1904 1812 1938 οὗ

383 1953 491 1996 μόνον
509 1951 574 1997 γὰρ
601 1949 682 1995 AR,
707 1952 818 1995 μόνον
835 1950 900 1995 γὰρ
927 1950 970 1994 Β,
998 1950 1039 1985 οὐ
1056 1952 1163 1994 μόνον
1191 1949 1351 1995 prDi
1448 1951 1514 1986 οὐκ
1542 1962 1616 1986 0111.
1644 1951 1691 1995 D,
1719 1952 1810 1987 add.

385 2000 453 2038 Dw
554 2000 596 2035 17
623 1999 730 2035 αὐτοῦ
758 1998 870 2044 pr,
898 2009 934 2033 V.
964 1999 1015 2033 ad
1042 1998 1137 2032 XIII
1164 1998 1197 2041 ὃ,
1226 1998 1268 2032 12
1374 1999 1416 2034 17
1443 1999 1611 2043 ὁρμίσὸας
1637 2000 1668 2034 Ε

313 2145 484 2191 potitum
516 2154 644 2190 regno
678 2143 807 2178 maius
839 2143 913 2178 isto
948 2143 1162 2178 tentorium
1191 2153 1278 2178 esse
1306 2144 1583 2178 confecturum
1611 2153 1662 2179 ex
1688 2143 1809 2180 homi-

311 2203 408 2228 num
434 2192 617 2238 pellibus.
668 2190 733 2226 Sic
759 2191 811 2225 ab
839 2191 926 2236 ipsa
953 2191 1124 2226 infantia
1152 2191 1387 2226 declarabat
1412 2191 1711 2227 immanitatem.

252 2241 298 2277 25
432 2240 509 2282 Qui
536 2250 625 2274 cum
652 2239 708 2273 ita
734 2249 864 2284 regno
892 2239 1119 2282 excidisset,
1159 2238 1288 2284 Sapor
1322 2249 1394 2274 rex
1428 2250 1500 2284 pro
1528 2250 1575 2274 eo
1604 2244 1690 2275 erat
1717 2250 1807 2275 con-

251 2289 298 2324 26
312 2289 485 2323 stitutus.
537 2287 614 2329 Qui
640 2287 771 2322 statim
800 2287 914 2321 alteri
934 2287 984 2321 de
1002 2287 1196 2321 fratribus
1217 2287 1354 2322 oculos
1374 2287 1524 2330 effodit,
1551 2287 1805 2323 Hormisdam

252 2337 297 2373 27
312 2340 447 2372 autem
481 2336 662 2370 vinctum
694 2336 733 2368 in
768 2335 949 2370 custodia
985 2335 1159 2369 tenebat.
1212 2334 1290 2370 Sed
1326 2337 1454 2369 mater
1487 2335 1592 2370 iliius
1629 2338 1668 2371 et
1701 2346 1807 2371 uxor

312 2384 548 2419 custodibus
590 2383 764 2428 pecunia
804 2382 998 2426 delenitis,
1043 2386 1088 2417 ut
1126 2383 1178 2417 ad
1218 2382 1429 2417 visendum
1468 2393 1559 2417 eum
1598 2383 1805 2428 intrarent,

251 2433 298 2467 28
312 2433 435 2467 venia
468 2435 528 2466 est
561 2430 666 2465 data.
719 2430 832 2472 Quae
859 2440 950 2465 cum
976 2431 1204 2474 intrassent,
1239 2430 1372 2464 limam
1398 2430 1451 2464 illi
1479 2430 1688 2474 dederunt,
1725 2442 1805 2476 qua

311 2481 445 2515 terrea
484 2479 703 2514 dissecaret
742 2478 916 2522 vincula,
957 2487 1005 2512 ac
1043 2483 1297 2522 monuerunt,
1337 2478 1433 2523 quid
1473 2478 1662 2524 deinceps
1702 2483 1805 2514 esset

250 2527 297 2563 29
311 2527 516 2572 agendum
544 2526 698 2572 paratis
725 2526 839 2571 equis
867 2530 906 2560 et
931 2526 1057 2571 fugae
1084 2526 1307 2560 comitibus.
1358 2525 1460 2560 Tum
1498 2526 1733 2562 custodibus
1765 2527 1805 2562 il-

310 2575 385 2609 lius
411 2585 517 2609 uxor
544 2584 684 2609 cenam
713 2574 902 2619 apposuit
929 2574 1114 2619 opimam.
1166 2573 1242 2614 Qui
1270 2583 1359 2608 eum
1387 2577 1426 2608 et
1454 2574 1542 2608 cibo
1570 2574 1720 2620 impleti
1748 2585 1804 2610 es-

310 2626 399 2657 seut
437 2626 475 2657 et
513 2622 667 2666 ἄκρατον
706 2621 971 2656 obduxissent
1007 2621 1270 2665 ἀκρατέστερον,
1311 2622 1493 2666 oppressi
1532 2626 1625 2656 sunt
1663 2632 1802 2657 somno

250 2672 298 2707 30
310 2671 439 2715 gravi.
491 2669 645 2710 Quibus
665 2669 957 2704 dormientibus
977 2668 1213 2704 Hormisdas
1240 2672 1278 2703 et
1305 2669 1468 2703 vincula
1494 2669 1587 2703 lima
1613 2669 1803 2705 dissecuit

311 2721 350 2751 et
377 2727 398 2752 e
425 2727 588 2752 carcere
615 2717 777 2762 elapsus
803 2717 902 2751 abiit
929 2720 967 2751 et
993 2716 1046 2751 ad
1072 2716 1275 2751 Romanos
1310 2717 1416 2761 fugit
1452 2719 1490 2751 et
1523 2719 1710 2762 receptus
1744 2721 1803 2752 est

250 2767 294 2802 31
311 2765 723 2800 honorificentissime.
774 2763 826 2798 At
852 2764 981 2809 Sapor
1007 2765 1108 2810 fuga
1133 2764 1239 2798 iliius
1264 2764 1479 2798 videbatur
1507 2764 1659 2808 laeta-ri,
1687 2766 1801 2809 quasi

310 2819 461 2847 metum
494 2812 545 2846 ab
577 2812 643 2847 illo
680 2813 954 2847 imminentem
989 2812 1217 2846 amovisset,
1268 2811 1368 2846 Nam
1400 2822 1481 2846 non
1516 2811 1635 2846 modo
1662 2812 1802 2847 redde-

311 2863 423 2895 retur
449 2859 524 2895 sibi
551 2859 646 2894 exul
672 2870 754 2895 non
780 2860 932 2906 petivit,
973 2859 1045 2895 sed
1077 2859 1197 2895 etiam
1229 2869 1399 2894 uxorem
1432 2859 1484 2894 ad
1520 2869 1611 2894 eum
1645 2859 1803 2895 honori—

250 2909 298 2955 32
311 2907 566 2944 ficentissime
594 2907 709 2945 misit.
760 2907 856 2945 Erat
883 2910 1018 2944 autem
1044 2906 1281 2945 Hormisdas
1315 2913 1354 2943 et
1392 2907 1529 2955 magni
1567 2907 1724 2944 roboris
1764 2911 1804 2945 et
