2054 3282
163 247 166 250 ·
182 232 576 276 CONSTANTINVS
595 232 658 272 IV.
677 230 989 272 POGONATVS
1006 229 1251 271 IMPERAT.
1298 228 1545 270 AGARENI.
1610 230 1681 268 2²23

182 359 346 415 γνόντες
377 360 417 400 οἱ
447 358 562 400 ἄλλοι
591 358 733 413 μεστοὶ
766 357 889 404 δέους
923 355 1204 412 ὗπενόστησαν
1228 357 1285 403 εἷς
1306 355 1354 398 τιὶ
1376 357 1548 398 ἑαυτῶν.
1611 356 1681 397 καὶ
1695 364 1717 398 8
1744 361 1780 396 D

182 429 342 483 ἀμφοῖν
374 427 420 469 δὲ
450 430 536 469 τῶν
567 427 766 481 ἀδελφῶν
796 426 926 468 αὐτοῦ
957 425 1031 472 τὰς
1061 425 1182 480 ῥῖνας
1211 425 1424 480 ἀπέτεμεν.

307 496 360 539 Οἳ
391 497 436 538 δὲ
466 501 539 551 τῆς
557 496 688 550 Ἅγαρ
710 495 912 549 ἀπόγονοι
943 494 994 536 οὗ
1027 494 1207 536 διέλιπον
1236 494 1310 549 τὴν
1341 492 1425 536 ὑπὸ
1446 493 1718 548 Ῥωμαίους9

183 567 351 608 ἅπασαν
379 565 450 607 καὶ
469 566 576 620 πεζῇ
597 565 668 606 καὶ
689 564 954 618 πλοϊζόμενοι
977 563 1174 618 δῃοῦντες
1194 564 1266 605 καὶ
1286 563 1535 618 ληιζόμενοι.
1598 563 1681 605 εἶτα
1698 569 1743 605 10

148 639 170 674 5
185 635 321 689 στόλῳ
351 635 477 689 βαρεῖ
501 633 573 675 καὶ
603 629 694 674 κατ’
729 633 858 687 αὐτῆς
878 632 1066 687 ἐπῆλθον
1087 636 1159 687 τῆς
1179 632 1390 687 βασιλίδος
1410 635 1496 673 τῶν
1516 631 1683 673 πόλεων

185 703 257 745 καὶ
286 702 560 756 ναύσταθμον
590 706 664 744 τοῦ
696 703 900 756 σφετέρου
932 700 1081 742 στόλου
1111 701 1336 756 πεποίηντο
1367 699 1452 742 ἀπὸ
1479 703 1554 741 τοῦ
1574 699 1684 753 πρὸς

185 771 303 814 δύσιν
333 771 602 825 ἀκρωτηρίου
632 774 707 812 τοῦ
738 770 844 812 κατὰ
875 769 922 811 τὸ
936 769 1152 824 Ἕβδομον
1181 770 1306 824 μέχρι
1332 773 1406 811 τοῦ
1428 768 1683 824 Κυκλοβίου.

185 839 321 894 στόλῳ
353 839 399 881 δὲ
430 839 454 880 ὁ
485 838 677 894 βασιλεὺς
707 840 1025 884 Κωνσταντῒνος
1056 838 1419 892 ἀνθοπλισάμενος
1449 834 1551 878 καθ’
1585 837 1683 878 ἑκά·
1699 846 1741 880 11

186 924 285 963 στην
305 908 446 954 αὐτοῖς
466 908 743 956 ἀντετάσσετο,
770 907 841 949 καὶ
861 907 1088 961 ναυμαχίαι
1110 906 1290 960 ἐγίνοντο
1313 906 1358 954 ἐξ
1378 906 1498 960 ὥρας
1519 906 1685 960 ἐαρινῆς

128 983 174 1018 10
185 978 309 1032 μέχρι
331 976 382 1031 δὴ
405 977 736 1032 φθινοπωρινῆς.
799 976 861 1022 ὡς
883 973 920 1017 δ’
945 975 1069 1017 οὐδὲν
1091 976 1131 1016 οῖ
1157 975 1368 1029 βάρβαροι
1399 975 1542 1029 ἤνυον,
1575 973 1684 1015 ἀπά-
1700 984 1745 1020 12

187 1061 332 1100 ραντες
361 1045 435 1100 τὴν
466 1045 654 1094 Κύζικον
684 1045 955 1100 κατειλήφασι
993 1044 1064 1086 καὶ
1101 1044 1254 1098 ταύτην
1291 1043 1450 1090 ἑλόντες
1493 1044 1537 1085 ἒν
1580 1043 1685 1098 αὐτῇ
1701 1051 1890 1089 ΡΙΙ9οΑ

186 1114 259 1157 τὸν
295 1118 482 1170 χειμῶνα
521 1115 730 1169 διήγαγον.
792 1115 881 1168 ἅμα
914 1113 952 1154 δ’
985 1114 1076 1167 ἔαρι
1107 1111 1232 1158 αὖθις
1262 1112 1336 1167 τὴν
1367 1112 1685 1154 Κωνσταντίνου
1700 1122 1745 1159 13

187 1184 430 1239 κατέλαβον,
474 1183 545 1224 καὶ
588 1182 713 1229 αὖθις
755 1182 982 1237 ναυμαχίαι
1025 1181 1182 1236 συχναί.
1243 1181 1492 1236 τριβομένου
1531 1180 1576 1222 δὲ
1611 1184 1685 1222 τοῦ
1701 1191 1747 1227 14

189 1257 354 1308 καιροῦ,
399 1251 485 1294 ἐπεὶ
529 1251 731 1306 κατέλαβε
766 1250 814 1292 τὸ
849 1250 1116 1305 μετόπωρον,
1160 1254 1209 1305 τῇ
1242 1250 1419 1303 Κυζίκῳ
1457 1249 1528 1291 καὶ
1564 1249 1687 1290 πάλιν

130 1327 176 1362 15
189 1322 260 1364 τὸν
291 1323 444 1364 οἰκεῖον
475 1321 621 1363 στόλον
652 1321 692 1362 οῖ
720 1324 793 1375 τῆς
815 1319 946 1374 ’Ἀγαρ
983 1319 1237 1373 ε’νώρμισαν·
1282 1318 1353 1360 καὶ
1389 1322 1511 1360 τοῦτο
1550 1319 1688 1364 οὕτως
1703 1329 1746 1364 15

190 1392 247 1438 εἰς
277 1391 463 1446 ἕβδομον
493 1389 662 1431 ἐποίουν
693 1388 889 1430 ἐνιαυτόν.
951 1387 1202 1442 ἀπογνόντες
1232 1385 1322 1441 οὖν,
1358 1387 1518 1441 μᾶλλον
1547 1388 1687 1442 μέντοι
1702 1399 1747 1434 16

189 1504 212 1539 3
237 1505 288 1539 ὅτι
314 1502 379 1539 σὺν
406 1503 520 1547 στόλῳ
552 1503 588 1537 οἱ
612 1500 794 1547 Ἀγαρηνοὶ
825 1500 1058 1545 ἐπολιόρκουν
1090 1499 1152 1545 τὴν
1176 1499 1551 1535 Κωνσταντινούπολιν
1575 1498 1631 1534 ἐπὶ
1656 1499 1684 1539 ζ

190 1551 289 1594 (ἔπτὰ
315 1550 360 1595 C)
385 1551 573 1595 ἐνιαυτούς,
599 1550 659 1585 καὶ
684 1549 846 1595 ἀπῆλθον
869 1549 1044 1587 παθόντες
1069 1548 1091 1593 ἢ
1117 1548 1306 1593 δράσαντες
1333 1547 1396 1583 ΟΕ
1494 1547 1539 1582 16
1564 1548 1614 1582 ὅτι
1632 1547 1688 1582 ἐπὶ

189 1600 313 1636 τούτου
338 1604 399 1635 τοῦ
423 1598 598 1646 βασιλέως
623 1597 661 1632 τὸ
685 1597 793 1643 ὑγρὸν
816 1601 887 1642 πῦρ
913 1597 1044 1642 εὑρέθη
1072 1596 1100 1632 C

263 1707 283 1742 1
309 1707 358 1746 εἰς
383 1705 424 1742 τὰ
448 1706 582 1742 ἑαυτῶν
605 1706 843 1750 ὗπενόστησαν
869 1704 967 1751 pr
1082 1704 1105 1739 2
1128 1704 1224 1749 ῥίνας
1249 1702 1398 1751 Apr‚
1426 1714 1528 1740 corr.
1554 1702 1622 1749 Di,
1650 1715 1688 1740 v.

262 1758 549 1802 argumentum
576 1753 628 1789 ad
654 1752 746 1789 XIV
771 1753 828 1797 22,
857 1754 875 1788 1
1043 1752 1066 1788 3
1091 1753 1244 1788 διέλιπον
1269 1752 1340 1787 AR
1366 1753 1422 1797 (in
1449 1751 1479 1788 C
1506 1762 1610 1787 corr.
1637 1762 1689 1787 ex

263 1803 449 1846 διέλειπον)
476 1813 551 1848 wp,
578 1801 751 1837 διέλειπον
777 1800 820 1845 Β,
846 1801 1023 1836 διέλοιπον
1049 1801 1090 1845 Ε,
1118 1811 1154 1835 ν.
1181 1800 1273 1836 XIV
1299 1800 1356 1845 21,
1377 1800 1432 1836 19.
1458 1799 1531 1836 XV
1558 1799 1612 1844 14,
1631 1800 1689 1835 20.

262 1850 354 1886 XVI
380 1850 438 1894 25,
455 1850 503 1886 20
603 1850 627 1884 4
650 1849 747 1890 πεζοὶ
766 1849 902 1895 DEwp
998 1849 1233 1894 πλωϊζόμενοι
1252 1848 1388 1895 DEwp
1486 1848 1508 1884 5
1533 1848 1594 1883 καὶ
1613 1858 1689 1884 om.

263 1898 451 1944 BSDEwp
548 1898 582 1933 6.
602 1899 622 1933 7
648 1897 718 1933 ἀπὸ
742 1902 803 1932 τοῦ
828 1896 918 1932 κατὰ
942 1896 981 1931 τὸ
1005 1897 1159 1943 ἕβδομον
1178 1896 1267 1942 πρὸς
1285 1897 1386 1932 δύσιν
1402 1897 1631 1942 ἀκρωτηρίου
1658 1895 1689 1932 Ο

264 1948 285 1983 7
309 1948 412 1992 μέσχι
439 1946 524 1992 wssp
633 1946 828 1990 κυκλορίου
847 1944 894 1989 D,
922 1955 1044 1990 quam
1070 1945 1311 1991 scripturam
1345 1946 1412 1980 Wo
1440 1955 1604 1990 quoque
1633 1944 1690 1979 af-

265 1997 343 2031 fert
451 1995 474 2030 8
499 1997 589 2040 post
616 1993 654 2029 δὲ
680 1993 772 2029 add.
798 1993 858 2028 καὶ
884 1992 983 2038 pr
1097 1993 1118 2027 ὁ
1140 1992 1304 2039 βασιλεὺς
1329 1998 1583 2031 κωνσταντῖνος
1608 1991 1689 2036 ΑΟ,

263 2044 284 2079 ὁ
307 2048 562 2081 κωνσταντΐνος
588 2042 609 2076 ὄ
631 2041 793 2088 βασιλεὺς
819 2041 915 2087 Ewp
1046 2041 1087 2075 11
1115 2041 1202 2087 αὐτὴ
1230 2041 1261 2076 Ε
1391 2040 1436 2075 12
1461 2040 1629 2086 διήγαγον
1653 2040 1692 2075 τὸ

264 2091 445 2174 ἷῖςπῗῗῖἵῖ
464 2089 850 2183 ἒῗῖέὲἓῖἴιςΟΒεΕψρ
877 2089 932 2124 12·
961 2087 1678 2183 ῙῨέἒῖνΞζῇῗξέῗῖἷῗιἒᾜέεἶῖιῖῗέανΟΑ

536 2165 545 2183 7
1371 2165 1381 2180 ἲ
1682 2163 1690 2180 5

264 2187 451 2232 ἐνορμϊσαν
476 2190 520 2227 (s.
550 2188 648 2227 acc.)
674 2185 743 2230 w*‚
769 2185 955 2230 ἓνόρμισαν
982 2185 1029 2231 p*

195 2295 303 2342 pleni
328 2295 471 2378 tamore
498 2304 541 2331 se
578 2295 822 2340 receperunt
848 2292 899 2328 ad
926 2303 1012 2329 sua.
1062 2292 1233 2340 Utrique
1260 2294 1379 2330 etiam
1407 2294 1522 2329 fratri
1548 2295 1729 2332 nasum8

223 2343 331 2379 raeci
363 2343 403 2378 it.

195 2354 219 2390 p
314 2389 496 2437 Agareni
523 2394 658 2426 autem
675 2399 813 2425 omnes
828 2389 1100 2425 Romanorum
1128 2390 1359 2435 provincias
1385 2393 1495 2426 terra
1508 2390 1728 2436 marique9

196 2439 393 2475 incendiis
411 2444 451 2475 et
469 2438 764 2484 direptionibus
785 2441 947 2473 vastare
965 2447 1047 2472 non
1075 2437 1325 2481 desistentes,
1351 2438 1515 2473 tandem
1540 2448 1693 2484 magna
1709 2439 1754 2475 10

199 2487 325 2523 classe
358 2487 486 2533 ipsam
525 2487 645 2522 etiam
672 2486 814 2521 urbem
841 2486 997 2531 regiam
1035 2491 1129 2520 sunt
1163 2486 1360 2531 aggressi,
1399 2486 1575 2521 navibus
1610 2487 1693 2522 suis

198 2535 250 2570 ab
276 2534 476 2570 Hebdomi
503 2533 743 2571 occidentali
771 2534 1047 2579 promuntorio
1077 2543 1206 2578 usque
1232 2533 1283 2568 ad
1309 2533 1544 2579 cyclobium
1577 2534 1694 2569 collo·

200 2583 311 2619 catis.
361 2582 440 2619 Sed
467 2586 507 2618 et
525 2581 813 2618 Constantinus
840 2582 966 2616 classe
986 2585 1130 2626 parata
1155 2582 1197 2617 in
1224 2581 1309 2616 dics
1336 2592 1426 2616 cum
1453 2582 1501 2617 iis
1515 2581 1752 2618 decerta-11

199 2630 280 2675 bat,
306 2631 555 2676 navalesque
583 2639 748 2676 pugnae
763 2630 1116 2665 committebantur
1143 2639 1166 2664 a
1193 2640 1290 2665 vere
1316 2639 1447 2674 usque
1473 2629 1524 2664 ad
1539 2633 1694 2664 autum-

199 2688 309 2714 num.
360 2678 490 2725 Igitur
527 2678 703 2721 barbari,
746 2687 836 2713 cum
874 2677 971 2712 nihil
1017 2677 1270 2723 proficerent,
1312 2677 1444 2713 soluta
1483 2677 1694 2719 obsidione
1709 2679 1754 2715 12

202 2725 391 2772 Cyzicum
413 2729 666 2772 occuparunt
683 2725 821 2771 ibique
840 2724 1078 2761 hiemarunt.
1130 2724 1213 2760 Sub
1241 2725 1348 2761 veris
1375 2729 1510 2760 autem
1537 2725 1693 2761 initium
1710 2727 1754 2762 13

201 2783 341 2810 rursus
367 2774 520 2820 Cpolim
547 2773 735 2809 invasere
761 2777 800 2808 et
827 2773 962 2808 denuo
990 2773 1133 2808 crebra
1161 2772 1314 2818 proelia
1341 2776 1434 2808 sunt
1462 2774 1581 2808 sacta.
1615 2773 1693 2809 Ubi
1710 2774 1755 2810 14

201 2832 292 2858 cum
318 2825 477 2868 tempus
491 2824 701 2865 tereretur,
729 2825 924 2857 autumno
944 2825 1162 2866 appetente
1188 2819 1369 2866 Agareni
1384 2821 1551 2856 classem
1579 2831 1693 2857 suam

201 2869 336 2907 denuo
362 2870 552 2916 Cyzicum
590 2869 862 2914 reduxerunt3
900 2869 1022 2914 idque
1047 2878 1178 2915 usque
1214 2868 1265 2903 ad
1292 2878 1443 2904 annum
1482 2870 1693 2916 septimum
1711 2870 1755 2906 15

202 2920 441 2955 estfactum.
492 2916 549 2953 Re
566 2917 693 2964 igitur
707 2917 922 2964 desperata
949 2917 1011 2952 vel
1040 2917 1173 2963 potius
1187 2917 1321 2953 multis
1337 2917 1525 2954 militibus
1542 2918 1695 2955 necatis
1711 2918 1755 2955 16
