2054 3282
353 261 424 303 302
723 263 901 304 ZONAR.
930 263 1060 302 ΕΡῙΤ.
1086 263 1157 302 XV
1184 264 1240 311 13,
1265 265 1418 312 29-14,
1444 266 1477 303 9.

353 404 504 442 μησαν,
550 388 620 429 καὶ
660 389 771 429 οὕτω
803 388 1186 441 παραχωρηθέντες
1217 388 1274 433 εἶς
1304 387 1350 429 τὸ
1381 389 1488 442 μέγα
1521 389 1714 444 εἰσῆλθον
1746 391 1846 431 ἀνά-

294 461 341 496 30
353 472 515 508 κτορον.
577 456 659 496 εἶτα
694 454 743 496 δι’
778 457 904 509 αὖτῆς
930 461 1002 509 τῆς
1023 455 1171 501 νυκτὸς
1194 456 1319 509 ὄχλον
1341 457 1612 510 ἀθροίσαντες
1634 458 1845 511 σύγκλυδα

354 524 419 564 διὰ
450 524 587 577 πάσης
627 528 698 578 τῆς
723 524 900 577 Ἀγορᾶς
942 523 1026 575 πρὸ
1069 528 1141 577 τῆς
1177 525 1338 578 ἡμέρας
1376 524 1450 578 τὴν
1485 529 1558 566 τοῦ
1592 525 1845 580 Νικηφόρου

350 592 573 645 πεποίηντο
617 591 888 645 ἀναγόρευσιν
931 591 1001 632 καὶ
1044 597 1106 645 τῷ
1149 596 1220 646 τῆς
1263 591 1448 646 Εἰρήνης
1492 594 1611 647 οἴκῳ,
1656 591 1758 635 καθ’
1797 595 1847 636 ὃν

292 666 334 700 31
353 660 466 714 διῆγε
496 659 598 712 τότε,
631 659 826 713 φρουρὰν
857 660 1137 713 περιέστησαν.
1199 660 1361 714 ἡμέρας
1388 661 1433 702 δὲ
1454 661 1535 716 ἤδη
1559 662 1882 718 ἕπιφαυούσηςῖ)

352 729 408 772 εἷς
438 727 485 768 τὰ
515 727 623 780 πρὸς
644 728 702 768 ἕω
724 727 907 781 βασίλεια
929 728 1230 781 μεταγαγόντες
1251 728 1381 782 αὐτὴν
1402 730 1473 770 καὶ
1494 731 1844 784 κατακλείσαντες,

308 802 336 838 C
351 796 407 841 εἷς
431 795 503 849 τὴν
530 796 715 849 μεγάλην
737 795 958 848 ἐκκλησίαν
979 796 1194 850 ἀφίκοντο,
1228 794 1276 837 ἵν’
1301 797 1388 838 ἐκεῖ
1404 799 1639 852 ταινιωθείη
1663 799 1687 839 ὁ
1708 798 1844 853 Μκη-

350 864 485 917 φόρος
517 864 587 904 καὶ
618 863 895 917 αὐτοκράτωρ
928 864 1209 919 ἅναρρηθείη·
1244 866 1267 906 ὃ
1301 865 1351 918 δὴ
1385 866 1456 907 καὶ
1487 867 1642 920 γέγονε.

94 934 335 975 W1119914
476 932 539 986 Τῇ
572 935 672 985 γοῦν
709 932 805 986 ἑξῆς
842 933 979 986 ἡμέρᾳ
1015 932 1124 985 πρὸς
1160 932 1233 987 τὴν
1276 934 1515 987 βασίλισσαν
1559 933 1670 988 ἧκεν,
1715 933 1846 977 οὖσαν

349 999 432 1041 ὑπὸ
467 1001 697 1054 φρουρούς,
742 1002 861 1042 ἄκων
904 1002 1173 1056 προαχθῆναι
1216 1002 1350 1055 λέγων
1394 1003 1450 1048 εἷς
1486 1001 1560 1056 τὴν
1599 1003 1733 1057 ἀρχὴν
1771 1003 1845 1058 τὴν
1861 1013 1905 1048 10

348 1069 566 1122 βασίλειον,
597 1068 707 1123 μηδὲ
739 1068 818 1122 γὰρ
850 1068 950 1110 εἶναι
982 1070 1098 1123 αὐτῷ
1128 1069 1236 1123 πρὸς
1266 1070 1435 1124 βουλῆς,
1468 1070 1539 1111 καὶ
1570 1071 1745 1125 θαρρεῖν
1766 1072 1841 1113 αὕ-

348 1136 421 1191 τὴν
457 1137 711 1185 ἀναπείθων,
756 1138 818 1184 ὡς
861 1137 1034 1184 οὐδενὸς
1078 1139 1369 1193 ἀτυχήσουσαν
1412 1142 1497 1180 τῶν
1533 1139 1647 1192 παρὰ
1687 1140 1841 1182 δούλου

349 1205 636 1259 ὀφειλομένων
672 1205 780 1259 πρὸς
820 1206 1040 1247 δέσποιναν
1072 1208 1269 1260 γίνεσθαι.
1333 1208 1450 1261 ἠξίου
1485 1208 1529 1249 δὲ
1560 1208 1656 1254 τοὺς
1686 1209 1840 1262 βασιλι-

311 1272 451 1319 2κοὺς
481 1274 695 1322 ὑποδεῖξαι
725 1275 882 1320 πάντας
913 1275 1029 1329 αὐτῷ
1059 1276 1318 1330 θησαυρούς.
1381 1277 1406 1330 ἡ
1441 1277 1486 1318 δὲ
1516 1276 1594 1318 “ui
1620 1276 1710 1317 κατ’
1734 1277 1843 1332 ἕμὲ”

348 1341 449 1396 φησὶ
486 1341 593 1396 πρὸς
630 1342 757 1383 αὐτὸν
788 1343 1057 1398 ’σᾶιιάθεμένη
1090 1345 1183 1398 θεῷ
1214 1344 1287 1398 τὴν
1317 1345 1394 1398 μὲν
1426 1346 1630 1386 ἔκπτωσιν
1661 1350 1733 1400 τῆς
1762 1347 1840 1400 βα·
1858 1354 1901 1388 15

347 1479 370 1515 8
393 1479 548 1525 βασιλεία
565 1481 783 1526 Νικηφόρον
801 1486 861 1516 τοῦ
878 1481 946 1517 ἀπὸ
963 1487 1110 1527 γενικῶν
1137 1485 1177 1524 (τ.
1190 1482 1249 1517 ἀπ.
1263 1496 1292 1528 γ.
1312 1493 1387 1518 om.
1404 1483 1447 1527 E)
1474 1483 1518 1527 R,
1543 1485 1701 1529 βασιλεία
1725 1485 1840 1531 Νικη-

347 1531 463 1572 φόρου
490 1527 636 1563 additis
662 1530 701 1563 in
730 1539 855 1575 marg.
882 1530 904 1574 ἡ
932 1529 981 1572 (Ῥ)
1007 1535 1067 1565 τοῦ
1093 1536 1235 1575 γενικοῢ
1262 1530 1292 1565 Β
1411 1531 1433 1565 9
1459 1532 1521 1566 ὅσα
1544 1532 1633 1576 πρὸς
1659 1532 1720 1578 τὴν
1746 1533 1838 1578 (om.

348 1575 393 1616 E)
418 1575 581 1620 βασιλίδα
606 1577 765 1622 Εἰρήνην
790 1578 811 1610 ὁ
834 1578 1045 1622 Νικηφόρος
1070 1580 1191 1622 εἴρηκε
1224 1579 1257 1620 (0‘
1281 1579 1366 1613 Νικ.
1392 1579 1455 1622 εἷρ.
1484 1589 1558 1614 om.
1589 1579 1651 1621 E)'
1689 1580 1749 1614 καὶ
1774 1581 1838 1615 ὅσα

345 1623 433 1667 πρὸς
457 1623 589 1658 ἐκεῖνον
614 1624 750 1669 ἐκείνη·
789 1625 848 1659 καὶ
880 1626 930 1659 ὅτι
962 1625 1072 1660 πολλὰ
1102 1626 1280 1667 ὑπέδειξεν
1313 1626 1408 1671 αὐτῷ
1440 1626 1604 1672 χρήματα
1636 1628 1840 1673 τεθησαυρι-

346 1670 454 1715 σμένα
487 1673 577 1715 (om.
605 1671 651 1714 Ε)
677 1672 737 1707 καὶ
763 1672 813 1711 ὡς
837 1672 961 1708 αὐτίκα
988 1674 1220 1719 ὑπερωρίσθη
1248 1673 1310 1710 CE

421 1799 437 1833 1.
466 1798 514 1838 εἷς
531 1798 568 1834 τὸ
584 1799 673 1844 μέγα
693 1809 766 1835 om.
784 1799 814 1836 Ο
888 1801 1018 1847 εῖςῆλθ.
1037 1802 1084 1841 εἰς
1102 1801 1143 1837 τὰ
1160 1801 1336 1847 ἀνάκτορα
1355 1801 1386 1838 O
1462 1802 1485 1837 4
1509 1804 1696 1848 πεποίηντο
1722 1803 1842 1849 ἀναγό-

417 1860 537 1891 ρευσιν
564 1846 709 1893 AEwp,
735 1848 915 1893 εὐφημίαν
939 1850 1166 1894 ε’δημοσίευον
1195 1849 1225 1885 O
1339 1851 1360 1886 5
1387 1851 1624 1896 ἑπιφανούσης
1650 1851 1692 1895 Β,
1718 1851 1841 1896 ἐπιφα-

417 1895 534 1939 νείσης
561 1895 669 1940 Ewp,
694 1898 935 1941 προφανείσης
964 1897 999 1931 Ι)
1121 1899 1142 1932 6
1172 1902 1266 1933 ante
1291 1899 1340 1936 εἰς
1370 1898 1461 1933 add.
1487 1898 1546 1933 καὶ
1574 1900 1669 1944 Ewp
1782 1899 1842 1934 καὶ

416 1941 585 1988 prDi,
612 1953 687 1978 om.
714 1944 749 1977 A
871 1945 891 1980 ’ἶ
919 1945 1083 1989 ἐφίκοντο
1108 1945 1139 1981 Ε
1265 1946 1287 1981 8
1312 1947 1333 1980 ὃ
1358 1946 1403 1991 δὴ
1429 1947 1488 1981 καὶ
1513 1946 1631 1991 γέγονε
1659 1956 1734 1982 om.
1759 1946 1841 1992 BD,

419 1989 510 2024 add.
538 1989 625 2027 Dw:
651 1992 672 2025 ὃ
696 1990 740 2036 δὴ
767 1991 827 2026 καὶ
851 1992 999 2037 γέγονεν,
1028 2004 1065 2027 V.
1093 1993 1144 2027 ad
1171 1993 1267 2028 XIII
1296 1994 1326 2037 1,
1353 1994 1375 2028 5
1537 1995 1559 2029 9
1585 2000 1626 2040 τῇ
1653 2000 1737 2039 γοῦν
1761 1995 1843 2040 ἑξῆς

416 2038 498 2080 AE,
535 2039 628 2072 οὕτω
666 2038 706 2073 δὲ
736 2044 796 2084 τῆς
826 2040 1014 2085 αὐταρχιάς
1047 2041 1263 2085 δραξάμενος
1294 2043 1314 2076 ὁ
1345 2043 1541 2087 νικηφόρος
1580 2043 1615 2085 (ὁ
1644 2044 1843 2087 νικηφόρος

417 2085 632 2130 δραξάμενος
659 2085 736 2128 ΒΟ)
768 2092 810 2132 τῆ
839 2087 920 2133 ἑξῆς
947 2088 989 2132 O,
1034 2090 1084 2133 Τῆ
1114 2090 1208 2124 οὕτω
1241 2088 1280 2124 δὲ
1304 2094 1364 2134 τῆς
1389 2090 1578 2134 αὐταρχιάς
1603 2091 1623 2124 ὁ
1646 2092 1843 2135 νικηφόρος

416 2133 633 2178 δραξάμενος
658 2134 738 2179 ἑξῆς
763 2134 831 2179 W*‚
862 2136 965 2171 Οὕτω
992 2141 1052 2181 τῆς
1080 2136 1268 2181 αὐταρχίας
1294 2138 1511 2182 δραξάμενος
1535 2138 1556 2172 ὁ
1579 2139 1778 2183 νικηφόρος
1803 2143 1843 2184 τῇ

415 2181 496 2227 ἑξῆς
522 2181 571 2227 p*
669 2181 777 2218 οὖσαν
803 2193 878 2217 om.
906 2182 952 2227 D,
980 2184 1110 2229 suppl.
1137 2184 1204 2222 Dw
1305 2185 1349 2220 15
1374 2185 1457 2220 θεὸν
1483 2185 1531 2229 D,
1558 2195 1659 2221 corr.
1687 2185 1755 2224 Dw

346 2322 435 2348 cum
463 2312 538 2348 illis
562 2312 832 2359 Nicephorum
859 2314 1087 2350 salutarunt
1113 2326 1262 2362 regem,
1302 2319 1424 2361 atque
1450 2316 1506 2351 ita
1535 2316 1588 2351 illi
1615 2317 1655 2351 in
1686 2317 1841 2362 regiam

284 2363 332 2398 30
346 2361 509 2396 admissi
535 2365 640 2396 sunt.
705 2361 861 2398 Deinde
899 2373 948 2398 ea
978 2364 1066 2408 ipsa
1100 2369 1219 2399 nocte
1253 2364 1373 2399 turba
1406 2365 1636 2409 promiscua
1673 2365 1842 2400 collecta

344 2408 614 2454 Nicephorum
655 2409 911 2455 designatum
950 2421 1021 2456 per
1054 2414 1181 2446 totum
1212 2411 1359 2446 Forum
1391 2416 1486 2446 ante
1519 2411 1737 2446 diluculum
1772 2422 1841 2457 pu-

346 2456 547 2491 blicarunt
580 2464 619 2492 et
658 2457 796 2492 Irenes
834 2458 1016 2500 aedibus,
1054 2458 1095 2492 in
1129 2459 1276 2504 quibus
1303 2462 1386 2493 tum
1413 2459 1573 2504 agebat,
1617 2459 1840 2494 custodiam

285 2506 328 2541 31
346 2504 627 2539 adhibuerunt.
679 2504 754 2540 Dic
781 2506 860 2539 iam
886 2506 1143 2541 illucescente
1169 2516 1256 2541 eam
1275 2507 1316 2540 in
1338 2507 1570 2541 orientalem
1589 2507 1743 2552 reg-iam
1763 2511 1840 2541 tra-

346 2551 507 2586 ductam
527 2553 828 2597 concluserunt3
855 2557 995 2598 postea
1016 2563 1204 2599 mag-nam
1232 2554 1442 2588 ecclesiam
1468 2559 1561 2589 sunt
1586 2554 1769 2599 ingressi,
1797 2556 1838 2589 in

345 2609 426 2643 qua
444 2598 694 2644 Nicephorus
713 2600 941 2636 diademate
960 2606 1173 2636 ornaretur
1194 2604 1233 2636 et
1256 2602 1474 2646 imperator
1501 2602 1837 2647 proc!amaretur;

344 2646 467 2690 idque
494 2648 644 2682 factum
675 2652 744 2682 cst.

467 2694 519 2729 14.
570 2694 640 2730 Ille
666 2695 858 2740 postridie
886 2695 938 2730 ad
963 2696 1146 2741 reginam
1173 2696 1294 2739 venit,
1326 2706 1431 2741 quae
1457 2707 1481 2731 a
1508 2697 1746 2732 satellitibus
1773 2707 1837 2732 cu-

344 2741 607 2787 stodiebatur,
643 2747 682 2777 ct
709 2743 811 2777 dixit
835 2753 878 2778 se
905 2744 1075 2778 invitum
1102 2744 1154 2778 ad
1181 2754 1352 2789 regnum
1381 2754 1468 2779 esse
1495 2750 1692 2787 evectum,
1728 2745 1838 2789 quod

345 2790 419 2823 sibi
448 2790 558 2823 cordi
586 2800 666 2824 non
694 2796 809 2834 esset,
837 2796 876 2826 et
903 2801 992 2826 eam
1021 2792 1126 2826 bono
1149 2792 1282 2826 animo
1303 2801 1391 2826 esse
1412 2792 1535 2835 iussit,
1564 2793 1713 2837 quippe
1733 2802 1838 2836 quae

345 2837 443 2870 nihil
461 2847 540 2871 non
561 2838 825 2882 impetratura
843 2843 959 2883 esset,
988 2839 1097 2884 quod
1121 2839 1307 2874 dominae
1325 2850 1350 2873 a
1368 2850 1486 2874 servo
1506 2840 1703 2884 praestari
1724 2850 1838 2884 opor-

309 2884 332 2921 2
346 2887 458 2927 teret,
480 2887 518 2918 et
538 2886 689 2930 petivit,
716 2891 761 2920 ut
781 2887 882 2932 regii
905 2886 1083 2922 thesauri
1103 2897 1241 2922 omncs
1259 2887 1334 2921 sibi
1353 2891 1683 2922 monstrarentur.
1735 2887 1838 2922 Tum

345 2931 429 2969 illa:
468 2932 634 2968 “Rebus
665 2935 763 2969 meis
796 2934 871 2970 deo
904 2934 1192 2972 commendatis
1227 2938 1265 2971 et
1296 2935 1485 2971 amissum
1511 2945 1599 2970 esse
1626 2936 1838 2982 imperium
