2054 3282
474 240 712 280 BASILIVS
734 240 797 287 11„
823 238 1218 279 CONSTANTINVS
1240 237 1344 276 VIII.
1372 236 1550 275 REGES.
1684 237 1755 274 539

261 364 511 418 περιέκειντο
554 363 758 418 σύμβολα,
803 362 875 417 τὴν
918 359 956 404 δ’
996 362 1189 411 ἐξουσίαν
1226 361 1252 404 ὃ
1288 360 1500 415 πρόεδρος
1539 359 1756 405 Βασίλειος

261 434 515 486 περιέζωστο
546 433 742 487 ἀτεχνῶς.
805 431 986 487 ἠνείχετο
1014 429 1060 472 δὲ
1081 430 1106 472 ὅ
1130 429 1343 476 Βασίλειος
1372 429 1505 484 μήπω
1535 427 1756 473 πεποιθὼς
1769 432 1791 465 3

263 501 412 555 ἑαυτῷ,
456 501 527 542 καὶ
564 501 654 542 οἷον
685 500 931 554 παιόοτρίβῃ
963 504 1024 554 τῴ·
1053 498 1431 553 παρακοιμωμένῳ
1461 500 1655 551 προσεῖχε
1685 495 1756 537 καὶ

263 569 412 610 ἑαυτὸν
442 569 670 623 ἕρρύθμιζε
699 567 808 622 πρὸς
836 568 911 622 τὴν
942 568 1102 610 ἐκείνου
1132 570 1217 609 τῶν
1249 566 1466 622 δημοσίων
1495 565 1757 620 πραγμάτων

227 637 536 691 5μεταχείρισιν
565 637 636 679 καὶ
668 637 880 691 διοίκησιν,
913 636 976 683 ὡς
1005 638 1058 678 ἂν
1087 639 1238 689 καιροῦ
1270 635 1498 681 καλοῦντος
1529 635 1666 680 οὕτως
1685 631 1758 675 καὶ

264 705 390 751 αὐτὸς
428 704 477 746 τὰ
513 705 608 759 περὶ
639 705 735 752 τοὺς
765 703 1083 758 στρατιωτικοὺς
1113 703 1372 758 καταλόγους
1401 703 1474 744 καὶ
1502 706 1576 757 τῆς
1605 701 1756 743 πολιτι-
1771 701 1967 740 P11216A

263 778 342 828 κῆς
372 774 570 828 εὐνομίας
598 774 935 828 μεταχειρίσηται.
996 772 1049 828 ἦν
1082 772 1162 827 γὰρ
1192 771 1239 814 τὸ
1270 771 1381 826 ἦθος
1412 770 1656 825 ἐγρηγορὼς
1686 767 1793 811 καὶ4

264 842 525 896 δραστήριος,
557 839 644 883 ἀλλ’
668 843 747 884 οὐκ
769 842 983 896 ἀνειμένος
1010 841 1115 883 κατὰ
1146 840 1218 883 τὸν
1248 839 1433 894 ἀδελφὸν
1462 839 1534 881 καὶ
1563 838 1657 891 περὶ
1686 836 1758 879 τὸν

264 909 396 964 ἀργὸν
415 910 508 965 βίον
536 911 792 965 ἔσχολακώς.
853 911 944 964 ἄρτι
975 914 1077 964 γοῦν
1107 911 1164 956 εἰς
1194 908 1291 955 τοὺς
1321 909 1557 963 ὁμαίμονας
1586 906 1792 952 τούτους5

207 987 253 1022 10
265 979 454 1033 περιέστη
493 978 540 1020 τὸ
577 979 731 1033 κράτος
767 979 838 1021 καὶ
869 978 1016 1020 αὐτίκα
1048 979 1095 1020 ἐκ
1126 982 1198 1032 τῆς
1228 977 1454 1031 ὑπερορίας
1483 975 1557 1030 τὴν
1586 974 1759 1021 τούτους

267 1048 435 1101 κατάγει
465 1051 668 1089 τεκοῦσαν
698 1048 723 1090 ὁ
753 1048 964 1102 πρόεδρος
993 1046 1065 1089 καὶ
1094 1051 1179 1092 τοῖς
1210 1047 1314 1092 υἱοῖς
1346 1045 1616 1087 ἀποδίδωσιν.
1678 1043 1756 1084 ὓπ-
1770 1049 1792 1083 6

17 1168 42 1176 .-
266 1116 457 1158 οπτεύων
489 1116 534 1158 δὲ
564 1116 635 1158 τὸν
664 1117 892 1170 μάγιστρον
924 1116 1100 1169 Βάρδαν
1130 1114 1201 1157 τὸν
1231 1114 1442 1169 Σκληρόν,
1480 1112 1759 1167 στρατηλάτην

31 1191 91 1228 D
112 1191 164 1228 lv
187 1192 252 1228 105
265 1185 365 1227 ὄντα
395 1184 468 1226 καὶ
497 1185 636 1231 πάσας
665 1183 740 1239 ὑφ’
773 1184 922 1226 ἑαυτὸν
952 1185 1098 1238 ἔχοντα
1130 1183 1202 1230 τὰς
1233 1182 1345 1238 ἑῴας
1383 1182 1589 1236 δυνάμεις,
1632 1181 1757 1235 ἀφαι-

30 1247 33 1259 ²
265 1257 391 1307 ρεῖται
420 1253 499 1308 μὲν
529 1254 658 1295 αὐτοῦ
689 1253 764 1308 τὴν
793 1257 867 1294 τοῦ
899 1252 1179 1307 στρατηλάτου
1208 1252 1355 1306 ἀρχήν,
1388 1251 1523 1292 ὂοῦκα
1547 1250 1592 1292 δὲ
1615 1249 1758 1291 Μεσο-

208 1328 253 1364 15
264 1323 471 1377 ποταμίας
502 1322 629 1364 αὖτὸν
658 1322 968 1377 προχειρίζεται.
1029 1324 1151 1362 τοῦτο
1173 1320 1342 1375 σφόδρα
1364 1319 1506 1374 ἠνίασε
1526 1317 1597 1360 τὸν
1618 1317 1758 1372 Σκλη-
1773 1321 1794 1357 7

265 1389 343 1445 ρὸν
378 1391 450 1433 καὶ
486 1391 625 1437 ἄλλως
662 1390 725 1432 ἀεὶ
760 1391 964 1445 τρέφοντα
1006 1387 1107 1444 παρ’
1148 1390 1286 1443 ἑαυτῷ
1327 1393 1399 1443 τῆς
1440 1386 1648 1442 βασιλείας
1688 1384 1761 1427 τὸν

265 1461 403 1514 ἔρωτα
439 1459 548 1514 πρὸς
584 1459 838 1501 ἀποστασίαν
875 1459 1055 1513 ἠρέθισε.
1117 1457 1370 1512 καταλαβὼν
1409 1454 1485 1498 οὗν
1520 1455 1594 1510 τὴν
1625 1453 1795 1509 ἀρχὴνὸ
1823 1458 1852 1494 Β

265 1529 323 1576 εἷς
351 1530 405 1584 ἣν
433 1528 719 1583 προεβέβλητο
749 1527 918 1574 πολλοῖς
948 1526 1186 1581 ἀνεκάλυψε
1215 1526 1263 1568 τὸ
1301 1525 1552 1580 ἀπόρρητον.
1613 1522 1759 1578 φιλού-
1773 1527 1795 1563 9

265 1659 288 1694 9
313 1659 363 1694 ὅτι
388 1658 570 1704 ἀνεκλήθη
596 1658 637 1693 ἐκ
664 1662 724 1703 τῆς
749 1658 936 1702 ὑπερορίας
961 1657 984 1702 ἦ
1009 1656 1126 1701 μήτηρ
1153 1661 1222 1691 τῶν
1246 1655 1422 1702 βασιλέων
1450 1654 1479 1690 C
1641 1653 1685 1688 15
1709 1653 1758 1687 ὅτι

265 1706 501 1751 ἀπεστάτησεν
531 1706 551 1741 ὀ
579 1706 766 1751 μάγιστρος
793 1705 938 1751 Βάρόας
969 1705 990 1739 ὅ
1017 1705 1197 1750 Σκληρός·
1237 1703 1297 1739 καὶ
1327 1704 1391 1738 ὅσα
1424 1702 1461 1738 ἐν
1494 1707 1535 1748 τῇ
1569 1701 1761 1746 ἀποστασία

266 1753 374 1790 αὐτοῦ
399 1754 578 1799 γέγονασιν
602 1752 632 1790 C

342 1865 359 1899 l
386 1865 680 1910 πρωτοπρόεὸρος
705 1864 802 1910 Ewp
899 1862 923 1899 2
947 1863 1101 1909 ἀτεχνῶς
1129 1873 1204 1898 om.
1224 1861 1256 1898 O
1354 1864 1448 1896 ante
1472 1861 1647 1907 βασίλειος
1669 1859 1761 1895 add.

338 1912 501 1959 βασιλεὺς
527 1912 625 1958 pr
731 1911 769 1973 ⁸5
792 1912 1040 1957 μεταχείρησιν
1066 1910 1201 1956 DEwp
1330 1910 1422 1944 οὕτω
1450 1906 1617 1954 prDi,
1644 1917 1683 1942 v.
1708 1906 1762 1943 ad

341 1995 437 2032 xm
464 1996 496 2040 6,
525 1996 570 2031 16
689 1995 712 2031 6
735 1973 761 2030 ,ἵ
787 1994 827 2038 c,
855 1995 935 2040 περὶ
961 1994 1021 2032 cw
1143 1997 1238 2030 anto
1263 1999 1322 2039 τῆς
1347 1992 1438 2028 add.
1466 1991 1504 2027 τὰ
1530 1989 1689 2037 prDi

341 2044 364 2079 9
388 2043 496 2089 ὑγρὸν
521 2042 557 2078 D
665 2042 871 2088 ἕσχολακὼς
896 2041 1106 2088 AEwap,
1131 2041 1305 2087 πεφυκὼς
1331 2041 1363 2076 O
1467 2040 1522 2075 10.
1551 2039 1592 2074 11
1619 2038 1678 2074 καὶ
1702 2038 1762 2074 αὐ-

342 2091 641 2137 τίκα-πρόεδρος
667 2101 741 2127 om.
769 2090 801 2126 E
899 2090 954 2126 10.
971 2091 1011 2126 11
1039 2090 1180 2134 κατάγει
1209 2092 1303 2125 ante
1329 2087 1390 2134 τὴν
1415 2087 1512 2133 pr
1611 2086 1656 2121 13
1679 2085 1762 2120 πάν-

343 2153 403 2179 τας
429 2138 462 2175 Β
607 2138 653 2174 14
676 2144 737 2174 τοῦ
763 2149 838 2174 om.
866 2138 962 2184 Ewp
1107 2137 1220 2173 ὅούκα
1246 2137 1332 2180 (sie)
1357 2134 1392 2171 A
1539 2134 1583 2170 16
1610 2134 1705 2170 ἄλλω
1732 2132 1762 2170 C

343 2187 389 2223 18
411 2186 633 2234 προβέβλητο
657 2186 754 2233 Ewp

270 2295 386 2341 regni
420 2294 597 2340 insignia
631 2297 850 2340 gestarent,
889 2293 1017 2328 omnis
1049 2292 1270 2328 auctoritas
1302 2294 1389 2326 erat
1422 2300 1547 2336 penes
1572 2288 1763 2324 Basiliam

271 2342 508 2389 praesidem,
535 2341 657 2387 idque
682 2340 854 2377 Basilius
879 2351 922 2377 se
947 2341 1033 2387 ipso
1059 2339 1238 2375 nondum
1267 2340 1394 2374 fretus
1420 2338 1629 2380 tolerabat,
1656 2332 1799 2371 cubi-3

271 2390 349 2426 culi
384 2390 615 2436 praeposito
646 2393 852 2434 tamquam
884 2388 1136 2434 praeceptori
1171 2386 1391 2423 oboediens
1424 2395 1549 2431 seque
1579 2384 1631 2419 ad
1657 2384 1763 2419 illius

271 2437 518 2484 reipublicae
546 2437 827 2473 tractationem
860 2442 899 2472 et
929 2435 1315 2471 administrationem
1342 2434 1611 2475 conformans,
1649 2436 1694 2467 ut
1725 2435 1764 2467 et

271 2486 368 2531 ipse,
406 2495 497 2520 eum
535 2488 693 2530 tempus
731 2483 963 2530 postularet,
1002 2484 1042 2519 in
1080 2482 1318 2518 milit-aribus
1353 2481 1548 2526 catalogis
1584 2483 1623 2515 et
1657 2478 1762 2514 civili

271 2534 477 2578 aequitate
503 2532 656 2571 tuenda
682 2531 851 2567 eandem
879 2532 1074 2566 rationem
1102 2535 1352 2575 sequeretur.
1403 2528 1498 2563 Erat
1515 2528 1619 2563 enini
1639 2523 1798 2562 alnei-ici

272 2585 310 2615 vt
343 2581 519 2616 excitato
553 2580 729 2625 ingenio,
768 2589 848 2614 non
882 2578 1099 2614 dissolutus
1133 2583 1172 2613 et
1199 2577 1391 2622 ignaviae
1417 2575 1680 2621 mancipatus,
1719 2581 1764 2610 ut

272 2630 407 2663 frater.
458 2627 556 2664 Cum
584 2628 754 2674 primum
782 2630 916 2662 autem
945 2626 981 2661 hi
1010 2627 1155 2661 fratres
1180 2634 1313 2660 rerum
1337 2624 1450 2670 potiti
1469 2627 1572 2666 sunt,
1601 2618 1799 2668 praeses5

272 2685 410 2711 eorum
437 2679 604 2711 matrem
631 2675 683 2710 ab
715 2674 835 2710 exilio
868 2679 1099 2709 revocatam
1132 2672 1221 2707 tiliis
1253 2672 1442 2715 restituit3
1481 2675 1521 2706 et
1550 2670 1645 2716 quia
1672 2669 1763 2705 Bar·
1777 2667 1799 2701 6

272 2722 364 2758 dam
383 2721 575 2766 Selorum,
600 2723 838 2767 magistrum
867 2721 1032 2756 militum
1060 2724 1099 2756 et
1126 2720 1189 2755 eui
1217 2730 1355 2755 omnes
1382 2717 1597 2754 orientales
1622 2717 1764 2763 coplae

273 2770 482 2816 parebant,
508 2773 737 2816 suspectum
766 2769 953 2812 habebat,
984 2779 1033 2803 ea
1059 2768 1257 2812 dignitate
1284 2771 1423 2812 erepta
1450 2764 1763 2811 Mesopotamiae

273 2817 415 2853 (lucem
452 2817 650 2863 desig-nat.
713 2817 840 2859 Quam
875 2816 940 2851 ille
972 2826 1053 2851 rem
1092 2815 1164 2850 ini(
1178 2815 1341 2850 uissimo
1381 2815 1515 2849 ferens
1551 2813 1685 2848 animo
1725 2811 1799 2848 et?

273 2864 451 2910 alioquin
477 2865 593 2910 regni
620 2864 841 2910 eupiditate
867 2868 1058 2899 aestuans
1082 2862 1133 2897 ad
1153 2862 1418 2898 (erectionem
1438 2861 1637 2904 incitatus,
1665 2860 1800 2895 init08

272 2913 513 2959 magistratu
539 2911 604 2949 illo
631 2922 864 2958 arcanoque
890 2921 980 2947 cum
1006 2910 1139 2946 multis
1165 2910 1471 2952 communicato,
1510 2911 1675 2955 propter
1700 2907 1800 2944 τοῦθ
