2054 3282
380 251 451 288 532
745 250 926 288 ZONAR.
953 248 1082 285 EPIT.
1110 247 1222 286 XVII
1246 249 1279 294 2,
1304 247 1433 294 48—3,
1462 248 1517 285 13.

382 373 423 414 οἳ
451 373 529 427 μὲν
561 372 798 426 ἀποδρᾶναι
835 371 985 417 νυκτὸς
1023 370 1336 425 συνεβούλευον,
1382 371 1422 411 οἷ
1453 369 1498 412 δὲ
1524 370 1744 424 Ῥωμαίοις
1775 371 1872 412 ἑαυ-

381 440 477 486 τοὺς
507 445 715 481 πιστεῦσαι
750 439 820 481 καὶ
859 440 994 484 οὕτως
1033 438 1274 479 ἐπανελθεῖν
1311 439 1367 484 εἷς
1406 438 1454 479 τὰ
1492 439 1587 492 ἴδια,
1633 440 1673 480 οῖ
1704 436 1741 480 δ’
1773 439 1874 480 ἄλλο

379 525 414 550 τι
444 509 681 550 ὗπετίθουν.

292 576 365 618 133
497 575 550 618 ‘O
583 577 629 618 δέ
660 592 704 630 γε
724 575 1088 630 Σφενδοσθλάβος
1119 576 1174 616 ἔτι
1205 576 1317 623 ἅπαξ
1338 575 1558 629 Ῥωμαίοις
1588 575 1762 630 παρῄνει
1791 577 1924 629 pta-D
1942 578 1997 615 IV
2017 579 2054 616 1(

382 645 587 699 χέσασθαι
618 644 689 685 καὶ
721 646 746 697 ἢ
778 643 1065 697 περιγενέσθαι
1096 659 1137 684 τε
1168 643 1239 684 καὶ
1265 644 1538 697 σταθήσεσθαι
1570 646 1595 698 ἢ
1627 648 1911 698 προτιμῆσαιὸ

344 714 567 754 ἳθάνατον
610 712 760 754 εὐκλεᾶ
804 713 918 766 ζωῆς
962 711 1203 766 δυστυχοῦς.
1265 715 1390 752 ταῦτα
1429 712 1453 752 ὁ
1490 712 1566 765 μὲν
1605 711 1703 765 εἶπε,
1747 711 1792 753 τὸ
1831 711 1876 753 δὲ

381 782 545 836 πλῆθος
578 781 748 835 ἐπῄνεσε
779 780 850 822 καὶ
881 785 930 834 τῇ
962 781 1058 835 ἑξῆς
1089 781 1352 826 θανατῶντες
1382 784 1466 825 τοῖς
1492 779 1713 834 Ῥωμαίοις
1744 795 1876 834 προσ-

379 850 610 902 πλέκονται,
643 849 714 890 καὶ
733 849 856 902 μέχρι
877 848 1034 889 πολλοῦ
1065 847 1164 889 ποτὲ
1194 848 1272 902 μὲν
1303 849 1343 889 οἳ
1366 848 1565 902 Ῥωμαῖοι
1594 849 1876 901 περιεγένοντο

343 921 365 955 3
379 920 464 958 τῶν
484 916 691 970 Σκυθῶν,
722 916 822 958 ποτὲ
845 916 890 958 δὲ
911 919 996 958 τῶν
1012 917 1235 972 Ῥωμαίων
1258 917 1297 958 οἲ
1317 918 1536 972 βάρβαροι.
1599 918 1660 962 ὡς
1683 915 1719 958 δ’
1743 917 1875 972 ἐφρά-

380 1001 481 1027 σατο
511 985 585 1040 τὴν
615 989 689 1026 τοῦ
720 984 851 1026 τόπου
884 986 1164 1040 στενοχωρίαν
1195 986 1219 1027 ὁ
1244 985 1436 1040 βασιλεὺς
1456 990 1538 1031 τοῖς
1561 986 1754 1032 ἐναντίοις
1775 985 1875 1027 εἶναι
1891 991 1936 1026 10

379 1052 488 1107 πρὸς
530 1053 785 1101 λυσιτέλειαν,
829 1052 889 1107 μὴ
936 1054 1039 1095 οἵων
1081 1069 1122 1094 τε
1166 1053 1301 1095 ὄντων
1343 1057 1428 1094 τῶν
1461 1053 1684 1107 Ῥωμαίων
1723 1053 1875 1094 ἐπιέναι

381 1123 521 1168 αὐτοῖς
560 1120 736 1176 ἀθρόον,
779 1125 864 1166 τοῖς
901 1126 1142 1176 στρατηγοῖς
1178 1122 1358 1163 ὑπέθετο
1394 1121 1443 1162 τὰ
1474 1121 1660 1175 τάγματα
1691 1120 1799 1175 πρὸς
1829 1120 1875 1162 τὸ

342 1190 524 1231 4πεδίον
554 1190 692 1244 ἠρέμα
723 1190 896 1243 ὑπάγειν
924 1194 1146 1244 χωροῦντα
1169 1188 1274 1230 κατὰ
1295 1189 1448 1244 βραχύ.
1510 1193 1631 1230 τοῦτο
1654 1189 1877 1243 γενόμενον

379 1262 464 1304 τοῖς
501 1258 734 1313 βαρβάροις
779 1258 927 1304 δειλίας
970 1262 1054 1299 τῶν
1088 1257 1312 1312 Ῥωμαίων
1354 1257 1425 1298 καὶ
1468 1262 1605 1312 φυγῆς
1646 1257 1876 1311 παρέσχετο

288 1331 316 1367 C
343 1330 365 1365 5
382 1326 571 1380 δόκησιν·
597 1326 668 1367 καὶ
690 1327 852 1367 εἵποντο
875 1326 1160 1374 ἀλαλάξαντες.
1214 1326 1276 1371 ὡς
1299 1326 1343 1367 δὲ
1364 1325 1471 1379 πρὸς
1493 1326 1714 1380 εὐρύτερον
1733 1325 1877 1366 πεδίον
1893 1334 1936 1369 15

379 1395 581 1449 ἐγένοντο,
626 1394 826 1449 σύνθημα
866 1399 950 1440 τοῖς
976 1395 1199 1448 Ῥωμαίοις
1235 1395 1259 1435 ὁ
1290 1394 1481 1448 βασιλεὺς
1520 1395 1772 1448 ἐπιστροφῆς
1809 1393 1876 1435 δέ-

381 1463 508 1517 δωκε,
553 1462 625 1504 καὶ
666 1463 997 1517 ἀναστρέψαντες
1039 1463 1347 1518 προσβάλλουσι
1390 1467 1474 1509 τοῖς
1517 1464 1762 1517 βαρβάροις,
1807 1463 1877 1503 καὶ

345 1532 527 1585 ὓγίνεται
571 1531 795 1586 φρικώδης
835 1532 858 1572 ὁ
898 1531 1092 1586 πόλεμος.
1155 1532 1178 1573 ὁ
1217 1531 1407 1586 βασιλεὺς
1451 1531 1495 1572 δὲ
1538 1530 1608 1572 τὸν
1650 1531 1877 1585 ,ιιάγιστρον

379 1661 403 1696 4
434 1661 456 1706 ἦ
482 1661 656 1696 τελευταιά
685 1661 783 1706 μάχη
817 1666 878 1696 τοῦ
909 1661 1082 1706 βασιλέως
1113 1663 1153 1702 (τ.
1180 1663 1259 1707 βασ.
1290 1672 1365 1696 om.
1393 1660 1436 1705 C)
1462 1660 1549 1705 πρὸς
1573 1660 1878 1706 Σφενδοσθλάβον

382 1709 688 1754 (σφενδόσθλαβον
714 1709 760 1752 Ε)
787 1708 847 1743 καὶ
875 1708 954 1747 τοὺς
975 1710 1065 1747 Ῥῶς
1095 1709 1180 1752 (ῥώς
1207 1708 1250 1751 C)
1278 1708 1340 1744 ΟΕ
1859 1727 1862 1731 ’

456 1837 475 1871 1
501 1836 697 1880 ἀποδρᾶναι
725 1835 825 1881 EDi,
852 1836 1044 1881 ἀποδράναι
1072 1836 1209 1882 Apr
1338 1837 1361 1871 4
1392 1837 1679 1882 σφενδόσθλαβος
1704 1836 1811 1882 Ewp‚
1839 1846 1875 1871 V.

454 1884 506 1918 ad
532 1883 644 1918 XVII
669 1884 702 1927 2,
729 1884 776 1919 34
872 1898 955 1928 παρ.
981 1885 1153 1928 ρωμαίοις
1172 1884 1238 1919 CD
1337 1885 1358 1919 6
1384 1885 1510 1919 εὐκλεᾶ
1535 1884 1616 1929 AR,
1641 1884 1766 1919 εὐκλέα
1791 1883 1876 1929 W³³⁸p

455 1932 475 1967 7
502 1931 757 1976 συμπλέκονται
784 1931 880 1977 Bwp
994 1933 1017 1966 8
1043 1934 1275 1977 περιεγίνοντο
1302 1930 1540 1977 CEBswpDi
1653 1932 1674 1966 9
1699 1931 1877 1976 ἐφράσατο

453 1978 524 2013 AR
551 1985 604 2022 (v.
632 1978 746 2014 Cedr.
775 1978 964 2024 (Scylitz.)
992 1979 1028 2013 II
1053 1980 1183 2025 p.40><,
1203 1979 1269 2023 14),
1295 1979 1526 2024 ἒφο)ράσα*το
1552 1979 1648 2024 Bwp
1747 1980 1792 2014 10
1816 1984 1877 2013 τοῦ

455 2037 530 2061 om.
559 2027 589 2061 Ε
716 2027 758 2060 11
786 2028 872 2061 οἴων
899 2027 982 2072 wssp
1115 2029 1227 2061 ὄντων
1254 2038 1328 2061 om.
1356 2027 1391 2061 D
1530 2027 1573 2062 12
1598 2028 1714 2065 αὐτοῖς
1740 2037 1815 2061 om.
1841 2026 1876 2060 D

501 2074 649 2118 ἀθρόων
668 2072 755 2109 CDi
839 2075 1022 2109 ὑπετίθετο
1041 2075 1136 2120 Ewp
1212 2075 1256 2109 13
1281 2075 1532 2119 ὑποχωροῦντα
1551 2075 1649 2119 pr
1724 2073 1769 2108 14
1792 2087 1877 2118 παρ-

453 2121 597 2166 έσχοντο
623 2121 659 2156 D
759 2121 804 2156 15
829 2121 862 2156 δ’
888 2123 937 2160 εἰς
963 2121 998 2156 D
1099 2122 1142 2156 16
1168 2122 1294 2167 ἑπιστρ.
1320 2128 1413 2157 ante
1431 2123 1452 2156 ὁ
1468 2122 1503 2156 D
1602 2123 1645 2157 17
1670 2121 1875 2168 βαρβάροις]

453 2169 627 2214 ῥωμαίοις
654 2168 683 2205 C
783 2170 838 2205 17.
868 2169 912 2204 18
937 2169 1198 2214 καὶ-πόλεμος
1225 2180 1299 2205 om.
1326 2170 1357 2204 Ε

382 2300 539 2332 meatus
566 2300 605 2332 et
635 2297 880 2333 auxiliorum
907 2298 1085 2333 destituti
1113 2298 1256 2343 partim
1289 2300 1412 2332 noctu
1442 2296 1693 2342 fugiendum,
1731 2297 1877 2342 partim

383 2344 587 2380 deditione
613 2345 803 2380 Romanis
829 2346 938 2380 facta
964 2345 1016 2380 ad
1041 2356 1115 2380 sua
1145 2346 1290 2390 cuique
1322 2345 1572 2380 redeundum
1599 2355 1697 2388 esse,
1733 2345 1876 2390 partim

383 2392 461 2426 alia
488 2392 687 2436 quaedam
715 2396 972 2428 censuerunt.

501 2440 534 2474 3.
585 2438 958 2485 Sphendosthlabus
993 2444 1127 2475 autem
1160 2440 1316 2475 monuit
1347 2449 1452 2482 suos,
1491 2443 1537 2474 ut
1573 2439 1704 2474 denuo
1739 2439 1876 2474 Martis

383 2486 512 2522 aleam
540 2487 834 2532 experirentur,
861 2488 925 2523 vel
952 2489 1121 2522 victoria
1150 2488 1319 2522 salutem
1345 2487 1564 2532 quaesituri
1586 2487 1649 2522 vel
1669 2487 1876 2521 honestam

347 2533 551 2570 2mortem
584 2535 842 2570 calamitosae
873 2536 981 2570 vitae
1008 2535 1239 2580 praelaturi.
1291 2535 1348 2569 Ea
1380 2536 1577 2569 sententia
1611 2535 1761 2579 populo
1789 2545 1876 2579 pro-

383 2582 490 2626 bata,
529 2582 722 2627 postridie
759 2586 927 2618 mortem
962 2593 1044 2617 non
1081 2586 1315 2617 recusantes
1355 2592 1444 2616 cum
1482 2581 1672 2616 Romanis
1711 2592 1875 2626 congre-

347 2628 550 2664 3diuntu1·
583 2640 630 2664 ac
662 2629 733 2664 diu
764 2639 873 2664 nunc
898 2630 1100 2673 Romanis,
1139 2640 1248 2664 nunc
1279 2630 1463 2664 barbaris
1500 2629 1762 2672 vincentibus,
1802 2640 1875 2664 rex

384 2686 474 2711 cum
509 2677 585 2711 loci
624 2677 835 2722 angustias
871 2678 1053 2712 hostibus
1090 2677 1270 2712 subsidio
1309 2686 1396 2711 esse
1431 2677 1791 2719 animadvertisset,
1834 2677 1876 2710 in

384 2724 531 2768 quibus
557 2725 619 2759 sui
649 2725 819 2760 conferti
845 2725 976 2760 subito
1004 2726 1158 2759 irruere
1184 2735 1266 2759 non
1292 2727 1465 2769 possent,
1492 2724 1614 2758 duces
1639 2724 1804 2766 monuit,
1831 2731 1876 2758 ut

347 2770 569 2805 4coh01·tes
604 2771 810 2816 paullatim
845 2772 1074 2807 recedendo
1110 2773 1150 2806 in
1186 2772 1389 2817 planitiem
1425 2771 1707 2805 subducerent.
1759 2771 1874 2812 Quod

385 2828 475 2852 cum
501 2819 626 2862 fieret,
663 2819 826 2854 barbari
852 2820 929 2854 rati
957 2819 1158 2854 Romanos
1187 2822 1296 2854 metu
1322 2819 1478 2863 fugere,
1505 2829 1592 2853 cum
1622 2819 1794 2853 clamore
1820 2819 1875 2852 in-

348 2864 669 2910 5sequebantur.
721 2866 818 2902 Cum
846 2870 982 2902 autem
1009 2868 1049 2901 in
1076 2867 1342 2912 patentiorem
1369 2876 1552 2911 campum
1575 2871 1737 2901 ventum
1759 2871 1874 2910 essct,

383 2922 455 2947 rex
482 2917 674 2948 tesseram
703 2914 812 2949 dedit
838 2914 1040 2959 Romanis,
1071 2919 1115 2949 ut
1142 2925 1184 2948 se
1216 2917 1509 2958 converterent,
1542 2918 1580 2949 et
1606 2923 1746 2960 pugna
1773 2920 1875 2948 atro-
