2054 3282
550 212 809 254 LEONTIVS
835 211 1010 250 REGNO
1035 201 1275 248 POTITVR'.
1591 208 1661 245 233

166 338 362 393 ρυέντων,
402 337 574 391 ὕβριζον
602 335 681 390 μὲν
710 335 783 378 τὸν
813 333 1114 388 Ἰουστινιανόν,
1145 333 1368 388 εὐφήμουν
1400 331 1446 373 δὲ
1477 330 1548 373 τὸν
1579 330 1661 372 Λε-

166 406 312 454 όντιον,
351 409 650 460 συνεργοῦντος
679 404 751 446 καὶ
782 402 1032 446 Καλλινίκου
1063 406 1137 445 τοῦ
1167 401 1439 456 πατριάρχου.
1502 400 1663 441 ἐκεῖθεν
1678 402 1725 438 34

168 472 206 516 δ’
239 476 296 522 εἰς
325 474 372 517 τὸ
403 474 633 529 ἱππήλατον
652 473 1026 528 μεταχωρήσαντες
1046 472 1228 525 θέατρον
1248 469 1296 512 τὰ
1319 471 1448 524 ὅμοια
1472 469 1663 523 διεπράτ-
1679 471 1716 506 D

7 596 10 597 ⁷
166 559 298 597 τοντο,
341 543 413 585 καὶ
445 542 517 585 τὸν
542 540 830 585 Ἰουστινιανόν
860 545 944 583 τῶν
976 540 1225 594 ἀνακτόρων
1255 539 1527 594 ἐξαγαγόντες
1557 537 1664 580 κατὰ

5 649 12 656 ,Δ
27 620 67 658 11
83 621 156 658 324
166 612 241 668 τὴν
270 611 521 666 Σφενδόνην
551 611 878 665 ἕρρινοτόμησαν
909 610 980 652 καὶ
1011 611 1067 656 εἷς
1091 609 1303 663 Χερσῶνα
1334 609 1479 650 ἔθεντο
1510 606 1664 661 ὑπερό-

3 678 23 685 ”
167 697 273 736 ριον,
319 680 530 727 ἐνιαυτοὺς
566 680 787 728 ἑξκαίδεκα
824 685 897 734 τῆς
932 679 1141 734 βασιλείας
1178 679 1454 734 κρατήσαντα.
1515 676 1588 718 τὸν
1625 673 1663 718 δ’
1679 677 1726 714 35

168 749 364 804 ἕκτομίαν
388 748 622 803 Στέφανον,
655 747 727 789 τὸν
758 748 1030 800 σακελλάριον
1062 747 1238 802 δηλαδή,
1270 746 1342 788 καὶ
1372 746 1443 788 τὸν
1473 745 1666 800 μοναχὸν

173 816 402 860 Θεοδόσιον
438 816 510 859 τὸν
548 816 710 871 γενικόν
753 816 1054 871 συλλαβόμενοι
1097 816 1168 857 καὶ
1207 815 1400 870 σχοίνους
1437 814 1666 869 ἐξάψαντες

167 889 253 929 τῶν
282 886 431 928 ποδῶν
462 886 615 934 αὐτῶν,
649 885 844 940 σύροντες
876 884 942 926 διὰ
974 889 1047 940 τῆς
1068 885 1227 939 ἀγορᾶς
1247 885 1304 930 εἷς
1325 883 1396 925 τὸν
1417 883 1536 925 Βοῦν
1557 882 1666 938 ἀπή-

111 963 157 999 10
169 970 299 1009 γαγον
329 954 400 996 καὶ
430 955 707 996 κατέκαυσαν.

291 1023 461 1065 Τούτων
491 1023 536 1064 δὲ
558 1024 796 1077 γενομένων
817 1023 841 1064 ὁ
863 1022 1059 1069 Λεόντιος
1089 1027 1161 1078 τῆς
1191 1022 1399 1077 βασιλείας
1430 1022 1667 1076 ἐκράτησεν,
1683 1017 1740 1060 23

169 1090 236 1148 ἐφ’
270 1091 321 1135 οὗ
353 1094 394 1135 οῖ
415 1093 595 1147 Ἄραβες
624 1091 697 1138 τὰς
713 1091 955 1146 Ῥωμαϊκὰς
975 1092 1296 1146 κατατρέχοντες
1317 1092 1464 1146 χώρας
1488 1089 1669 1136 πολλοὺς

169 1162 462 1217 αἰχμαλώτους
505 1161 755 1215 ἐλάμβανον,
801 1160 883 1202 εἶτα
928 1161 998 1202 καὶ
1038 1160 1111 1215 τὴν
1136 1160 1342 1215 Ἀφρικὴν
1380 1156 1454 1214 ὑφ’
1495 1158 1669 1204 ἑαυτοὺς
1685 1161 1714 1196 Ρ
1730 1160 1766 1195 11
1781 1157 1879 1196 94A

170 1231 431 1286 ἐποιήσαντο.
494 1230 642 1272 στέλλει
679 1230 815 1271 τοίνυν
853 1234 974 1271 τοῦτο
1004 1229 1164 1284 μαθὼν
1195 1229 1220 1270 ὁ
1250 1228 1442 1284 βασιλεὺς
1474 1227 1669 1274 Λεόντιος
1683 1229 1707 1265 2

20 1351 23 1358 ‚
115 1306 158 1342 15
170 1301 243 1342 ἕνα
264 1303 350 1341 τῶν
369 1299 601 1352 πατρικίων
615 1298 827 1353 Ἰωάννην,
853 1299 987 1352 ἄνδρα
1011 1298 1276 1352 δραστήριον,
1297 1297 1400 1352 μετὰ
1422 1301 1496 1339 τοῦ
1519 1296 1669 1339 στόλου

0 1363 27 1426 3
171 1368 326 1415 παντὸς
355 1373 405 1423 τῇ
431 1367 656 1422 Ῥωμαίων
688 1367 889 1422 ἡγεμονίᾳ
920 1366 993 1421 τὴν
1027 1366 1227 1421 Ἀφρικὴν
1258 1366 1583 1408 ἀνασώσασθαι·
1624 1366 1707 1412 ὃς3
1731 1367 1898 1403 Wlll'77

0 1430 10 1441 ‘⁷
171 1437 242 1479 καὶ
270 1437 448 1491 πολέμῳ
479 1436 575 1483 τοὺς
607 1436 695 1478 ἐκεῖ
720 1436 984 1490 τρεψάμενος
1002 1434 1190 1490 Ἄραβας
1210 1434 1284 1489 τὴν
1303 1434 1510 1489 Ἀφρικὴν
1531 1434 1672 1476 αὐτῶν

171 1505 440 1560 ἠλευθέρωσε
482 1505 607 1546 κάκεῖ
646 1505 940 1559 παρεχείμασε,
989 1505 1159 1559 γράψας
1202 1503 1250 1545 τὰ
1293 1503 1567 1558 πεπραγμένα
1610 1507 1674 1557 τῷ

170 1574 332 1630 βασιλεῖ
357 1573 427 1616 καὶ
458 1572 505 1615 τὸ
535 1574 731 1628 ποιητέον
761 1574 986 1628 ἀναμένων
1017 1573 1254 1628 ἐπιταγῆναι
1280 1573 1410 1627 αὐτῷ.
1474 1572 1498 1614 ὁ
1521 1571 1567 1614 δὲ
1587 1573 1709 1614 τῶν4

172 1698 195 1733 Σ.)
219 1699 270 1733 ὅτι
302 1698 505 1744 κατηνέχθη
538 1703 609 1734 τῶν
641 1699 848 1743 ἀνακτόρων
879 1699 900 1732 ὁ
925 1697 1170 1736 Ἰουστινιανός
1203 1697 1263 1732 καὶ
1295 1696 1357 1742 τὴν
1391 1696 1470 1741 ῥῖνα
1509 1696 1601 1740 (ῥίνα
1626 1695 1672 1739 Ε)

172 1746 311 1791 ἐτμήθη
339 1746 402 1782 CE
502 1747 543 1781 ll
570 1747 730 1792 βασιλεία
748 1747 919 1782 Λεοντίου
937 1745 1078 1782 ACDE
1175 1747 1273 1784 ὅπως
1299 1744 1361 1790 τὴν
1382 1743 1556 1790 Ἀφρικὴν
1580 1743 1674 1779 εἶλον

173 1795 210 1829 οἱ
225 1793 370 1840 Ἄραβες
394 1794 454 1829 καὶ
479 1795 576 1834 ὅπως
602 1794 713 1841 αὐτὴν
737 1794 925 1840 ἀφῄρηντο
951 1793 981 1830 C

245 1913 269 1948 4
285 1913 464 1959 ἐξάγοντες
479 1914 510 1949 Ε
606 1914 640 1949 4.
655 1914 678 1949 5
695 1914 732 1949 ἕν
747 1920 788 1960 τῇ
802 1914 978 1959 σφενδόνη
993 1914 1173 1959 (σφενδόνι
1189 1913 1234 1956 Β)
1251 1912 1283 1948 Ο
1381 1912 1403 1946 5
1419 1912 1673 1957 ἑρινοτόμησαν

245 1959 392 2007 Apr,
418 1962 694 2007 ἕρρινοτόμησαν
719 1960 787 2005 Di,
814 1973 851 1997 V.
879 1962 931 1997 ad
957 1961 1048 1997 XIV
1077 1961 1132 2005 ll,
1159 1961 1180 1996 7
1328 1961 1350 1995 6
1375 1960 1565 2002 ἑξκαίδεκα
1591 1958 1672 2002 AR,

245 2011 283 2051 ἓξ
307 2010 368 2045 καὶ
393 2010 480 2045 δέκα
507 2009 549 2054 Ε,
574 2010 766 2045 ἑκκαίδεκα
792 2007 964 2055 prDi,
993 2021 1028 2045 v.
1055 2009 1152 2044 XIII
1178 2008 1235 2051 25,
1262 2008 1318 2052 29,
1346 2007 1437 2043 XVI
1464 2007 1521 2052 22,
1549 2007 1587 2051 13
1623 2008 1672 2042 cf.

247 2057 298 2093 de
332 2067 500 2093 numero
533 2068 732 2093 annorum
761 2057 807 2094 G.
833 2057 881 2093 M.
909 2068 946 2103 p.
972 2057 1052 2102 615,
1081 2057 1126 2092 16
1156 2059 1196 2092 et
1221 2055 1436 2092 Muraltum
1465 2053 1573 2091 essai
1599 2058 1673 2090 cet.

248 2116 283 2151 p.
298 2105 370 2141 319
452 2105 497 2140 13
514 2105 761 2150 δορυαλώτους
779 2105 811 2141 O
895 2106 950 2142 17.
967 2105 1012 2141 18
1030 2110 1090 2150 τῆς
1106 2105 1265 2150 ἀφρικῆς
1281 2104 1439 2143 ἐκείνους
1457 2103 1624 2139 ἀπώσατο
1641 2102 1673 2138 Ο

250 2153 295 2188 19
320 2153 506 2198 ἀναμένων
533 2152 699 2199 EwpDi,
725 2153 747 2189 ἅ
762 2179 770 2188 .
787 2153 926 2198 ,μένων
949 2152 995 2197 Α,
1021 2152 1228 2198 προςμὲνων
1253 2151 1288 2187 R

176 2272 276 2309 Inde
302 2273 342 2308 in
361 2272 561 2309 theatrum
590 2276 777 2318 equestre
804 2271 975 2318 digressi
1003 2272 1144 2308 eadem
1171 2271 1412 2307 factitabant
1438 2274 1478 2307 et
1492 2266 1735 2306 Insania-34

176 2331 274 2356 num
307 2331 330 2356 e
364 2321 480 2367 regia
519 2320 708 2356 eductum
748 2330 847 2356 naso
886 2321 927 2355 in
959 2319 1102 2355 Funda
1139 2320 1323 2366 praeciso
1355 2320 1397 2354 in
1431 2318 1674 2355 Chersonem

176 2369 259 2404 rele
291 2372 423 2412 arunt,
463 2378 553 2404 cum
580 2379 709 2404 annos
736 2368 910 2403 sedecim
938 2370 1159 2414 regnasset.
1210 2366 1458 2413 Stephanum
1486 2376 1583 2402 vero
1611 2375 1676 2402 eu·
1690 2362 1736 2398 ἢῆ

177 2426 258 2452 nuc
287 2426 353 2451 um
393 2419 433 2452 et
466 2416 717 2456 sacellarium
757 2420 796 2451 et
822 2415 1094 2452 Theodosium
1134 2415 1388 2458 monachum,
1427 2414 1676 2460 logothetam

177 2463 422 2510 generalem,
450 2463 772 2510 comprehensos,
811 2464 977 2499 mnibus
1004 2463 1055 2498 ad
1083 2463 1207 2509 pedes
1233 2462 1419 2508 alligatis,
1446 2472 1518 2508 per
1544 2462 1676 2497 forum

178 2513 219 2547 in
245 2510 397 2547 Bovem
423 2514 647 2557 pertractos
673 2512 994 2547 combusserunt.

297 2559 354 2595 23.
405 2559 560 2601 Quibus
567 2559 690 2595 rebus
698 2560 823 2605 gestis
830 2558 1046 2595 Lnox-mvs
1060 2569 1231 2604 regnum
1246 2559 1387 2602 tenuit,
1403 2557 1478 2593 sub
1490 2567 1571 2603 quo
1579 2555 1677 2592 Ara-

179 2607 251 2643 bes
268 2606 472 2642 Romanas
498 2607 751 2643 incursantes
778 2607 1010 2653 provincias
1037 2608 1184 2642 multos
1202 2606 1386 2652 captivos
1405 2605 1676 2649 abducebant,

179 2654 342 2690 tandem
372 2653 546 2690 Africam
573 2665 738 2701 quoque
763 2655 1027 2700 subegerunt.
1078 2653 1165 2696 Quo
1193 2654 1358 2700 cognito
1384 2663 1458 2689 rex
1483 2651 1713 2688 Leontius?-

180 2702 372 2738 Ioannem
400 2702 626 2748 patricium,
666 2703 797 2738 virum
825 2706 1046 2743 strenuum,
1084 2712 1173 2737 cum
1202 2705 1286 2737 tota
1326 2701 1453 2737 classe
1480 2701 1599 2736 mittit
1624 2700 1676 2735 ad

180 2748 359 2786 Africam
386 2748 567 2785 Romano
595 2750 762 2806 imperio
790 2750 1129 2796 recuperandam3
1163 2750 1233 2795 qui
1258 2749 1476 2790 Arabibus,
1503 2749 1571 2794 qui
1597 2747 1675 2783 illic
1691 2747 1713 2782 3

181 2800 310 2840 erant,
346 2797 451 2833 bello
477 2801 679 2844 superatis
705 2801 744 2834 et
770 2808 820 2834 ex
849 2796 987 2834 Africa
1013 2797 1193 2843 expulsis
1218 2796 1298 2832 illic
1323 2796 1527 2840 hiemavit,
1554 2795 1677 2831 rebus

181 2845 264 2881 suis
289 2845 414 2891 gestis
440 2844 491 2880 ad
518 2855 656 2891 regem
672 2846 915 2891 perscriptis,
943 2848 1196 2891 exspectans,
1224 2844 1320 2891 quid
1348 2854 1469 2891 porro
1497 2843 1547 2879 de
1573 2843 1678 2879 illius

181 2893 379 2929 sententia
407 2892 635 2928 faciendum
663 2897 778 2929 esset.
829 2892 908 2930 Sed
922 2891 1206 2939 Agarenorum
1233 2902 1414 2929 summus
1439 2891 1580 2928 consul
1606 2890 1714 2933 (sic4
