<?xml version="1.0" encoding="UTF-8"?>
<!DOCTYPE html PUBLIC "-//W3C//DTD XHTML 1.0 Transitional//EN"
    "http://www.w3.org/TR/xhtml1/DTD/xhtml1-transitional.dtd">
<html xmlns="http://www.w3.org/1999/xhtml" xml:lang="en" lang="en">
 <head>
  <title>
</title>
<meta http-equiv="Content-Type" content="text/html;charset=utf-8" />
  <meta name='ocr-system' content='tesseract 3.04.00' />
  <meta name='ocr-capabilities' content='ocr_page ocr_carea ocr_par ocr_line ocrx_word'/>
</head>
<body>
  <div class='ocr_page' id='page_1' title='image "./corpusscriptorum31niebuoft/corpusscriptorum31niebuoft_0148.png"; bbox 0 0 1968 3302; ppageno 0'>
   <div class='ocr_carea' id='block_1_1' title="bbox 257 214 1456 267">
    <p class='ocr_par' dir='ltr' id='par_1_1' title="bbox 257 214 1456 267">
     <span class='ocr_line' id='line_1_1' title="bbox 257 214 1456 267; baseline 0.007 -15"><span class='ocrx_word' id='word_1_1' title='bbox 257 214 327 253; x_wconf 81' lang='lat'><strong><em>122</em></strong></span> <span class='ocrx_word' id='word_1_2' title='bbox 555 216 737 257; x_wconf 86' lang='lat' dir='ltr'><strong>ZONAR.</strong></span> <span class='ocrx_word' id='word_1_3' title='bbox 764 219 895 257; x_wconf 88' lang='lat' dir='ltr'>EPIT.</span> <span class='ocrx_word' id='word_1_4' title='bbox 922 220 1019 258; x_wconf 85' lang='lat' dir='ltr'><strong>XIII</strong></span> <span class='ocrx_word' id='word_1_5' title='bbox 1045 220 1100 266; x_wconf 76' lang='lat'><strong><em>25,</em></strong></span> <span class='ocrx_word' id='word_1_6' title='bbox 1128 220 1315 259; x_wconf 84' lang='lat' dir='ltr'><strong>36-X1V</strong></span> <span class='ocrx_word' id='word_1_7' title='bbox 1342 222 1375 267; x_wconf 92' lang='lat'><strong><em>1,</em></strong></span> <span class='ocrx_word' id='word_1_8' title='bbox 1401 222 1456 260; x_wconf 82' lang='lat'><strong><em>12.</em></strong></span> 
     </span>
    </p>
   </div>
   <div class='ocr_carea' id='block_1_2' title="bbox 196 339 1751 473">
    <p class='ocr_par' dir='ltr' id='par_1_2' title="bbox 196 339 1751 473">
     <span class='ocr_line' id='line_1_2' title="bbox 196 339 1751 401; baseline 0.006 -20"><span class='ocrx_word' id='word_1_9' title='bbox 196 340 242 377; x_wconf 83' lang='lat'><strong><em>37</em></strong></span> <span class='ocrx_word' id='word_1_10' title='bbox 254 339 353 395; x_wconf 81' lang='grc' dir='ltr'><strong><em>βρίᾳ</em></strong></span> <span class='ocrx_word' id='word_1_11' title='bbox 383 340 513 383; x_wconf 88' lang='grc' dir='ltr'><strong><em>τελῶν</em></strong></span> <span class='ocrx_word' id='word_1_12' title='bbox 544 342 738 397; x_wconf 82' lang='grc' dir='ltr'><strong><em>ἄρχοντα.</em></strong></span> <span class='ocrx_word' id='word_1_13' title='bbox 799 343 871 384; x_wconf 85' lang='grc' dir='ltr'><strong><em>καὶ</em></strong></span> <span class='ocrx_word' id='word_1_14' title='bbox 902 344 942 385; x_wconf 81' lang='grc' dir='ltr'><strong><em>οἱ</em></strong></span> <span class='ocrx_word' id='word_1_15' title='bbox 971 343 1049 397; x_wconf 86' lang='grc' dir='ltr'><strong><em>μὲν</em></strong></span> <span class='ocrx_word' id='word_1_16' title='bbox 1081 344 1127 386; x_wconf 79' lang='grc' dir='ltr'><strong><em>ἐκ</em></strong></span> <span class='ocrx_word' id='word_1_17' title='bbox 1166 343 1353 399; x_wconf 83' lang='grc' dir='ltr'><em>Θρᾳκῶν</em></span> <span class='ocrx_word' id='word_1_18' title='bbox 1389 345 1435 388; x_wconf 88' lang='grc' dir='ltr'><strong><em>τὸ</em></strong></span> <span class='ocrx_word' id='word_1_19' title='bbox 1473 346 1590 401; x_wconf 85' lang='grc' dir='ltr'><strong><em>γένος</em></strong></span> <span class='ocrx_word' id='word_1_20' title='bbox 1621 347 1751 390; x_wconf 79' lang='grc' dir='ltr'><strong><em>ἕλκειν</em></strong></span> 
     </span>
     <span class='ocr_line' id='line_1_3' title="bbox 255 408 1542 473; baseline 0.005 -22"><span class='ocrx_word' id='word_1_21' title='bbox 255 408 381 451; x_wconf 79' lang='grc' dir='ltr'><strong><em>αὐτὸν</em></strong></span> <span class='ocrx_word' id='word_1_22' title='bbox 412 410 612 466; x_wconf 83' lang='grc' dir='ltr'><strong><em>λέγουσιν,</em></strong></span> <span class='ocrx_word' id='word_1_23' title='bbox 645 412 759 454; x_wconf 84' lang='grc' dir='ltr'><strong><em>ἄλλοι</em></strong></span> <span class='ocrx_word' id='word_1_24' title='bbox 792 412 838 455; x_wconf 76' lang='grc' dir='ltr'><strong><em>δὲ</em></strong></span> <span class='ocrx_word' id='word_1_25' title='bbox 869 413 916 455; x_wconf 78' lang='grc' dir='ltr'><strong><em>ἐκ</em></strong></span> <span class='ocrx_word' id='word_1_26' title='bbox 949 412 1106 454; x_wconf 83' lang='grc' dir='ltr'><strong><em>Δακῶν</em></strong></span> <span class='ocrx_word' id='word_1_27' title='bbox 1135 417 1222 456; x_wconf 88' lang='grc' dir='ltr'><strong><em>τῶν</em></strong></span> <span class='ocrx_word' id='word_1_28' title='bbox 1253 414 1297 458; x_wconf 82' lang='grc' dir='ltr'><strong><em>ἓν</em></strong></span> <span class='ocrx_word' id='word_1_29' title='bbox 1322 414 1542 473; x_wconf 86' lang='grc' dir='ltr'><strong><em>Ἰλλυριοῖς.</em></strong></span> 
     </span>
    </p>
   </div>
   <div class='ocr_carea' id='block_1_3' title="bbox 611 652 1395 709">
    <p class='ocr_par' dir='ltr' id='par_1_3' title="bbox 611 652 1395 709">
     <span class='ocr_line' id='line_1_4' title="bbox 611 652 1395 709; baseline 0.005 -13"><span class='ocrx_word' id='word_1_30' title='bbox 611 652 789 698; x_wconf 85' lang='lat' dir='ltr'>LIBER</span> <span class='ocrx_word' id='word_1_31' title='bbox 823 653 1093 709; x_wconf 82' lang='lat' dir='ltr'><strong>QVARTVS</strong></span> <span class='ocrx_word' id='word_1_32' title='bbox 1127 654 1395 700; x_wconf 83' lang='lat' dir='ltr'>DECIMVS.</span> 
     </span>
    </p>
   </div>
   <div class='ocr_carea' id='block_1_4' title="bbox 21 767 1812 1591">
    <p class='ocr_par' dir='ltr' id='par_1_4' title="bbox 21 767 1812 1591">
     <span class='ocr_line' id='line_1_5' title="bbox 21 767 1750 833; baseline 0.009 -27"><span class='ocrx_word' id='word_1_33' title='bbox 21 769 191 808; x_wconf 84' lang='lat' dir='ltr'>W11141</span> <span class='ocrx_word' id='word_1_34' title='bbox 215 767 234 810; x_wconf 92' lang='lat'>1</span> <span class='ocrx_word' id='word_1_35' title='bbox 362 772 474 827; x_wconf 81' lang='grc' dir='ltr'><strong><em>’Άρτι</em></strong></span> <span class='ocrx_word' id='word_1_36' title='bbox 507 773 552 816; x_wconf 77' lang='grc' dir='ltr'><strong><em>δὲ</em></strong></span> <span class='ocrx_word' id='word_1_37' title='bbox 583 775 862 822; x_wconf 80' lang='grc' dir='ltr'><strong><em>καταστάντος</em></strong></span> <span class='ocrx_word' id='word_1_38' title='bbox 891 779 965 817; x_wconf 82' lang='grc' dir='ltr'><strong><em>τοῦ</em></strong></span> <span class='ocrx_word' id='word_1_39' title='bbox 987 774 1172 823; x_wconf 77' lang='grc' dir='ltr'><strong><em>Λέοντος</em></strong></span> <span class='ocrx_word' id='word_1_40' title='bbox 1203 777 1515 832; x_wconf 80' lang='grc' dir='ltr'><em>αὐτοκράτορος</em></span> <span class='ocrx_word' id='word_1_41' title='bbox 1547 777 1571 820; x_wconf 85' lang='grc' dir='ltr'><em>ὁ</em></span> <span class='ocrx_word' id='word_1_42' title='bbox 1588 777 1750 833; x_wconf 80' lang='grc' dir='ltr'><strong><em>Ἅσπαρ</em></strong></span> 
     </span>
     <span class='ocr_line' id='line_1_6' title="bbox 252 841 1752 901; baseline 0.005 -19"><span class='ocrx_word' id='word_1_43' title='bbox 252 841 433 883; x_wconf 78' lang='grc' dir='ltr'><strong><em>ἐπέκειτο</em></strong></span> <span class='ocrx_word' id='word_1_44' title='bbox 477 842 637 896; x_wconf 83' lang='grc' dir='ltr'><strong><em>βιάζων</em></strong></span> <span class='ocrx_word' id='word_1_45' title='bbox 681 843 808 886; x_wconf 82' lang='grc' dir='ltr'><strong><em>αὐτὸν</em></strong></span> <span class='ocrx_word' id='word_1_46' title='bbox 846 844 1042 899; x_wconf 84' lang='grc' dir='ltr'><strong><em>Καίσαρα</em></strong></span> <span class='ocrx_word' id='word_1_47' title='bbox 1086 849 1255 900; x_wconf 88' lang='grc' dir='ltr'><strong><em>ποιῆσαι</em></strong></span> <span class='ocrx_word' id='word_1_48' title='bbox 1298 845 1480 901; x_wconf 73' lang='grc' dir='ltr'><strong><em>θάτερον</em></strong></span> <span class='ocrx_word' id='word_1_49' title='bbox 1522 849 1607 889; x_wconf 81' lang='grc' dir='ltr'><strong><em>τῶν</em></strong></span> <span class='ocrx_word' id='word_1_50' title='bbox 1645 848 1752 890; x_wconf 84' lang='grc' dir='ltr'><strong><em>υἱῶν</em></strong></span> 
     </span>
     <span class='ocr_line' id='line_1_7' title="bbox 215 910 1786 971; baseline 0.004 -20"><span class='ocrx_word' id='word_1_51' title='bbox 215 910 380 952; x_wconf 81' lang='grc' dir='ltr'><strong><em>2αῦτοῢ</em></strong></span> <span class='ocrx_word' id='word_1_52' title='bbox 412 910 517 952; x_wconf 85' lang='grc' dir='ltr'><strong><em>κατὰ</em></strong></span> <span class='ocrx_word' id='word_1_53' title='bbox 549 911 624 966; x_wconf 86' lang='grc' dir='ltr'><strong><em>τὴν</em></strong></span> <span class='ocrx_word' id='word_1_54' title='bbox 654 912 886 968; x_wconf 76' lang='grc' dir='ltr'><strong><em>ὑπόσχεσιν.</em></strong></span> <span class='ocrx_word' id='word_1_55' title='bbox 950 914 1293 969; x_wconf 82' lang='grc' dir='ltr'><strong><em>ἀναβαλλομένου</em></strong></span> <span class='ocrx_word' id='word_1_56' title='bbox 1327 912 1364 957; x_wconf 79' lang='grc' dir='ltr'><strong><em>δ’</em></strong></span> <span class='ocrx_word' id='word_1_57' title='bbox 1398 916 1527 957; x_wconf 82' lang='grc' dir='ltr'><strong><em>αὐτοῦ</em></strong></span> <span class='ocrx_word' id='word_1_58' title='bbox 1550 915 1786 971; x_wconf 78' lang='grc' dir='ltr'><strong><em>ὁἌσπαρὸ</em></strong></span> 
     </span>
     <span class='ocr_line' id='line_1_8' title="bbox 248 980 1752 1040; baseline 0.005 -20"><span class='ocrx_word' id='word_1_59' title='bbox 248 983 321 1034; x_wconf 82' lang='grc' dir='ltr'><strong><em>τῆς</em></strong></span> <span class='ocrx_word' id='word_1_60' title='bbox 351 980 566 1035; x_wconf 79' lang='grc' dir='ltr'><strong><em>βασιλικῆς</em></strong></span> <span class='ocrx_word' id='word_1_61' title='bbox 596 981 844 1036; x_wconf 84' lang='grc' dir='ltr'><strong><em>ἆλουργίὸος</em></strong></span> <span class='ocrx_word' id='word_1_62' title='bbox 876 982 1097 1037; x_wconf 82' lang='grc' dir='ltr'><strong><em>ἁψάμενος</em></strong></span> <span class='ocrx_word' id='word_1_63' title='bbox 1128 984 1208 1038; x_wconf 82' lang='grc' dir='ltr'><strong><em>ἔφη</em></strong></span> <span class='ocrx_word' id='word_1_64' title='bbox 1242 984 1454 1039; x_wconf 84' lang='grc' dir='ltr'><strong><em>“βασιλεῦ,</em></strong></span> <span class='ocrx_word' id='word_1_65' title='bbox 1498 984 1570 1026; x_wconf 86' lang='grc' dir='ltr'><strong><em>τὸν</em></strong></span> <span class='ocrx_word' id='word_1_66' title='bbox 1600 985 1752 1040; x_wconf 88' lang='grc' dir='ltr'><strong><em>ταύτην</em></strong></span> 
     </span>
     <span class='ocr_line' id='line_1_9' title="bbox 250 1048 1749 1108; baseline 0.005 -19"><span class='ocrx_word' id='word_1_67' title='bbox 250 1048 547 1103; x_wconf 80' lang='grc' dir='ltr'><strong><em>ἀμπεχόμενον</em></strong></span> <span class='ocrx_word' id='word_1_68' title='bbox 576 1051 812 1104; x_wconf 74' lang='grc' dir='ltr'><strong><em>ψεύδεσθαι</em></strong></span> <span class='ocrx_word' id='word_1_69' title='bbox 834 1052 885 1093; x_wconf 84' lang='grc' dir='ltr'><strong><em>οὐ</em></strong></span> <span class='ocrx_word' id='word_1_70' title='bbox 907 1052 1047 1106; x_wconf 87' lang='grc' dir='ltr'><strong><em>χρεών</em></strong></span> <span class='ocrx_word' id='word_1_71' title='bbox 1056 1052 1099 1072; x_wconf 86' lang='grc'><strong><em>”·</em></strong></span> <span class='ocrx_word' id='word_1_72' title='bbox 1131 1053 1202 1094; x_wconf 86' lang='grc' dir='ltr'><strong><em>καὶ</em></strong></span> <span class='ocrx_word' id='word_1_73' title='bbox 1225 1053 1272 1099; x_wconf 89' lang='grc' dir='ltr'><strong><em>ὃς</em></strong></span> <span class='ocrx_word' id='word_1_74' title='bbox 1294 1053 1612 1108; x_wconf 73' lang='grc' dir='ltr'><strong><em>ᾶνθυπήνεγκεν</em></strong></span> <span class='ocrx_word' id='word_1_75' title='bbox 1631 1053 1749 1096; x_wconf 59' lang='lat' dir='ltr'><strong><em>“di-2!</em></strong></span> 
     </span>
     <span class='ocr_line' id='line_1_10' title="bbox 153 1115 1753 1177; baseline 0.005 -20"><span class='ocrx_word' id='word_1_76' title='bbox 153 1115 182 1155; x_wconf 88' lang='lat' dir='ltr'>C</span> <span class='ocrx_word' id='word_1_77' title='bbox 214 1116 349 1159; x_wconf 69' lang='grc' dir='ltr'><strong><em>Βοῧὸὲ</em></strong></span> <span class='ocrx_word' id='word_1_78' title='bbox 380 1118 600 1172; x_wconf 72' lang='grc' dir='ltr'><strong><em>βιάζεσθαι</em></strong></span> <span class='ocrx_word' id='word_1_79' title='bbox 631 1119 703 1161; x_wconf 79' lang='grc' dir='ltr'><strong><em>καὶ</em></strong></span> <span class='ocrx_word' id='word_1_80' title='bbox 734 1121 910 1174; x_wconf 74' lang='grc' dir='ltr'><strong><em>ἄγεσθαι</em></strong></span> <span class='ocrx_word' id='word_1_81' title='bbox 938 1121 1000 1167; x_wconf 81' lang='grc' dir='ltr'><strong><em>ὡς</em></strong></span> <span class='ocrx_word' id='word_1_82' title='bbox 1021 1121 1338 1176; x_wconf 81' lang='grc' dir='ltr'><strong><em>ἀνδράποδον.”</em></strong></span> <span class='ocrx_word' id='word_1_83' title='bbox 1397 1123 1521 1177; x_wconf 85' lang='grc' dir='ltr'><strong><em>μέχρι</em></strong></span> <span class='ocrx_word' id='word_1_84' title='bbox 1544 1123 1590 1165; x_wconf 82' lang='grc' dir='ltr'><strong><em>δὲ</em></strong></span> <span class='ocrx_word' id='word_1_85' title='bbox 1609 1123 1753 1170; x_wconf 85' lang='grc' dir='ltr'><strong><em>τέλους</em></strong></span> 
     </span>
     <span class='ocr_line' id='line_1_11' title="bbox 250 1186 1750 1246; baseline 0.005 -19"><span class='ocrx_word' id='word_1_86' title='bbox 250 1186 430 1241; x_wconf 84' lang='grc' dir='ltr'><strong><em>ἀντέχειν</em></strong></span> <span class='ocrx_word' id='word_1_87' title='bbox 460 1187 520 1242; x_wconf 88' lang='grc' dir='ltr'><strong><em>μὴ</em></strong></span> <span class='ocrx_word' id='word_1_88' title='bbox 555 1188 642 1234; x_wconf 86' lang='grc' dir='ltr'><strong><em>οἶός</em></strong></span> <span class='ocrx_word' id='word_1_89' title='bbox 673 1205 714 1230; x_wconf 88' lang='grc' dir='ltr'><strong><em>τε</em></strong></span> <span class='ocrx_word' id='word_1_90' title='bbox 746 1190 820 1238; x_wconf 81' lang='grc' dir='ltr'><strong><em>ὤν,</em></strong></span> <span class='ocrx_word' id='word_1_91' title='bbox 853 1191 980 1231; x_wconf 78' lang='grc' dir='ltr'><strong><em>εἴκων</em></strong></span> <span class='ocrx_word' id='word_1_92' title='bbox 1012 1190 1172 1246; x_wconf 82' lang='grc' dir='ltr'><strong><em>ἀνάγκῃ</em></strong></span> <span class='ocrx_word' id='word_1_93' title='bbox 1199 1192 1393 1246; x_wconf 83' lang='grc' dir='ltr'><strong><em>Καίσαρα</em></strong></span> <span class='ocrx_word' id='word_1_94' title='bbox 1416 1196 1528 1233; x_wconf 88' lang='grc' dir='ltr'><strong><em>ποιεῖ</em></strong></span> <span class='ocrx_word' id='word_1_95' title='bbox 1554 1191 1638 1233; x_wconf 84' lang='grc' dir='ltr'><strong><em>ἀπὸ</em></strong></span> <span class='ocrx_word' id='word_1_96' title='bbox 1669 1207 1750 1233; x_wconf 89' lang='grc' dir='ltr'><strong><em>πα-</em></strong></span> 
     </span>
     <span class='ocr_line' id='line_1_12' title="bbox 247 1256 1812 1316; baseline 0.004 -20"><span class='ocrx_word' id='word_1_97' title='bbox 247 1256 405 1309; x_wconf 83' lang='grc' dir='ltr'><strong><em>τρικίου</em></strong></span> <span class='ocrx_word' id='word_1_98' title='bbox 449 1256 521 1298; x_wconf 83' lang='grc' dir='ltr'><strong><em>τὸν</em></strong></span> <span class='ocrx_word' id='word_1_99' title='bbox 563 1261 637 1299; x_wconf 85' lang='grc' dir='ltr'><strong><em>τοῦ</em></strong></span> <span class='ocrx_word' id='word_1_100' title='bbox 673 1258 887 1313; x_wconf 81' lang='grc' dir='ltr'><strong><em>’Ἀσπαρος</em></strong></span> <span class='ocrx_word' id='word_1_101' title='bbox 929 1259 1071 1308; x_wconf 77' lang='grc' dir='ltr'><strong><em>παῖδα,</em></strong></span> <span class='ocrx_word' id='word_1_102' title='bbox 1112 1259 1421 1314; x_wconf 76' lang='grc' dir='ltr'><strong><em>Ἀρόαβουρίου</em></strong></span> <span class='ocrx_word' id='word_1_103' title='bbox 1467 1260 1512 1302; x_wconf 76' lang='grc' dir='ltr'><strong><em>δὲ</em></strong></span> <span class='ocrx_word' id='word_1_104' title='bbox 1556 1260 1750 1316; x_wconf 79' lang='grc' dir='ltr'><strong><em>ἀδελφόν.</em></strong></span> <span class='ocrx_word' id='word_1_105' title='bbox 1767 1261 1812 1297; x_wconf 88' lang='grc'><strong><em>10</em></strong></span> 
     </span>
     <span class='ocr_line' id='line_1_13' title="bbox 212 1323 1752 1385; baseline 0.004 -20"><span class='ocrx_word' id='word_1_106' title='bbox 212 1323 369 1366; x_wconf 84' lang='grc' dir='ltr'><strong><em>4τοῦτο</em></strong></span> <span class='ocrx_word' id='word_1_107' title='bbox 401 1325 471 1366; x_wconf 85' lang='grc' dir='ltr'><strong><em>καὶ</em></strong></span> <span class='ocrx_word' id='word_1_108' title='bbox 507 1330 557 1381; x_wconf 88' lang='grc' dir='ltr'><strong><em>τῇ</em></strong></span> <span class='ocrx_word' id='word_1_109' title='bbox 595 1327 815 1382; x_wconf 78' lang='grc' dir='ltr'><strong><em>συγκλήτῳ</em></strong></span> <span class='ocrx_word' id='word_1_110' title='bbox 854 1327 997 1376; x_wconf 82' lang='grc' dir='ltr'><strong><em>ἔδοξεν</em></strong></span> <span class='ocrx_word' id='word_1_111' title='bbox 1034 1328 1277 1383; x_wconf 73' lang='grc' dir='ltr'><strong><em>ἀποθύμιον</em></strong></span> <span class='ocrx_word' id='word_1_112' title='bbox 1307 1329 1379 1370; x_wconf 83' lang='grc' dir='ltr'><strong><em>καὶ</em></strong></span> <span class='ocrx_word' id='word_1_113' title='bbox 1409 1328 1481 1370; x_wconf 85' lang='grc' dir='ltr'><strong><em>τὸν</em></strong></span> <span class='ocrx_word' id='word_1_114' title='bbox 1513 1329 1650 1385; x_wconf 80' lang='grc' dir='ltr'><strong><em>δῆμον</em></strong></span> <span class='ocrx_word' id='word_1_115' title='bbox 1679 1334 1752 1385; x_wconf 86' lang='grc' dir='ltr'><strong><em>τῆς</em></strong></span> 
     </span>
     <span class='ocr_line' id='line_1_14' title="bbox 213 1392 1752 1452; baseline 0.005 -18"><span class='ocrx_word' id='word_1_116' title='bbox 213 1392 413 1440; x_wconf 75' lang='grc' dir='ltr'><strong><em>ὃπόλεως</em></strong></span> <span class='ocrx_word' id='word_1_117' title='bbox 451 1395 508 1440; x_wconf 84' lang='grc' dir='ltr'><strong><em>εἰς</em></strong></span> <span class='ocrx_word' id='word_1_118' title='bbox 545 1395 683 1439; x_wconf 85' lang='grc' dir='ltr'><strong><em>στάσιν</em></strong></span> <span class='ocrx_word' id='word_1_119' title='bbox 724 1396 920 1451; x_wconf 75' lang='grc' dir='ltr'><strong><em>ἐκίνησεν.</em></strong></span> <span class='ocrx_word' id='word_1_120' title='bbox 983 1397 1192 1438; x_wconf 76' lang='grc' dir='ltr'><strong><em>ἐδεδίεσαν</em></strong></span> <span class='ocrx_word' id='word_1_121' title='bbox 1231 1397 1310 1452; x_wconf 85' lang='grc' dir='ltr'><strong><em>γὰρ</em></strong></span> <span class='ocrx_word' id='word_1_122' title='bbox 1350 1397 1409 1452; x_wconf 83' lang='grc' dir='ltr'><strong><em>μὴ</em></strong></span> <span class='ocrx_word' id='word_1_123' title='bbox 1452 1399 1508 1444; x_wconf 85' lang='grc' dir='ltr'><strong><em>εἰς</em></strong></span> <span class='ocrx_word' id='word_1_124' title='bbox 1545 1398 1592 1439; x_wconf 86' lang='grc' dir='ltr'><strong><em>τὸ</em></strong></span> <span class='ocrx_word' id='word_1_125' title='bbox 1632 1399 1752 1452; x_wconf 84' lang='grc' dir='ltr'><strong><em>γένος</em></strong></span> 
     </span>
     <span class='ocr_line' id='line_1_15' title="bbox 247 1462 1749 1522; baseline 0.003 -18"><span class='ocrx_word' id='word_1_126' title='bbox 247 1466 321 1505; x_wconf 85' lang='grc' dir='ltr'><strong><em>τοῦ</em></strong></span> <span class='ocrx_word' id='word_1_127' title='bbox 343 1462 557 1518; x_wconf 85' lang='grc' dir='ltr'><strong><em>’Ἁσπαρος</em></strong></span> <span class='ocrx_word' id='word_1_128' title='bbox 587 1465 852 1519; x_wconf 82' lang='grc' dir='ltr'><strong><em>περιστάντος</em></strong></span> <span class='ocrx_word' id='word_1_129' title='bbox 882 1469 955 1507; x_wconf 85' lang='grc' dir='ltr'><strong><em>τοῦ</em></strong></span> <span class='ocrx_word' id='word_1_130' title='bbox 987 1467 1169 1520; x_wconf 79' lang='grc' dir='ltr'><strong><em>κράτους</em></strong></span> <span class='ocrx_word' id='word_1_131' title='bbox 1199 1466 1436 1521; x_wconf 82' lang='grc' dir='ltr'><strong><em>παρρησίας</em></strong></span> <span class='ocrx_word' id='word_1_132' title='bbox 1467 1465 1592 1513; x_wconf 76' lang='grc' dir='ltr'><strong><em>αὖθις</em></strong></span> <span class='ocrx_word' id='word_1_133' title='bbox 1622 1467 1749 1522; x_wconf 83' lang='grc' dir='ltr'><strong><em>λαβό-</em></strong></span> 
     </span>
     <span class='ocr_line' id='line_1_16' title="bbox 246 1532 1749 1591; baseline 0.003 -18"><span class='ocrx_word' id='word_1_134' title='bbox 246 1547 365 1587; x_wconf 88' lang='grc' dir='ltr'><strong><em>μενοι</em></strong></span> <span class='ocrx_word' id='word_1_135' title='bbox 397 1533 438 1574; x_wconf 83' lang='grc' dir='ltr'><strong><em>οἶ</em></strong></span> <span class='ocrx_word' id='word_1_136' title='bbox 458 1532 662 1587; x_wconf 81' lang='grc' dir='ltr'><strong><em>Ἆρειανοὶ</em></strong></span> <span class='ocrx_word' id='word_1_137' title='bbox 692 1534 860 1576; x_wconf 88' lang='grc' dir='ltr'><strong><em>πλείονα</em></strong></span> <span class='ocrx_word' id='word_1_138' title='bbox 892 1534 1004 1578; x_wconf 85' lang='grc' dir='ltr'><strong><em>κακὰ</em></strong></span> <span class='ocrx_word' id='word_1_139' title='bbox 1036 1539 1122 1577; x_wconf 89' lang='grc' dir='ltr'><strong><em>τῶν</em></strong></span> <span class='ocrx_word' id='word_1_140' title='bbox 1152 1536 1371 1591; x_wconf 85' lang='grc' dir='ltr'><strong><em>προτέρων</em></strong></span> <span class='ocrx_word' id='word_1_141' title='bbox 1403 1537 1460 1582; x_wconf 88' lang='grc' dir='ltr'><strong><em>εἷς</em></strong></span> <span class='ocrx_word' id='word_1_142' title='bbox 1490 1535 1586 1582; x_wconf 80' lang='grc' dir='ltr'><strong><em>τοὺς</em></strong></span> <span class='ocrx_word' id='word_1_143' title='bbox 1618 1536 1749 1591; x_wconf 72' lang='grc' dir='ltr'><strong><em>ὀρθο-</em></strong></span> 
     </span>
    </p>
   </div>
   <div class='ocr_carea' id='block_1_5' title="bbox 245 1662 1750 1856">
    <p class='ocr_par' dir='ltr' id='par_1_5' title="bbox 245 1662 1750 1856">
     <span class='ocr_line' id='line_1_17' title="bbox 247 1662 1750 1711; baseline 0.003 -14"><span class='ocrx_word' id='word_1_144' title='bbox 247 1662 270 1698; x_wconf 88' lang='grc'>3</span> <span class='ocrx_word' id='word_1_145' title='bbox 294 1663 455 1708; x_wconf 84' lang='grc' dir='ltr'><strong><em>βασιλεία</em></strong></span> <span class='ocrx_word' id='word_1_146' title='bbox 479 1662 630 1703; x_wconf 85' lang='grc' dir='ltr'><strong><em>Λέοντος</em></strong></span> <span class='ocrx_word' id='word_1_147' title='bbox 655 1670 716 1700; x_wconf 87' lang='grc' dir='ltr'><strong><em>τοῦ</em></strong></span> <span class='ocrx_word' id='word_1_148' title='bbox 741 1665 894 1710; x_wconf 80' lang='grc' dir='ltr'><strong><em>μεγάλου</em></strong></span> <span class='ocrx_word' id='word_1_149' title='bbox 921 1664 1061 1702; x_wconf 86' lang='lat' dir='ltr'>ACDE</span> <span class='ocrx_word' id='word_1_150' title='bbox 1182 1666 1204 1701; x_wconf 87' lang='grc'>5</span> <span class='ocrx_word' id='word_1_151' title='bbox 1231 1667 1426 1711; x_wconf 84' lang='grc' dir='ltr'><strong><em>σημείωσαι</em></strong></span> <span class='ocrx_word' id='word_1_152' title='bbox 1451 1664 1521 1700; x_wconf 85' lang='grc' dir='ltr'><strong><em>ΑΕ</em></strong></span> <span class='ocrx_word' id='word_1_153' title='bbox 1643 1666 1666 1701; x_wconf 89' lang='grc'><strong>9</strong></span> <span class='ocrx_word' id='word_1_154' title='bbox 1691 1679 1750 1711; x_wconf 90' lang='grc' dir='ltr'><strong><em>ση-</em></strong></span> 
     </span>
     <span class='ocr_line' id='line_1_18' title="bbox 245 1711 1750 1759; baseline 0.002 -14"><span class='ocrx_word' id='word_1_155' title='bbox 245 1711 394 1755; x_wconf 85' lang='grc' dir='ltr'><strong><em>μείωσαι</em></strong></span> <span class='ocrx_word' id='word_1_156' title='bbox 422 1711 452 1746; x_wconf 89' lang='grc' dir='ltr'><strong>Ε</strong></span> <span class='ocrx_word' id='word_1_157' title='bbox 556 1712 602 1747; x_wconf 87' lang='grc'><strong><em>10</em></strong></span> <span class='ocrx_word' id='word_1_158' title='bbox 626 1714 676 1747; x_wconf 83' lang='grc' dir='ltr'><strong><em>ὅτι</em></strong></span> <span class='ocrx_word' id='word_1_159' title='bbox 703 1712 761 1748; x_wconf 87' lang='grc' dir='ltr'><strong><em>τὸν</em></strong></span> <span class='ocrx_word' id='word_1_160' title='bbox 786 1713 862 1748; x_wconf 86' lang='grc' dir='ltr'><strong><em>υἱὸν</em></strong></span> <span class='ocrx_word' id='word_1_161' title='bbox 888 1719 948 1749; x_wconf 85' lang='grc' dir='ltr'><strong><em>τοῦ</em></strong></span> <span class='ocrx_word' id='word_1_162' title='bbox 968 1714 1138 1759; x_wconf 82' lang='grc' dir='ltr'><strong><em>Ἄσπαρος</em></strong></span> <span class='ocrx_word' id='word_1_163' title='bbox 1164 1715 1184 1749; x_wconf 87' lang='grc' dir='ltr'>ὁ</span> <span class='ocrx_word' id='word_1_164' title='bbox 1205 1714 1312 1750; x_wconf 84' lang='grc' dir='ltr'><strong><em>Λέων</em></strong></span> <span class='ocrx_word' id='word_1_165' title='bbox 1337 1714 1477 1759; x_wconf 80' lang='grc' dir='ltr'><strong><em>ἐποίησε</em></strong></span> <span class='ocrx_word' id='word_1_166' title='bbox 1502 1715 1664 1759; x_wconf 82' lang='grc' dir='ltr'><strong><em>Καίσαρα</em></strong></span> <span class='ocrx_word' id='word_1_167' title='bbox 1689 1714 1750 1750; x_wconf 80' lang='grc' dir='ltr'><strong><em>καὶ</em></strong></span> 
     </span>
     <span class='ocr_line' id='line_1_19' title="bbox 247 1759 1750 1808; baseline 0.003 -15"><span class='ocrx_word' id='word_1_168' title='bbox 247 1759 297 1793; x_wconf 82' lang='grc' dir='ltr'><strong><em>ὅτι</em></strong></span> <span class='ocrx_word' id='word_1_169' title='bbox 324 1759 345 1793; x_wconf 80' lang='grc' dir='ltr'>ὅ</span> <span class='ocrx_word' id='word_1_170' title='bbox 369 1760 482 1805; x_wconf 85' lang='grc' dir='ltr'><strong><em>δῆμος</em></strong></span> <span class='ocrx_word' id='word_1_171' title='bbox 506 1760 687 1796; x_wconf 79' lang='grc' dir='ltr'><strong><em>ἐστασίασε</em></strong></span> <span class='ocrx_word' id='word_1_172' title='bbox 713 1761 771 1797; x_wconf 85' lang='grc' dir='ltr'><strong><em>διὰ</em></strong></span> <span class='ocrx_word' id='word_1_173' title='bbox 796 1766 908 1805; x_wconf 85' lang='grc' dir='ltr'><strong><em>τοῦτο,</em></strong></span> <span class='ocrx_word' id='word_1_174' title='bbox 947 1762 1007 1797; x_wconf 87' lang='grc' dir='ltr'><strong><em>καὶ</em></strong></span> <span class='ocrx_word' id='word_1_175' title='bbox 1034 1763 1083 1797; x_wconf 83' lang='grc' dir='ltr'><strong><em>ὅτι</em></strong></span> <span class='ocrx_word' id='word_1_176' title='bbox 1110 1762 1159 1801; x_wconf 87' lang='grc' dir='ltr'><strong><em>ὡς</em></strong></span> <span class='ocrx_word' id='word_1_177' title='bbox 1184 1762 1470 1808; x_wconf 79' lang='grc' dir='ltr'><strong><em>ἐπιβουλεύοντας</em></strong></span> <span class='ocrx_word' id='word_1_178' title='bbox 1495 1762 1592 1808; x_wconf 75' lang='grc' dir='ltr'><strong><em>αὐτῷ</em></strong></span> <span class='ocrx_word' id='word_1_179' title='bbox 1616 1762 1750 1797; x_wconf 81' lang='grc' dir='ltr'><strong><em>ἀνεῖλεν</em></strong></span> 
     </span>
     <span class='ocr_line' id='line_1_20' title="bbox 247 1806 1391 1856; baseline 0.003 -14"><span class='ocrx_word' id='word_1_180' title='bbox 247 1807 267 1841; x_wconf 87' lang='grc' dir='ltr'>ὁ</span> <span class='ocrx_word' id='word_1_181' title='bbox 291 1806 396 1843; x_wconf 84' lang='grc' dir='ltr'><strong><em>Λέων</em></strong></span> <span class='ocrx_word' id='word_1_182' title='bbox 421 1807 479 1843; x_wconf 87' lang='grc' dir='ltr'><strong><em>τὸν</em></strong></span> <span class='ocrx_word' id='word_1_183' title='bbox 497 1809 653 1854; x_wconf 84' lang='grc' dir='ltr'><strong><em>Ἄσπαρα</em></strong></span> <span class='ocrx_word' id='word_1_184' title='bbox 681 1809 741 1844; x_wconf 80' lang='grc' dir='ltr'><strong><em>καὶ</em></strong></span> <span class='ocrx_word' id='word_1_185' title='bbox 768 1809 825 1845; x_wconf 82' lang='grc' dir='ltr'><strong><em>τὸν</em></strong></span> <span class='ocrx_word' id='word_1_186' title='bbox 851 1809 927 1845; x_wconf 81' lang='grc' dir='ltr'><strong><em>υἱὸν</em></strong></span> <span class='ocrx_word' id='word_1_187' title='bbox 953 1810 1060 1846; x_wconf 85' lang='grc' dir='ltr'><strong><em>αὐτοῦ</em></strong></span> <span class='ocrx_word' id='word_1_188' title='bbox 1083 1810 1335 1856; x_wconf 82' lang='grc' dir='ltr'><strong><em>Ἀρδαβούριον</em></strong></span> <span class='ocrx_word' id='word_1_189' title='bbox 1362 1809 1391 1847; x_wconf 84' lang='lat' dir='ltr'>C</span> 
     </span>
    </p>
   </div>
   <div class='ocr_carea' id='block_1_6' title="bbox 317 1927 1749 2263">
    <p class='ocr_par' dir='ltr' id='par_1_6' title="bbox 317 1927 1749 2071">
     <span class='ocr_line' id='line_1_21' title="bbox 320 1927 1749 1975; baseline 0.003 -13"><span class='ocrx_word' id='word_1_190' title='bbox 320 1927 339 1962; x_wconf 88' lang='lat'>1</span> <span class='ocrx_word' id='word_1_191' title='bbox 367 1927 489 1974; x_wconf 84' lang='grc' dir='ltr'><strong><em>τελῶν]</em></strong></span> <span class='ocrx_word' id='word_1_192' title='bbox 517 1929 656 1974; x_wconf 85' lang='grc' dir='ltr'><strong><em>σχολῶν</em></strong></span> <span class='ocrx_word' id='word_1_193' title='bbox 683 1932 754 1965; x_wconf 75' lang='lat' dir='ltr'><strong><em>aut</em></strong></span> <span class='ocrx_word' id='word_1_194' title='bbox 780 1935 1004 1975; x_wconf 86' lang='grc' dir='ltr'><strong><em>στρατιωτῶν</em></strong></span> <span class='ocrx_word' id='word_1_195' title='bbox 1031 1931 1132 1966; x_wconf 79' lang='lat' dir='ltr'>coni.</span> <span class='ocrx_word' id='word_1_196' title='bbox 1165 1931 1233 1967; x_wconf 91' lang='lat' dir='ltr'><strong><em>Wo</em></strong></span> <span class='ocrx_word' id='word_1_197' title='bbox 1341 1930 1373 1965; x_wconf 89' lang='lat'><strong><em>1.</em></strong></span> <span class='ocrx_word' id='word_1_198' title='bbox 1400 1929 1422 1965; x_wconf 78' lang='lat'><strong>2</strong></span> <span class='ocrx_word' id='word_1_199' title='bbox 1447 1929 1552 1965; x_wconf 74' lang='grc' dir='ltr'><strong><em>αὐτὸν</em></strong></span> <span class='ocrx_word' id='word_1_200' title='bbox 1577 1929 1691 1965; x_wconf 82' lang='grc' dir='ltr'><strong><em>ἕλκειν</em></strong></span> <span class='ocrx_word' id='word_1_201' title='bbox 1718 1930 1749 1966; x_wconf 90' lang='grc' dir='ltr'>Ε</span> 
     </span>
     <span class='ocr_line' id='line_1_22' title="bbox 319 1974 1749 2024; baseline 0.002 -14"><span class='ocrx_word' id='word_1_202' title='bbox 319 1975 342 2011; x_wconf 83' lang='grc'>2</span> <span class='ocrx_word' id='word_1_203' title='bbox 367 1975 465 2011; x_wconf 85' lang='grc' dir='ltr'><strong><em>ἄλλοι</em></strong></span> <span class='ocrx_word' id='word_1_204' title='bbox 490 1974 571 2021; x_wconf 87' lang='grc' dir='ltr'><strong><em>ΑΕ,</em></strong></span> <span class='ocrx_word' id='word_1_205' title='bbox 597 1978 634 2012; x_wconf 81' lang='grc' dir='ltr'><strong><em>οἱ</em></strong></span> <span class='ocrx_word' id='word_1_206' title='bbox 657 1976 755 2023; x_wconf 90' lang='lat' dir='ltr'>pr</span> <span class='ocrx_word' id='word_1_207' title='bbox 869 1978 1022 2023; x_wconf 84' lang='grc' dir='ltr'><strong><em>ἰλλυροΐς</em></strong></span> <span class='ocrx_word' id='word_1_208' title='bbox 1047 1978 1083 2012; x_wconf 93' lang='lat' dir='ltr'>D</span> <span class='ocrx_word' id='word_1_209' title='bbox 1205 1978 1227 2013; x_wconf 88' lang='grc'><strong>6</strong></span> <span class='ocrx_word' id='word_1_210' title='bbox 1253 1978 1461 2023; x_wconf 78' lang='grc' dir='ltr'><strong><em>ἁλουργῖὸος</em></strong></span> <span class='ocrx_word' id='word_1_211' title='bbox 1486 1977 1600 2023; x_wconf 91' lang='lat' dir='ltr'><strong><em>pr,</em></strong></span> <span class='ocrx_word' id='word_1_212' title='bbox 1627 1978 1749 2024; x_wconf 79' lang='grc' dir='ltr'><strong><em>ἁλουρ-</em></strong></span> 
     </span>
     <span class='ocr_line' id='line_1_23' title="bbox 317 2022 1703 2071; baseline 0.002 -13"><span class='ocrx_word' id='word_1_213' title='bbox 317 2024 415 2068; x_wconf 82' lang='grc' dir='ltr'><strong><em>γίόος</em></strong></span> <span class='ocrx_word' id='word_1_214' title='bbox 439 2022 517 2068; x_wconf 86' lang='lat' dir='ltr'><strong><em>AC,</em></strong></span> <span class='ocrx_word' id='word_1_215' title='bbox 557 2025 764 2071; x_wconf 82' lang='grc' dir='ltr'><strong><em>ἄλουργίόος</em></strong></span> <span class='ocrx_word' id='word_1_216' title='bbox 789 2024 892 2070; x_wconf 80' lang='lat' dir='ltr'><em>RDi,</em></span> <span class='ocrx_word' id='word_1_217' title='bbox 928 2037 965 2060; x_wconf 88' lang='lat' dir='ltr'><strong><em>v.</em></strong></span> <span class='ocrx_word' id='word_1_218' title='bbox 992 2025 1085 2061; x_wconf 84' lang='lat' dir='ltr'><strong><em>XIV</em></strong></span> <span class='ocrx_word' id='word_1_219' title='bbox 1110 2026 1143 2070; x_wconf 81' lang='lat'><strong><em>5,</em></strong></span> <span class='ocrx_word' id='word_1_220' title='bbox 1171 2025 1227 2061; x_wconf 85' lang='lat'><strong><em>35.</em></strong></span> <span class='ocrx_word' id='word_1_221' title='bbox 1257 2026 1313 2068; x_wconf 84' lang='lat'><strong><em>10,</em></strong></span> <span class='ocrx_word' id='word_1_222' title='bbox 1339 2026 1396 2061; x_wconf 78' lang='lat'><strong><em>32.</em></strong></span> <span class='ocrx_word' id='word_1_223' title='bbox 1435 2025 1547 2061; x_wconf 90' lang='lat' dir='ltr'>XVII</span> <span class='ocrx_word' id='word_1_224' title='bbox 1574 2026 1629 2069; x_wconf 82' lang='grc'><strong><em>17,</em></strong></span> <span class='ocrx_word' id='word_1_225' title='bbox 1655 2025 1703 2061; x_wconf 85' lang='grc'><strong><em>40</em></strong></span> 
     </span>
    </p>

    <p class='ocr_par' dir='ltr' id='par_1_7' title="bbox 319 2071 1749 2263">
     <span class='ocr_line' id='line_1_24' title="bbox 319 2071 1749 2119; baseline 0.002 -13"><span class='ocrx_word' id='word_1_226' title='bbox 319 2072 340 2106; x_wconf 84' lang='grc'><strong>7</strong></span> <span class='ocrx_word' id='word_1_227' title='bbox 366 2071 583 2117; x_wconf 82' lang='grc' dir='ltr'><strong><em>ἀπεχόμενον</em></strong></span> <span class='ocrx_word' id='word_1_228' title='bbox 610 2072 658 2117; x_wconf 85' lang='lat' dir='ltr'><strong><em>D,</em></strong></span> <span class='ocrx_word' id='word_1_229' title='bbox 686 2084 787 2108; x_wconf 81' lang='lat' dir='ltr'>corr.</span> <span class='ocrx_word' id='word_1_230' title='bbox 815 2073 882 2111; x_wconf 90' lang='lat' dir='ltr'><strong><em>Dw</em></strong></span> <span class='ocrx_word' id='word_1_231' title='bbox 1022 2074 1063 2109; x_wconf 82' lang='grc' dir='ltr'><strong><em>οὐ</em></strong></span> <span class='ocrx_word' id='word_1_232' title='bbox 1090 2074 1150 2109; x_wconf 81' lang='grc' dir='ltr'><strong><em>καὶ</em></strong></span> <span class='ocrx_word' id='word_1_233' title='bbox 1175 2075 1309 2119; x_wconf 84' lang='grc' dir='ltr'><strong><em>χρεών·</em></strong></span> <span class='ocrx_word' id='word_1_234' title='bbox 1338 2075 1376 2112; x_wconf 85' lang='grc' dir='ltr'><strong><em>ὃς</em></strong></span> <span class='ocrx_word' id='word_1_235' title='bbox 1402 2072 1488 2119; x_wconf 74' lang='lat' dir='ltr'><strong><em>W²³³p</em></strong></span> <span class='ocrx_word' id='word_1_236' title='bbox 1515 2074 1652 2109; x_wconf 83' lang='lat' dir='ltr'>invitis</span> <span class='ocrx_word' id='word_1_237' title='bbox 1678 2073 1749 2109; x_wconf 83' lang='lat' dir='ltr'><strong><em>AR</em></strong></span> 
     </span>
     <span class='ocr_line' id='line_1_25' title="bbox 319 2119 1747 2166; baseline 0.001 -12"><span class='ocrx_word' id='word_1_238' title='bbox 319 2119 341 2153; x_wconf 88' lang='grc'>9</span> <span class='ocrx_word' id='word_1_239' title='bbox 367 2119 435 2154; x_wconf 87' lang='grc' dir='ltr'><strong><em>ἀπὸ</em></strong></span> <span class='ocrx_word' id='word_1_240' title='bbox 451 2122 638 2164; x_wconf 80' lang='grc' dir='ltr'><strong><em>πατρικίου</em></strong></span> <span class='ocrx_word' id='word_1_241' title='bbox 652 2120 762 2155; x_wconf 77' lang='lat' dir='ltr'><strong><em>ARW</em></strong></span> <span class='ocrx_word' id='word_1_242' title='bbox 776 2124 857 2156; x_wconf 66' lang='lat' dir='ltr'>tres</span> <span class='ocrx_word' id='word_1_243' title='bbox 874 2121 913 2163; x_wconf 81' lang='lat' dir='ltr'><strong><em>P,</em></strong></span> <span class='ocrx_word' id='word_1_244' title='bbox 941 2122 1013 2156; x_wconf 77' lang='grc' dir='ltr'><strong><em>ἀντὶ</em></strong></span> <span class='ocrx_word' id='word_1_245' title='bbox 1029 2123 1216 2166; x_wconf 70' lang='grc' dir='ltr'><strong><em>πατρικίου</em></strong></span> <span class='ocrx_word' id='word_1_246' title='bbox 1231 2132 1339 2157; x_wconf 74' lang='lat' dir='ltr'>unus</span> <span class='ocrx_word' id='word_1_247' title='bbox 1354 2121 1396 2166; x_wconf 87' lang='lat' dir='ltr'><strong><em>P,</em></strong></span> <span class='ocrx_word' id='word_1_248' title='bbox 1423 2122 1619 2165; x_wconf 84' lang='grc' dir='ltr'><strong><em>Πατρίκιον</em></strong></span> <span class='ocrx_word' id='word_1_249' title='bbox 1646 2122 1747 2157; x_wconf 76' lang='lat' dir='ltr'>coni.</span> 
     </span>
     <span class='ocr_line' id='line_1_26' title="bbox 319 2167 1747 2211; baseline 0.002 -9"><span class='ocrx_word' id='word_1_250' title='bbox 319 2167 426 2210; x_wconf 57' lang='lat' dir='ltr'><strong><em>Dum</em></strong></span> <span class='ocrx_word' id='word_1_251' title='bbox 465 2169 667 2204; x_wconf 81' lang='lat' dir='ltr'>erravisse</span> <span class='ocrx_word' id='word_1_252' title='bbox 702 2169 863 2204; x_wconf 78' lang='lat' dir='ltr'>videtur</span> <span class='ocrx_word' id='word_1_253' title='bbox 891 2169 1068 2204; x_wconf 76' lang='lat' dir='ltr'>Zonaras</span> <span class='ocrx_word' id='word_1_254' title='bbox 1110 2173 1160 2211; x_wconf 75' lang='lat' dir='ltr'><strong><em>(v.</em></strong></span> <span class='ocrx_word' id='word_1_255' title='bbox 1189 2171 1292 2206; x_wconf 89' lang='lat' dir='ltr'><strong><em>B—W</em></strong></span> <span class='ocrx_word' id='word_1_256' title='bbox 1317 2173 1527 2204; x_wconf 83' lang='lat' dir='ltr'>comment.</span> <span class='ocrx_word' id='word_1_257' title='bbox 1554 2168 1747 2205; x_wconf 74' lang='lat' dir='ltr'>Fleckeis.</span> 
     </span>
     <span class='ocr_line' id='line_1_27' title="bbox 319 2214 1747 2263; baseline 0.001 -13"><span class='ocrx_word' id='word_1_258' title='bbox 319 2226 356 2260; x_wconf 86' lang='lat' dir='ltr'><strong><em>p.</em></strong></span> <span class='ocrx_word' id='word_1_259' title='bbox 384 2214 464 2250; x_wconf 83' lang='grc'><strong><em>134.</em></strong></span> <span class='ocrx_word' id='word_1_260' title='bbox 493 2215 572 2250; x_wconf 78' lang='grc'><strong><em>142.</em></strong></span> <span class='ocrx_word' id='word_1_261' title='bbox 601 2216 670 2252; x_wconf 84' lang='grc'><strong><em>148</em></strong></span> <span class='ocrx_word' id='word_1_262' title='bbox 684 2219 750 2259; x_wconf 81' lang='lat' dir='ltr'>ss.)</span> <span class='ocrx_word' id='word_1_263' title='bbox 849 2217 891 2251; x_wconf 85' lang='lat'><strong><em>11</em></strong></span> <span class='ocrx_word' id='word_1_264' title='bbox 918 2217 1117 2262; x_wconf 74' lang='grc' dir='ltr'><strong><em>ἀποθύμιον</em></strong></span> <span class='ocrx_word' id='word_1_265' title='bbox 1143 2218 1242 2259; x_wconf 79' lang='grc' dir='ltr'><strong><em>ἔδοξε</em></strong></span> <span class='ocrx_word' id='word_1_266' title='bbox 1270 2217 1367 2263; x_wconf 87' lang='lat' dir='ltr'>pr</span> <span class='ocrx_word' id='word_1_267' title='bbox 1467 2217 1511 2252; x_wconf 88' lang='lat'><strong><em>13</em></strong></span> <span class='ocrx_word' id='word_1_268' title='bbox 1536 2218 1690 2262; x_wconf 82' lang='grc' dir='ltr'><strong><em>ἄσπορος</em></strong></span> <span class='ocrx_word' id='word_1_269' title='bbox 1717 2217 1747 2252; x_wconf 89' lang='grc' dir='ltr'>Ε</span> 
     </span>
    </p>
   </div>
   <div class='ocr_carea' id='block_1_7' title="bbox 187 2330 1747 2955">
    <p class='ocr_par' dir='ltr' id='par_1_8' title="bbox 187 2330 1747 2955">
     <span class='ocr_line' id='line_1_28' title="bbox 187 2330 1747 2416; baseline 0.003 -49"><span class='ocrx_word' id='word_1_270' title='bbox 187 2330 233 2366; x_wconf 83' lang='grc'><strong><em>37</em></strong></span> <span class='ocrx_word' id='word_1_271' title='bbox 246 2334 314 2416; x_wconf 63' lang='grc' dir='ltr'><strong><em>εΙτΙῙῙίἰ</em></strong></span> <span class='ocrx_word' id='word_1_272' title='bbox 348 2345 440 2370; x_wconf 86' lang='lat' dir='ltr'>eum</span> <span class='ocrx_word' id='word_1_273' title='bbox 473 2345 495 2371; x_wconf 91' lang='lat' dir='ltr'>e</span> <span class='ocrx_word' id='word_1_274' title='bbox 520 2335 694 2371; x_wconf 82' lang='lat' dir='ltr'><strong>Thracia</strong></span> <span class='ocrx_word' id='word_1_275' title='bbox 729 2346 861 2382; x_wconf 79' lang='lat' dir='ltr'>genus</span> <span class='ocrx_word' id='word_1_276' title='bbox 899 2347 1017 2372; x_wconf 88' lang='lat' dir='ltr'>suum</span> <span class='ocrx_word' id='word_1_277' title='bbox 1057 2337 1206 2372; x_wconf 82' lang='lat' dir='ltr'>ducere</span> <span class='ocrx_word' id='word_1_278' title='bbox 1245 2337 1393 2381; x_wconf 84' lang='lat' dir='ltr'>dicunt,</span> <span class='ocrx_word' id='word_1_279' title='bbox 1433 2337 1499 2371; x_wconf 86' lang='lat' dir='ltr'>alii</span> <span class='ocrx_word' id='word_1_280' title='bbox 1539 2346 1590 2372; x_wconf 83' lang='lat' dir='ltr'>ex</span> <span class='ocrx_word' id='word_1_281' title='bbox 1618 2336 1747 2372; x_wconf 84' lang='lat' dir='ltr'><strong>Dacia</strong></span> 
     </span>
     <span class='ocr_line' id='line_1_29' title="bbox 297 2393 418 2423; baseline 0 -6"><span class='ocrx_word' id='word_1_282' title='bbox 297 2393 418 2423; x_wconf 71' lang='lat' dir='ltr'>vrlea.</span> 
     </span>
     <span class='ocr_line' id='line_1_30' title="bbox 293 2419 1746 2478; baseline 0.003 -14"><span class='ocrx_word' id='word_1_283' title='bbox 293 2419 303 2427; x_wconf 59' lang='lat'>⁸</span> <span class='ocrx_word' id='word_1_284' title='bbox 368 2430 397 2465; x_wconf 89' lang='lat'><strong><em>1.</em></strong></span> <span class='ocrx_word' id='word_1_285' title='bbox 448 2430 630 2467; x_wconf 73' lang='lat' dir='ltr'><strong>LEONEM</strong></span> <span class='ocrx_word' id='word_1_286' title='bbox 661 2432 871 2477; x_wconf 84' lang='lat' dir='ltr'>imperium</span> <span class='ocrx_word' id='word_1_287' title='bbox 900 2432 1019 2468; x_wconf 88' lang='lat' dir='ltr'>modo</span> <span class='ocrx_word' id='word_1_288' title='bbox 1046 2432 1237 2478; x_wconf 86' lang='lat' dir='ltr'>adeptum</span> <span class='ocrx_word' id='word_1_289' title='bbox 1266 2431 1398 2477; x_wconf 82' lang='lat' dir='ltr'>Aspar</span> <span class='ocrx_word' id='word_1_290' title='bbox 1424 2433 1746 2477; x_wconf 80' lang='lat' dir='ltr'>flagitationibus</span> 
     </span>
     <span class='ocr_line' id='line_1_31' title="bbox 245 2478 1745 2525; baseline 0.001 -13"><span class='ocrx_word' id='word_1_291' title='bbox 245 2478 433 2523; x_wconf 81' lang='lat' dir='ltr'>urgebat,</span> <span class='ocrx_word' id='word_1_292' title='bbox 473 2483 518 2513; x_wconf 81' lang='lat' dir='ltr'><strong><em>ut</em></strong></span> <span class='ocrx_word' id='word_1_293' title='bbox 551 2479 721 2514; x_wconf 83' lang='lat' dir='ltr'>alterum</span> <span class='ocrx_word' id='word_1_294' title='bbox 756 2479 928 2514; x_wconf 84' lang='lat' dir='ltr'>filiorum</span> <span class='ocrx_word' id='word_1_295' title='bbox 965 2490 1131 2515; x_wconf 85' lang='lat' dir='ltr'>suorum</span> <span class='ocrx_word' id='word_1_296' title='bbox 1159 2479 1372 2515; x_wconf 79' lang='lat' dir='ltr'>Caesarem</span> <span class='ocrx_word' id='word_1_297' title='bbox 1409 2481 1571 2523; x_wconf 79' lang='lat' dir='ltr'>faceret,</span> <span class='ocrx_word' id='word_1_298' title='bbox 1612 2490 1745 2525; x_wconf 85' lang='lat' dir='ltr'>quem-</span> 
     </span>
     <span class='ocr_line' id='line_1_32' title="bbox 210 2521 1746 2573; baseline 0.001 -13"><span class='ocrx_word' id='word_1_299' title='bbox 210 2521 464 2561; x_wconf 82' lang='lat' dir='ltr'>2admodum</span> <span class='ocrx_word' id='word_1_300' title='bbox 505 2528 761 2572; x_wconf 81' lang='lat' dir='ltr'>promisisset.</span> <span class='ocrx_word' id='word_1_301' title='bbox 831 2526 929 2562; x_wconf 86' lang='lat' dir='ltr'><strong><em>Cum</em></strong></span> <span class='ocrx_word' id='word_1_302' title='bbox 974 2531 1110 2562; x_wconf 80' lang='lat' dir='ltr'>autem</span> <span class='ocrx_word' id='word_1_303' title='bbox 1156 2531 1433 2571; x_wconf 78' lang='lat' dir='ltr'><strong>cunctaretur,</strong></span> <span class='ocrx_word' id='word_1_304' title='bbox 1479 2527 1610 2573; x_wconf 82' lang='lat' dir='ltr'><strong>Aspar</strong></span> <span class='ocrx_word' id='word_1_305' title='bbox 1655 2538 1746 2572; x_wconf 85' lang='lat' dir='ltr'>pur-</span> 
     </span>
     <span class='ocr_line' id='line_1_33' title="bbox 246 2574 1745 2620; baseline 0.001 -12"><span class='ocrx_word' id='word_1_306' title='bbox 246 2583 349 2617; x_wconf 82' lang='lat' dir='ltr'>pura</span> <span class='ocrx_word' id='word_1_307' title='bbox 381 2574 497 2619; x_wconf 72' lang='lat' dir='ltr'>regia</span> <span class='ocrx_word' id='word_1_308' title='bbox 529 2575 728 2619; x_wconf 83' lang='lat' dir='ltr'>prehensa</span> <span class='ocrx_word' id='word_1_309' title='bbox 753 2574 901 2609; x_wconf 72' lang='lat' dir='ltr'>“Rex&#39;’</span> <span class='ocrx_word' id='word_1_310' title='bbox 924 2575 1054 2620; x_wconf 82' lang='lat' dir='ltr'>inquit</span> <span class='ocrx_word' id='word_1_311' title='bbox 1083 2575 1190 2610; x_wconf 75' lang='lat' dir='ltr'>“hae</span> <span class='ocrx_word' id='word_1_312' title='bbox 1222 2579 1335 2610; x_wconf 83' lang='lat' dir='ltr'>veste</span> <span class='ocrx_word' id='word_1_313' title='bbox 1368 2576 1554 2610; x_wconf 76' lang='lat' dir='ltr'>indutum</span> <span class='ocrx_word' id='word_1_314' title='bbox 1586 2575 1745 2610; x_wconf 87' lang='lat' dir='ltr'>mentiri</span> 
     </span>
     <span class='ocr_line' id='line_1_34' title="bbox 246 2621 1745 2668; baseline 0.002 -14"><span class='ocrx_word' id='word_1_315' title='bbox 246 2631 327 2655; x_wconf 89' lang='lat' dir='ltr'><strong><em>non</em></strong></span> <span class='ocrx_word' id='word_1_316' title='bbox 355 2622 571 2666; x_wconf 85' lang='lat' dir='ltr'>aequum”.</span> <span class='ocrx_word' id='word_1_317' title='bbox 624 2621 696 2658; x_wconf 84' lang='lat' dir='ltr'><strong><em>Cui</em></strong></span> <span class='ocrx_word' id='word_1_318' title='bbox 723 2622 788 2657; x_wconf 87' lang='lat' dir='ltr'>ille</span> <span class='ocrx_word' id='word_1_319' title='bbox 814 2622 974 2657; x_wconf 79' lang='lat' dir='ltr'>“Etiam</span> <span class='ocrx_word' id='word_1_320' title='bbox 1001 2622 1124 2667; x_wconf 59' lang='lat' dir='ltr'>eogP&#39;</span> <span class='ocrx_word' id='word_1_321' title='bbox 1149 2624 1280 2668; x_wconf 83' lang='lat' dir='ltr'>inquit</span> <span class='ocrx_word' id='word_1_322' title='bbox 1304 2624 1373 2658; x_wconf 80' lang='lat' dir='ltr'>“et</span> <span class='ocrx_word' id='word_1_323' title='bbox 1403 2624 1530 2658; x_wconf 82' lang='lat' dir='ltr'>instar</span> <span class='ocrx_word' id='word_1_324' title='bbox 1556 2623 1745 2668; x_wconf 80' lang='lat' dir='ltr'>mancipii</span> 
     </span>
     <span class='ocr_line' id='line_1_35' title="bbox 209 2665 1745 2715; baseline 0.003 -15"><span class='ocrx_word' id='word_1_325' title='bbox 209 2665 350 2703; x_wconf 78' lang='lat' dir='ltr'>3tral1i</span> <span class='ocrx_word' id='word_1_326' title='bbox 376 2679 457 2704; x_wconf 91' lang='lat' dir='ltr'><strong><em>non</em></strong></span> <span class='ocrx_word' id='word_1_327' title='bbox 485 2679 659 2714; x_wconf 77' lang='lat' dir='ltr'>aequum</span> <span class='ocrx_word' id='word_1_328' title='bbox 671 2670 701 2704; x_wconf 79' lang='lat'><strong><em>³³.</em></strong></span> <span class='ocrx_word' id='word_1_329' title='bbox 753 2668 830 2706; x_wconf 85' lang='lat' dir='ltr'>Sed</span> <span class='ocrx_word' id='word_1_330' title='bbox 860 2680 950 2704; x_wconf 89' lang='lat' dir='ltr'>eum</span> <span class='ocrx_word' id='word_1_331' title='bbox 977 2671 1140 2705; x_wconf 81' lang='lat' dir='ltr'>tandem</span> <span class='ocrx_word' id='word_1_332' title='bbox 1167 2671 1352 2705; x_wconf 79' lang='lat' dir='ltr'>resistere</span> <span class='ocrx_word' id='word_1_333' title='bbox 1383 2681 1464 2705; x_wconf 90' lang='lat' dir='ltr'><strong><em>non</em></strong></span> <span class='ocrx_word' id='word_1_334' title='bbox 1498 2673 1644 2715; x_wconf 78' lang='lat' dir='ltr'>posset,</span> <span class='ocrx_word' id='word_1_335' title='bbox 1686 2681 1745 2705; x_wconf 83' lang='lat' dir='ltr'><strong><em>ee-</em></strong></span> 
     </span>
     <span class='ocr_line' id='line_1_36' title="bbox 247 2715 1744 2763; baseline 0.002 -14"><span class='ocrx_word' id='word_1_336' title='bbox 247 2715 346 2750; x_wconf 82' lang='lat' dir='ltr'>dens</span> <span class='ocrx_word' id='word_1_337' title='bbox 373 2718 603 2752; x_wconf 80' lang='lat' dir='ltr'>necessitati</span> <span class='ocrx_word' id='word_1_338' title='bbox 631 2716 845 2753; x_wconf 76' lang='lat' dir='ltr'>Caesarem</span> <span class='ocrx_word' id='word_1_339' title='bbox 873 2718 970 2752; x_wconf 83' lang='lat' dir='ltr'>facit</span> <span class='ocrx_word' id='word_1_340' title='bbox 996 2728 1047 2753; x_wconf 90' lang='lat' dir='ltr'>ex</span> <span class='ocrx_word' id='word_1_341' title='bbox 1074 2719 1244 2763; x_wconf 76' lang='lat' dir='ltr'>patricio</span> <span class='ocrx_word' id='word_1_342' title='bbox 1266 2718 1432 2763; x_wconf 79' lang='lat' dir='ltr'><strong><em>Asparis</em></strong></span> <span class='ocrx_word' id='word_1_343' title='bbox 1458 2718 1593 2761; x_wconf 81' lang='lat' dir='ltr'>filium,</span> <span class='ocrx_word' id='word_1_344' title='bbox 1620 2717 1744 2752; x_wconf 79' lang='lat' dir='ltr'><strong>Arda-</strong></span> 
     </span>
     <span class='ocr_line' id='line_1_37' title="bbox 209 2759 1746 2810; baseline 0.003 -15"><span class='ocrx_word' id='word_1_345' title='bbox 209 2759 352 2797; x_wconf 83' lang='lat' dir='ltr'>4burii</span> <span class='ocrx_word' id='word_1_346' title='bbox 386 2764 563 2800; x_wconf 79' lang='lat' dir='ltr'>fratrem.</span> <span class='ocrx_word' id='word_1_347' title='bbox 623 2765 736 2807; x_wconf 81' lang='lat' dir='ltr'>Quae</span> <span class='ocrx_word' id='word_1_348' title='bbox 769 2775 832 2800; x_wconf 79' lang='lat' dir='ltr'>res</span> <span class='ocrx_word' id='word_1_349' title='bbox 865 2775 999 2810; x_wconf 85' lang='lat' dir='ltr'>neque</span> <span class='ocrx_word' id='word_1_350' title='bbox 1030 2766 1189 2800; x_wconf 84' lang='lat' dir='ltr'>senatui</span> <span class='ocrx_word' id='word_1_351' title='bbox 1223 2766 1300 2800; x_wconf 80' lang='lat' dir='ltr'>fuit</span> <span class='ocrx_word' id='word_1_352' title='bbox 1337 2770 1456 2810; x_wconf 79' lang='lat' dir='ltr'>grata</span> <span class='ocrx_word' id='word_1_353' title='bbox 1495 2768 1534 2800; x_wconf 80' lang='lat' dir='ltr'>et</span> <span class='ocrx_word' id='word_1_354' title='bbox 1573 2765 1746 2800; x_wconf 79' lang='lat' dir='ltr'>multitu-</span> 
     </span>
     <span class='ocr_line' id='line_1_38' title="bbox 210 2808 1744 2858; baseline 0.002 -14"><span class='ocrx_word' id='word_1_355' title='bbox 210 2808 379 2845; x_wconf 64' lang='lat' dir='ltr'>fidinem</span> <span class='ocrx_word' id='word_1_356' title='bbox 407 2811 607 2847; x_wconf 83' lang='lat' dir='ltr'>urbanam</span> <span class='ocrx_word' id='word_1_357' title='bbox 635 2812 687 2847; x_wconf 83' lang='lat' dir='ltr'><strong><em>ad</em></strong></span> <span class='ocrx_word' id='word_1_358' title='bbox 713 2813 952 2848; x_wconf 77' lang='lat' dir='ltr'>seditionem</span> <span class='ocrx_word' id='word_1_359' title='bbox 978 2813 1146 2858; x_wconf 84' lang='lat' dir='ltr'>impulit.</span> <span class='ocrx_word' id='word_1_360' title='bbox 1197 2813 1453 2848; x_wconf 82' lang='lat' dir='ltr'>Verebantur</span> <span class='ocrx_word' id='word_1_361' title='bbox 1479 2813 1595 2856; x_wconf 87' lang='lat' dir='ltr'>enim,</span> <span class='ocrx_word' id='word_1_362' title='bbox 1622 2822 1674 2847; x_wconf 85' lang='lat' dir='ltr'>ne</span> <span class='ocrx_word' id='word_1_363' title='bbox 1692 2812 1744 2847; x_wconf 89' lang='lat' dir='ltr'><strong><em>ad</em></strong></span> 
     </span>
     <span class='ocr_line' id='line_1_39' title="bbox 245 2857 1745 2905; baseline 0.002 -14"><span class='ocrx_word' id='word_1_364' title='bbox 245 2861 408 2902; x_wconf 84' lang='lat' dir='ltr'>gentem</span> <span class='ocrx_word' id='word_1_365' title='bbox 428 2857 595 2904; x_wconf 82' lang='lat' dir='ltr'>Asparis</span> <span class='ocrx_word' id='word_1_366' title='bbox 622 2861 818 2896; x_wconf 83' lang='lat' dir='ltr'>translato</span> <span class='ocrx_word' id='word_1_367' title='bbox 845 2861 1025 2905; x_wconf 84' lang='lat' dir='ltr'>imperio,</span> <span class='ocrx_word' id='word_1_368' title='bbox 1048 2859 1188 2895; x_wconf 85' lang='lat' dir='ltr'>Ariani</span> <span class='ocrx_word' id='word_1_369' title='bbox 1215 2860 1340 2895; x_wconf 87' lang='lat' dir='ltr'>libere</span> <span class='ocrx_word' id='word_1_370' title='bbox 1367 2860 1527 2895; x_wconf 87' lang='lat' dir='ltr'>dicendi</span> <span class='ocrx_word' id='word_1_371' title='bbox 1546 2863 1745 2905; x_wconf 80' lang='lat' dir='ltr'>potestate</span> 
     </span>
     <span class='ocr_line' id='line_1_40' title="bbox 245 2905 1745 2955; baseline 0.001 -13"><span class='ocrx_word' id='word_1_372' title='bbox 245 2905 391 2944; x_wconf 81' lang='lat' dir='ltr'>iterum</span> <span class='ocrx_word' id='word_1_373' title='bbox 418 2910 586 2953; x_wconf 76' lang='lat' dir='ltr'>accepta</span> <span class='ocrx_word' id='word_1_374' title='bbox 612 2907 798 2954; x_wconf 85' lang='lat' dir='ltr'>pluribus</span> <span class='ocrx_word' id='word_1_375' title='bbox 823 2908 937 2943; x_wconf 84' lang='lat' dir='ltr'>malis</span> <span class='ocrx_word' id='word_1_376' title='bbox 972 2918 1093 2955; x_wconf 86' lang='lat' dir='ltr'>quam</span> <span class='ocrx_word' id='word_1_377' title='bbox 1126 2911 1220 2944; x_wconf 86' lang='lat' dir='ltr'>ante</span> <span class='ocrx_word' id='word_1_378' title='bbox 1255 2907 1502 2944; x_wconf 83' lang='lat' dir='ltr'>orthodoxos</span> <span class='ocrx_word' id='word_1_379' title='bbox 1529 2907 1745 2944; x_wconf 79' lang='lat' dir='ltr'>afficerent.</span> 
     </span>
    </p>
   </div>
  </div>
 </body>
</html>
