2054 3282
375 240 444 277 294
789 238 970 276 ZONAR.
997 237 1126 274 EPIT.
1155 236 1226 274 XV
1253 237 1307 283 1‘2,
1334 238 1461 274 9—21.

329 363 359 399 B
375 362 534 410 ζόντων
556 362 803 414 ἐπεκαλεῖτο,
828 361 964 406 ὁείσας
981 360 1005 401 ὁ
1021 359 1212 414 βασιλεὺς
1233 360 1453 414 καθεῖρξεν
1475 362 1519 402 ἐν
1539 366 1600 415 τῷ
1620 362 1865 415 πραιτωρίῳ

317 433 361 468 10
374 430 512 483 αὐτόν,
550 430 686 483 τύψας
716 429 920 482 πρότερον
951 429 1021 469 καὶ
1052 428 1125 482 τὴν
1157 429 1297 483 κόμην
1327 430 1538 483 περιελών.
1600 435 1672 472 τοῦ
1705 431 1750 472 δὲ
1781 435 1866 472 τῶν

374 497 636 551 Βουλγάρων
668 498 993 551 ἆρχηγετοῦντος
1025 497 1278 550 ὡρμηκότος
1305 498 1410 539 κατὰ
1431 504 1503 552 τῆς
1519 499 1758 553 Ῥωμαϊκῆς
1779 501 1864 541 ἐπι-

372 567 576 619 κρατείας,
622 566 888 611 ἀσυντάκτως
924 566 948 606 ὁ
979 565 1170 620 βασιλεὺς
1208 567 1324 621 αὐτῷ
1362 567 1555 609 ἐπελθὼν
1591 569 1753 622 ἡττᾶται
1795 569 1866 611 καὶ

371 635 535 689 πλῆθος
565 634 671 675 πολὺ
704 635 1045 687 στρατευομένων
1076 634 1312 689 ἀπόλλυσιν,
1346 635 1446 677 ἀλλὰ
1478 636 1564 690 μὴν
1594 637 1665 678 καὶ
1685 643 1771 679 τῶν
1790 638 1901 692 με’-5

316 704 574 757 11γιστάνων
611 703 805 748 πολλούς.
869 703 911 743 αῖ
943 703 988 744 δὲ
1019 704 1305 757 στρατιωτικαὶ
1337 706 1545 753 συντάξεις
1577 706 1867 759 ἀθροισθεῖσαι

371 771 475 812 κατὰ
507 771 581 825 τὴν
611 770 888 825 μεγαλόπολιν
920 772 1190 825 ἐβουλεύοντο
1222 773 1459 827 βασιλεῦσαι
1489 773 1560 815 τὸν
1592 774 1676 816 ἀπὸ
1707 774 1864 817 Καισά-

314 842 357 877 12
371 856 461 893 ρων
482 839 736 894 Μκηφόρον
766 840 837 881 τὸν
868 845 940 882 τοῦ
971 841 1288 883 Κωνσταντίνου
1320 843 1624 897 πατράόελφον.
1687 843 1788 885 ἀλλὰ
1819 844 1866 886 τὸ

371 909 538 962 σκέμμα
584 909 663 949 οὐκ
707 909 849 950 ἔλαθε·
896 909 960 951 διὸ
998 909 1123 956 αὐτὸς
1159 910 1236 964 μὲν
1268 911 1291 952 ὁ
1326 911 1576 965 Νικηφόρος
1608 912 1785 967 ἐξεκόπη
1817 913 1866 954 τὰ

371 976 559 1029 ὄμματα·
607 977 630 1017 ὁ
664 977 710 1018 δέ
747 994 791 1031 γε
822 977 1119 1032 Χριστοφόρος
1157 979 1228 1020 καὶ
1266 980 1289 1021 ὁ
1323 979 1509 1034 Νικήτας
1540 981 1564 1022 ὅ
1587 981 1789 1035 ’Άνθιμός
1824 998 1866 1024 τε
1884 983 1928 1018 10

312 1047 356 1082 13
370 1044 440 1085 καὶ
466 1045 490 1085 ὁ
511 1044 758 1100 Εὐὸόκιμος
788 1052 873 1088 τῶν
906 1047 1111 1101 γλωσσῶν
1142 1048 1376 1102 ὑπέστησαν
1408 1049 1599 1103 ἕκτομήν.
1663 1049 1764 1091 ἀλλὰ
1795 1050 1867 1092 καὶ

369 1112 440 1154 τὸν
473 1113 660 1168 ,Μωσηλὲ
696 1114 767 1156 τὸν
791 1115 971 1164 Ἀλέξιον
1003 1116 1027 1157 oe
1058 1116 1250 1170 βασιλεὺς
1287 1117 1582 1171 ἐξετύφλωσεν,
1626 1118 1867 1173 ὑποθήκαις

312 1183 355 1218 14
369 1185 494 1222 ταῦτα
526 1186 746 1236 μητρικαῖς
783 1184 1076 1238 ἐργασάμενος.
1140 1185 1178 1226 οἳ
1211 1185 1255 1226 δὲ
1286 1189 1359 1227 τοῦ
1391 1186 1576 1239 θέματος
1605 1192 1692 1228 τῶν
1716 1187 1865 1241 Ἃρμε-

369 1256 528 1292 νιακιῦν
548 1251 623 1305 τὴν
643 1256 716 1293 τοῦ
736 1252 918 1301 ’Ἀλεξίου
940 1253 1150 1308 μαθόντες
1172 1253 1395 1308 τύφλωσιν,
1427 1254 1498 1295 τὸν
1520 1255 1721 1309 σφέτερον
1742 1271 1864 1310 στρα-

368 1318 495 1373 τηγὸν
526 1319 724 1374 ἐποίησαν
756 1322 1012 1375 ἔμφρουρον.
1075 1321 1127 1376 ἦν
1150 1319 1186 1363 δ’
1212 1321 1334 1368 οὗτος
1355 1323 1379 1363 ὁ
1401 1322 1699 1377 Καμουλιανὸς
1730 1324 1754 1364 ὃ
1784 1339 1864 1365 πα-
1882 1326 1926 1362 15

312 1390 355 1425 15
368 1387 531 1440 τρίκιος.
595 1388 656 1434 ὡς
688 1388 763 1430 οὖν
785 1390 996 1445 ἀνηνέχθη
1019 1395 1140 1432 τοῦτο
1162 1396 1222 1445 τῷ
1243 1392 1410 1445 βασιλεῖ,
1443 1391 1591 1433 στέλλει
1613 1389 1703 1433 κατ’
1726 1393 1867 1434 αὐτῶν

369 1454 444 1496 σὺν
477 1456 649 1510 δυνάμει
673 1458 987 1500 Κωνσταντῖνον
1013 1458 1083 1500 τὸν
1100 1459 1360 1514 Ἀρτασήραν
1391 1459 1462 1501 καὶ
1492 1458 1563 1501 τὸν
1585 1459 1866 1515 Χρυσόχειρα,

313 1527 355 1562 16
369 1524 597 1580 στρατηγὸν
618 1530 703 1567 τῶν
726 1526 1050 1582 Βουκελλαρίων
1071 1528 1335 1582 τυγχάνοντα.
1396 1528 1465 1569 καὶ
1487 1529 1767 1583 κροτηθέντος
1787 1546 1865 1570 πο-

369 1666 391 1701 2
417 1667 467 1702 ὅτι
493 1672 562 1706 τοῖς
588 1668 807 1712 Βουλγάροις
834 1668 1025 1715 συμβαλὼν
1050 1671 1070 1704 ὁ
1094 1669 1263 1709 Κώνστας
1292 1671 1377 1712 (sic)
1404 1670 1537 1715 ἡττήθη
1565 1669 1594 1706 Ο
1692 1670 1713 1705 6
1738 1670 1798 1706 καὶ
1816 1672 1865 1705 ὅτι

368 1715 548 1750 ἐστασίασε
564 1715 601 1751 τὸ
620 1716 870 1761 στρατιωτικὸν
884 1717 943 1752 καὶ
961 1718 1010 1752 ὅτι
1030 1717 1108 1757 τοὺς
1127 1718 1246 1757 θείους
1265 1718 1285 1752 ὁ
1298 1719 1561 1758 Κωνσταντΐνος
1579 1718 1818 1764 ἐτιμωρήσατο
1837 1717 1866 1755 C

440 1859 463 1894 2
487 1860 653 1903 μαστίξας
669 1859 711 1902 Ο,
739 1860 877 1905 flagris
902 1871 1083 1896 caesum:
1119 1862 1184 1897 Wo
1202 1862 1268 1896 lat.
1342 1861 1364 1896 3
1391 1862 1597 1907 ἐξάρχοντος
1617 1861 1647 1898 Ο
1722 1862 1743 1897 7
1768 1862 1866 1907 ἐβου-

440 1907 607 1942 λεύσαντο
634 1906 742 1953 pr,
769 1907 1053 1953 ἕβουλεύσαντων
1080 1909 1165 1953 (Sic)
1193 1909 1223 1944 Ε
1343 1909 1413 1954 τὸν]
1441 1915 1511 1944 τῶν
1538 1909 1567 1945 C
1682 1910 1727 1945 10
1751 1910 1790 1945 δέ
1814 1909 1864 1955 γε]

440 1955 479 1999 γέ
503 1955 543 1990 δε
570 1955 599 1989 Ε
735 1955 773 1990 11
804 1956 825 1990 ὅ
850 1967 924 1991 om.
953 1956 1000 2001 p*
1026 1957 1162 1992 invitis
1189 1956 1296 1991 ARw
1434 1958 1476 1992 12
1501 1958 1522 1992 ό
1544 1956 1706 2002 βασιλεὺς
1733 1968 1806 1992 om.
1835 1957 1865 1992 B

443 2002 487 2037 13
511 2003 741 2047 ἁρμενιακῶν
767 2002 803 2037 D
914 2004 957 2039 15
982 2004 1254 2049 ἧν-πατρίκιος
1282 2016 1356 2039 0111.
1387 2004 1416 2040 O
1527 2006 1569 2040 17
1593 2005 1792 2050 ἀρτῖῐάραν
1817 2005 1864 2049 D,

442 2060 543 2085 eorr-
571 2050 651 2094 Dw,
674 2050 843 2096 Ἆρτασήρ
864 2051 1041 2096 Theoph.
1070 2052 1086 2086 I
1114 2063 1150 2097 p.
1176 2052 1257 2091 468,
1284 2052 1330 2086 ‘26
1428 2054 1661 2097 Χρυσοχέρην
1687 2053 1864 2098 Theoph.

440 2097 459 2132 I
486 2108 522 2142 p.
540 2098 621 2143 468,
648 2098 693 2134 27
792 2099 837 2134 18
860 2100 1126 2144 βουκελλαρίων
1151 2098 1274 2135 BCDi
1298 2099 1475 2146 Theoph.
1503 2101 1525 2135 l.
1554 2111 1598 2143 c.‚
1622 2100 1866 2146 βουκελαρίων

441 2143 576 2191 Apr
675 2147 904 2192 συρραγέντος
932 2146 963 2182 O

368 2289 477 2323 fama
504 2292 542 2324 et
569 2289 665 2334 quia
695 2299 720 2323 a
750 2289 948 2325 seditiosis
982 2291 1274 2334 arcessebatur,
1315 2301 1404 2326 eum
1433 2301 1482 2326 ex
1510 2294 1619 2326 metu
1645 2292 1683 2325 in
1712 2295 1867 2336 praeto-

369 2336 527 2371 rianum
563 2346 765 2372 carcerem
799 2347 872 2372 rex
908 2338 1078 2373 coniecit
1113 2339 1372 2373 verberatum
1417 2340 1526 2383 prius
1567 2349 1763 2383 comaque
1801 2339 1867 2374 de-

311 2381 497 2418 lotonsa.
548 2383 724 2429 Principi
759 2384 1029 2430 Bulgarorum
1064 2385 1287 2420 Romanam
1327 2386 1516 2420 ditionem
1557 2395 1753 2430 aggresso
1793 2396 1864 2421 rex

368 2431 633 2476 incomposito
653 2432 816 2476 agmine
835 2433 995 2467 obviam
1016 2434 1222 2478 profectus
1246 2434 1421 2467 vincitur
1447 2433 1581 2467 multis
1608 2436 1647 2467 et
1674 2433 1864 2468 militibus

311 2476 352 2510 11
370 2481 409 2512 et
427 2479 664 2523 proceribus
687 2480 852 2514 amissis.
905 2479 1172 2521 Quamobrem
1201 2481 1392 2515 militares
1420 2480 1580 2515 ordines
1607 2481 1647 2514 in
1673 2491 1863 2525 magnam

369 2526 508 2560 urbem
538 2528 777 2571 congregati
804 2527 854 2562 de
879 2526 1106 2572 Nicephoro
1136 2527 1321 2570 Caesare,
1349 2527 1598 2563 Constantini
1627 2532 1783 2572 patruo,
1811 2529 1862 2563 ad

312 2571 579 2618 12i1npe1·ium
614 2574 824 2609 evehendo
859 2575 1024 2609 consilia
1056 2575 1243 2610 inierunt.
1295 2575 1410 2616 Quod
1444 2585 1532 2609 cum
1566 2575 1772 2610 eonsilium
1802 2587 1863 2611 oc·

370 2620 475 2655 culte
501 2631 581 2655 non
605 2621 790 2665 ferretur,
817 2621 1043 2667 Niceplioro
1062 2623 1137 2667 ipsi
1157 2623 1260 2657 oculi
1280 2626 1372 2657 sunt
1392 2623 1536 2666 effossi,
1564 2622 1860 2667 christophoro,

313 2666 356 2701 13
369 2666 544 2710 Nicetae,
578 2667 778 2712 Anthium,
818 2669 1038 2705 Eudocimo
1065 2670 1230 2715 linguae
1257 2670 1474 2715 praecisae.
1526 2670 1627 2705 Sunt
1654 2674 1692 2705 et
1718 2669 1860 2705 Alexio

312 2713 356 2747 14
369 2713 504 2750 Moseli
533 2715 582 2750 de
609 2717 747 2751 matris
774 2717 939 2751 consilio
967 2717 1071 2752 oculi
1098 2718 1212 2752 eruti.
1264 2717 1389 2758 Quem
1423 2721 1629 2752 caecatum
1658 2728 1744 2752 esse
1771 2728 1861 2753 cum

369 2760 597 2797 Armeniaci
630 2768 884 2809 cognossent,
920 2763 1198 2799 Camulianum
1226 2766 1448 2810 patricium,
1484 2775 1599 2799 suum
1628 2765 1782 2807 ducem,
1820 2766 1861 2800 in

312 2807 355 2843 15
370 2809 591 2844 custodiam
632 2810 841 2846 dederunt.
893 2812 949 2846 Eo
988 2812 1040 2846 ad
1079 2822 1216 2857 reg-em
1253 2813 1378 2847 relato
1413 2812 1718 2848 Constantinum
1749 2811 1860 2847 Arta—

370 2865 499 2890 seram
527 2861 566 2892 et
593 2857 910 2903 Chrysochirem,
950 2859 1289 2894 Buccellariorum
1317 2860 1470 2901 ducem,
1503 2870 1593 2894 cum
1621 2860 1746 2904 copiis
1773 2870 1862 2895 con-

312 2902 356 2936 16
370 2907 432 2937 tra
451 2903 537 2939 illos
556 2906 685 2940 mittit.
735 2905 893 2942 Proelio
914 2907 1124 2943 commisso
1154 2908 1356 2953 utrimque
1381 2907 1494 2943 multi
1515 2907 1764 2951 ceciderunt;
1791 2907 1862 2943 sed
