1968 3302
337 226 503 265 CYRVS
529 225 812 264 EPARCHVS.
862 223 1170 263 FLAVIANVS.
1221 224 1505 263 EVTYCHES.
1612 224 1680 262 107

306 351 394 392 Τοῦ
430 350 690 405 πατριάρχου
731 349 777 391 δὲ
807 348 1013 404 Πρόκλου
1051 348 1258 395 θανόντος
1293 349 1397 404 μετὰ
1435 349 1680 391 δωδέκατον
1693 342 1751 384 23

180 419 270 466 ἔτος
313 420 358 467 ἐξ
401 419 499 460 ὅτου
545 419 726 473 προέστη
770 422 843 460 τοῦ
883 419 927 460 ἐν
958 418 1396 460 Κωνσταντινουπόλει
1436 417 1680 472 ὀρθοδόξου

24 488 298 542 111241211015,
332 488 356 529 ὁ
377 488 494 534 θεῖος
520 486 757 542 Φλαβιανὸς
777 489 835 533 εἷς
859 486 930 528 τὸν
962 486 1121 528 ἐκείνου
1152 486 1314 540 θρόνον
1345 486 1679 540 ε’γκαθιδρύεται.

181 557 248 598 ὅτε
285 556 357 598 καὶ
394 557 418 598 ὅ
449 555 645 610 Εὗτυχὴς
682 556 1007 611 ἀρχιμανδρίτης
1043 557 1106 598 ὢν
1143 556 1386 610 ἑδογμάτιζε
1423 555 1495 597 τὸν
1531 554 1716 609 κύριον2

143 627 306 680 ὃὴμῶν
329 624 494 680 Ἰησοῦν
528 624 713 678 Χριστὸν
750 625 809 680 μὴ
848 624 921 671 τὰς
959 624 1038 666 δύο
1075 625 1221 680 φύσεις
1255 629 1430 680 τηρῆσαι
1466 623 1570 678 μετὰ
1607 623 1681 678 τὴν

180 695 515 749 ἕνανθρώπησιν,
547 692 634 735 ἀλλ’
657 695 715 740 εἷς
734 694 835 748 μίαν
855 694 981 748 φύσιν
1002 694 1137 748 ἄμφω
1160 693 1453 748 συγκραθῆναι
1473 693 1544 734 καὶ
1573 707 1679 746 συμ-
1693 693 1725 729 Β

179 763 408 818 φυρθῆναι.
454 767 600 804 τοῦτον
624 762 892 816 ἀδιόρθωτον
912 764 1090 816 μένοντα
1113 763 1137 804 ὁ
1164 762 1401 817 Φλαβιανὸς
1421 766 1495 803 τοῦ
1516 766 1589 816 τῆς
1611 761 1680 802 ἒκ-
1694 764 1717 799 3

179 832 351 887 κλησίας
372 832 551 885 ἐξέκοψε
572 832 783 885 σώματος,
816 832 880 872 ἵνα
907 831 967 886 μὴ
1000 836 1072 886 τῆς
1102 831 1238 886 λύμης
1268 831 1339 872 καὶ
1369 836 1431 885 τῷ
1462 831 1681 884 ὑγιαίνοντι

179 901 363 955 μεταδῷ.
393 900 603 954 πρόσεισιν
625 899 701 941 οὗν
723 900 747 941 ὁ
770 899 963 954 Εὗτυχὴς
979 900 1223 954 Χρυσαφίῳ
1244 905 1305 954 τῷ
1327 900 1499 954 ἒκτομίᾳ
1521 899 1680 953 ὃμοδο-
1694 901 1718 937 4

123 975 169 1010 10
182 971 318 1018 ξοῦντι
339 970 456 1023 αὐτῷ
472 969 543 1010 καὶ
558 969 723 1010 πλεῖστα
742 969 966 1023 δυναμένῳ
982 967 1098 1022 παρὰ
1115 974 1177 1022 τῷ
1193 969 1367 1023 βασιλεῖ·
1391 968 1462 1010 καὶ
1484 969 1532 1015 ὃς
1546 968 1682 1009 πείθει
1696 971 1718 1006 5

179 1037 252 1080 τὸν
273 1036 501 1080 Θεοδόσιον
532 1038 748 1091 ἐπιτρέψαι
778 1043 840 1091 τῷ
869 1037 973 1092 μετὰ
1005 1037 1079 1091 τὴν
1109 1041 1182 1079 τοῦ
1215 1037 1447 1091 ἁγιωτάτου
1470 1036 1681 1090 Κυρίλλου

180 1107 425 1161 μετάστασιν
467 1111 539 1161 τῆς
571 1106 883 1160 Ἀλεξανδρείας
926 1105 997 1147 τὸν
1040 1106 1200 1159 θρόνον
1243 1106 1420 1147 διέποντι
1458 1105 1682 1159 Διοσκόρω

179 1176 492 1230 παραγενέσθαι
513 1175 775 1229 εἰς”Εφεσον
800 1172 899 1229 μεθ’
933 1175 1363 1229 ἑτέρων·ἒπισκόπων
1394 1174 1465 1216 καὶ
1494 1173 1544 1215 τὰ
1576 1173 1683 1215 κατὰ

181 1245 253 1287 τὸν
288 1244 461 1299 Εὐτυχῆ
505 1245 723 1298 γυμνάσαι,
766 1244 975 1297 παρόντος
1017 1243 1089 1285 καὶ
1131 1247 1204 1284 τοῦ
1247 1243 1499 1297 Φλαβιανοῦ.
1561 1241 1719 1289 οὗτος6

123 1319 168 1355 15
183 1313 259 1355 οὖν
290 1314 315 1355 ὁ
336 1313 570 1367 Διόσκορος
589 1317 663 1354 τοῦ
687 1312 905 1366 Εὐτυχοῦς
936 1313 1156 1367 τυγχάνων
1187 1312 1400 1366 ὁμόδοξος
1430 1311 1501 1353 καὶ
1532 1311 1684 1357 ἄλλους

183 1382 437 1428 ἐπισκόπους
466 1381 763 1436 προσειληφὼς
794 1382 1105 1436 ὁμογνώμονας
1136 1382 1192 1427 εἰς
1204 1380 1397 1435 ”Εφεσον
1417 1381 1684 1435 παραγίνεται
1699 1380 1727 1417 C

183 1451 254 1492 καὶ
283 1455 413 1505 κυροῖ
437 1449 486 1491 τὰ
517 1449 633 1504 παρὰ
664 1454 738 1491 τοῦ
759 1449 980 1504 Εὖτυχοῦς
1011 1449 1271 1503 εἰσαγόμενα.
1334 1449 1612 1502 ἀντιλέγοντος
1639 1447 1719 1490 δὲ’(

183 1523 255 1561 τοῦ
295 1519 520 1572 ἱερωτάτου
558 1518 812 1573 Φλαβιανοῦ,
858 1518 925 1559 οἷά
967 1534 1026 1564 τις
1069 1519 1214 1573 ἄγριος
1253 1518 1352 1564 ὄνος
1388 1517 1622 1572 ἀναθορὼν
1659 1517 1683 1558 ὁ

185 1667 200 1702 1
229 1668 309 1713 περὶ
335 1672 394 1703 τοῦ
418 1667 636 1713 πατριάρχου
667 1668 865 1713 Φλαβιανοῦ
897 1667 957 1702 καὶ
987 1667 1067 1712 περὶ
1099 1667 1192 1712 (περὶ
1226 1677 1301 1702 om.
1329 1666 1375 1711 E)
1408 1666 1591 1711 Εὐτυχοῦς
1622 1670 1683 1700 τοῦ

182 1717 360 1760 αἱρετικοῦ
388 1715 450 1751 CE
592 1715 614 1750 9
639 1717 690 1750 ὅτι
717 1721 767 1760 τῷ
789 1715 1048 1760 Ἀλεξανδρείας
1074 1715 1261 1760 Διοσκόρῳ
1288 1714 1463 1759 ἐπετράπη
1491 1715 1512 1760 ἡ
1539 1714 1683 1760 ζήτησις

182 1768 253 1799 τῶν
278 1769 338 1800 τοῦ
364 1763 547 1809 Εὐτυχοῦς
574 1763 771 1809 δογμάτων,
798 1763 858 1798 καὶ
884 1764 947 1799 ὅσα
972 1763 1105 1802 ἐκεῖνος
1128 1763 1289 1808 ἐποίησεν
1316 1762 1345 1799 Ο

252 1901 276 1936 4
300 1902 321 1936 ὁ
347 1912 421 1937 om.
449 1900 479 1935 B
613 1901 888 1947 ἀνχιμανδρίτης
914 1901 944 1936 Β
1079 1901 1101 1936 9
1126 1901 1189 1936 οὖν
1217 1912 1293 1936 om.
1319 1899 1383 1937 BC
1513 1901 1556 1935 11
1584 1900 1684 1946 ἁγίου

252 1947 415 1995 prDi
513 1949 558 1984 13
582 1949 670 1995 μετὰ
695 1950 726 1985 Ε
826 1950 869 1985 17
896 1950 935 1985 δὲ
960 1950 1074 1985 initio
1103 1949 1281 1995 paginae
1306 1960 1381 1984 om.
1410 1948 1439 1985 C

302 2093 358 2129 23.
410 2093 553 2129 Proclo
577 2098 711 2129 autem
731 2094 961 2140 patriarcha
980 2097 1152 2137 mortuo,
1179 2104 1270 2130 cum
1288 2093 1366 2128 XII
1386 2103 1515 2129 annos
1534 2092 1684 2139 populo

183 2140 394 2187 cpolitano
423 2141 648 2177 orthodoxo
676 2142 929 2187 praefuisset,
958 2142 1120 2177 divinus
1144 2142 1364 2176 Flavianus
1390 2142 1431 2176 in
1456 2141 1562 2176 illius
1589 2140 1686 2176 sede

183 2189 450 2224 constituitur.
502 2188 584 2225 Sub
619 2189 725 2224 idem
760 2192 918 2235 tempus
955 2192 994 2225 et
1029 2190 1232 2235 Eutyches
1265 2190 1430 2235 quidam
1463 2185 1721 2224 archimen-2

183 2236 288 2272 drita
314 2236 487 2272 docebat
514 2236 646 2272 Iesum
670 2236 882 2281 Christum,
908 2237 1113 2272 dominum
1141 2241 1334 2282 nostrum,
1364 2247 1459 2272 suas
1489 2237 1592 2272 duas
1617 2246 1686 2271 na-

181 2287 294 2320 turas
326 2288 416 2330 post
448 2285 768 2320 incarnationem
805 2295 887 2320 non
925 2295 1111 2320 servasse
1146 2285 1216 2321 sed
1254 2286 1296 2320 in
1333 2295 1457 2320 unam
1496 2287 1685 2319 naturam

182 2332 323 2367 ambas
352 2342 440 2367 esse
468 2333 697 2367 commistas
725 2336 763 2368 et
790 2334 992 2367 confusas.
1043 2332 1173 2376 Hunc,
1202 2343 1292 2368 cum
1320 2333 1371 2368 de
1397 2332 1598 2368 sententia
1620 2329 1722 2366 cle-3

183 2379 276 2415 duci
303 2391 383 2415 non
412 2380 620 2426 potuisset,
659 2379 878 2415 Flavianus
905 2380 956 2415 ab
984 2380 1178 2415 ecclesiae
1206 2381 1379 2416 abscidit
1397 2390 1594 2425 ·corpore,
1634 2389 1686 2414 ne

182 2427 250 2462 illa
275 2430 388 2473 peste
415 2431 454 2463 et
480 2438 580 2463 sana
606 2428 788 2463 membra
814 2428 1006 2463 inficeret.
1055 2427 1151 2463 Adit
1181 2429 1306 2473 igitur
1332 2428 1537 2472 Eutyches
1565 2424 1722 2472 Chry-4

183 2475 368 2520 saphium
395 2475 627 2511 eunuchum
655 2475 834 2511 eiusdem
862 2476 1089 2511 sententiae
1116 2476 1321 2519 asseclam,
1362 2476 1442 2520 qui,
1480 2485 1570 2509 cum
1603 2473 1722 2520 plu-5

183 2523 326 2558 rimum
362 2527 498 2569 posset
532 2523 642 2569 apud
680 2534 831 2569 regem,
871 2522 1100 2558 Theodosio
1136 2523 1364 2568 persuadet,
1405 2526 1450 2558 ut·
1476 2522 1686 2566 Dioscoro‚

184 2571 251 2616 qui
280 2575 370 2616 post
397 2569 532 2616 Cyrilli
566 2571 671 2606 illius
703 2571 942 2606 sanctissimi
976 2571 1128 2606 obitum
1155 2570 1460 2606 Alexandrinae
1491 2570 1686 2606 ecclesiae

185 2622 384 2664 praeerat,
423 2618 676 2661 concederet,
703 2622 747 2654 ut
775 2629 866 2653 cum
893 2619 981 2653 aliis
1008 2619 1207 2664 episcopis
1235 2618 1435 2664 Ephesum
1463 2619 1621 2653 veniret
1647 2621 1687 2653 et

184 2665 377 2711 Eutychis
404 2665 597 2711 dogmata
624 2670 845 2710 excuteret,
872 2670 1086 2712 praesente
1105 2667 1226 2701 etiam
1246 2666 1453 2701 Flaviano.
1504 2666 1542 2700 Is
1561 2664 1723 2712 igiturG

184 2713 415 2757 Dioscorus,
455 2714 523 2759 qui
557 2724 647 2748 cum
676 2714 858 2759 Eutyche
894 2714 997 2749 idem
1032 2714 1156 2749 sensit
1186 2715 1368 2758 aliosque
1402 2715 1614 2760 episcopos
1646 2714 1687 2748 in

185 2771 298 2796 sualn
333 2762 571 2797 sententiam
606 2761 847 2806 adduxerat,
888 2762 1090 2807 Ephesum
1117 2764 1324 2807 profectus
1359 2765 1448 2797 rata
1484 2762 1582 2797 facit
1620 2761 1686 2796 do-

184 2811 324 2853 gmata
343 2808 608 2854 Eutychiana.
660 2808 917 2845 Adversante
943 2813 1079 2845 autem
1106 2810 1356 2845 sanctissimo
1383 2809 1450 2845 illo
1477 2808 1722 2852 Flavian0,7

186 2855 406 2891 Dioscorus
434 2856 544 2892 velut
571 2857 708 2892 asinus
735 2857 899 2902 quidam
927 2858 1037 2892 ferus
1065 2857 1255 2892 exsiliens
1282 2857 1460 2892 calcibus
1484 2858 1526 2892 in
1544 2860 1686 2903 pectus

186 2903 240 2950 pii
280 2903 383 2940 illius
423 2904 498 2940 viri
536 2904 688 2941 insiluit
728 2915 862 2951 neque
898 2905 1008 2952 prius
1040 2905 1191 2952 pugnis
1219 2905 1306 2940 eius
1336 2905 1452 2951 genis
1484 2905 1686 2952 percussis
