2054 3282
347 199 417 236 424
752 197 933 235 ZONAR.
961 197 1090 233 ffl’l'r.
1118 196 1209 233 XVI
1235 197 1267 241 9,
1298 195 1447 232 10-22.

348 338 409 375 ρει
441 320 546 363 κατὰ
578 325 650 362 τοῦ
681 320 1076 376 βλασφημήσαντος,
1109 317 1179 360 καὶ
1209 318 1348 373 μάχης
1375 317 1650 373 κροτηθείσης
1670 319 1841 372 τρέπον-

346 406 409 431 ται
441 391 481 431 οἱ
510 390 712 443 πολέμιοι,
758 388 828 429 καὶ
866 388 1013 441 γίνεται
1052 387 1212 428 τούτων
1251 387 1384 441 φόνος
1421 387 1566 440 πολύς,
1610 387 1681 428 καὶ
1718 386 1843 433 αὐτὸς

290 459 331 495 11
349 458 393 499 δὲ
416 458 439 500 ὁ
461 458 629 512 ᾶμηρᾶς
650 456 967 510 ἀποσφάττεται,
999 456 1181 510 μετρίων
1213 455 1504 509 διαφυγόντων
1534 458 1666 497 τινῶν.
1729 455 1842 509 φθο-

347 526 489 580 νηθεὶς
529 525 574 567 δὲ
614 525 637 566 ὁ
675 524 953 579 στρατηλάτης
998 524 1234 579 διεβέβλητο
1278 524 1340 569 ὡς
1384 523 1615 578 δυνάμενος
1657 524 1728 565 καὶ
1769 523 1892 578 τὴνΙ)
1912 525 2022 561 IV28

289 596 334 631 12
355 593 522 647 Ταρσὸν
562 593 708 641 ἐξελεῖν
749 593 828 634 οὐκ
866 593 1058 647 ἠθέλησε.
1123 592 1187 634 διὸ
1227 593 1457 646 ἀφαιρεῖται
1492 592 1570 646 μὲν
1605 592 1679 646 τὴν
1710 591 1880 646 ἀρχὴνῦ

348 662 371 703 ὁ
402 661 594 716 βασιλεὺς
626 659 696 701 ἀπ’
730 661 874 715 αὐτοῦ,
909 661 1054 702 δίδωσι
1087 661 1132 702 δὲ
1162 661 1314 716 ταύτην
1338 667 1399 715 τῷ
1419 661 1694 715 Στυππειώτῃ
1717 661 1843 714 ἐπαγ-

348 730 584 783 γελλομένῳ
606 728 677 770 καὶ
699 728 772 783 τὴν
802 728 970 783 Ταρσὸν
992 729 1256 784 ἕκπορθῆσαι
1283 729 1354 770 καὶ
1385 729 1487 770 ἄλλα
1518 729 1646 771 πλείω
1678 744 1844 782 κατωρ-

290 801 333 835 13
348 798 536 839 θωκέναι
574 798 899 851 νεανιευομένῳ·
946 798 993 843 ὃς
1025 798 1075 838 οὗ
1112 798 1246 852 μόνον
1283 795 1346 838 ὧν
1377 798 1493 852 ηὔχει
1524 797 1648 838 οὐδὲν
1678 813 1844 850 κατωρ-

347 866 494 914 ’θώκει,
540 865 642 907 ἀλλὰ
686 866 756 907 καὶ
797 866 1079 920 δυστυχήματι
1116 867 1430 920 περιπέπτωκεν
1467 866 1512 914 ἕξ
1549 865 1739 920 ἀμελείας
1774 865 1845 906 καὶ

290 937 334 972 14
347 934 650 988 ἀπερισκέπτου
673 934 939 988 σκηνώσεως.
1003 934 1166 988 γνόντες
1189 934 1268 988 γσὶρ
1296 935 1336 975 οἵ
1365 934 1575 988 βάρβαροι
1605 933 1652 975 τὸ
1685 933 1844 975 ἐκείνου
1861 937 1905 972 10

348 1002 628 1056 στρατόπεδον
675 1002 930 1056 ἀφυλάκτως
974 1004 1086 1057 ἕχον,
1134 1002 1283 1048 νυκτὸς
1328 1003 1444 1056 αὐτῷ
1488 1002 1729 1043 ἐπιτίθενται
1774 1002 1845 1043 καὶ

347 1072 562 1125 ἀναιροῦσι
599 1071 794 1125 πολλούς,
841 1072 881 1111 οῖ
910 1071 1078 1117 πλείους
1110 1068 1146 1112 δ’
1181 1068 1251 1112 ὑπ’
1286 1070 1477 1125 ἀλλήλων
1508 1070 1846 1124 συμπατούμενοι

290 1142 334 1178 15
349 1140 658 1193 διεφθείροντο’
692 1139 763 1180 καὶ
795 1140 931 1185 οὕτως
962 1140 1193 1194 ὑπερέσχον
1225 1140 1264 1180 οἱ
1295 1140 1342 1181 ἐκ
1373 1143 1445 1193 τῆς
1462 1139 1604 1192 Ἅγαρ.
1666 1137 1767 1180 ἀλλὰ
1796 1137 1845 1179 τὰ

297 1211 332 1246 D
346 1207 424 1263 μὲν
461 1209 547 1262 ἑῴα
586 1212 732 1250 τοῦτον
771 1208 864 1262 ἔσχε
901 1207 972 1249 τὸν
1010 1207 1180 1262 τρόπον,
1224 1207 1426 1262 χειρόνως
1470 1207 1515 1248 δὲ
1560 1207 1754 1248 διέκειντο
1796 1205 1844 1247 τὰ

349 1277 533 1330 ἑσπέρια.
1860 1278 1905 1315 15

290 1349 334 1384 16
459 1344 523 1386 ‘H
547 1361 588 1386 τε
628 1345 707 1399 γὰρ
745 1349 828 1391 τοῖς
855 1345 1078 1399 Ῥωμαίων
1114 1345 1347 1400 βασιλεῦσιν
1384 1345 1574 1399 ὑπήκοος
1599 1344 1744 1385 Ἰταλία
1776 1344 1846 1385 καὶ

347 1413 395 1454 τὰ
432 1413 597 1455 πλεῖστα
638 1418 710 1468 τῆς
740 1413 933 1458 Σικελίας
970 1414 1170 1468 ὕπόφορα
1209 1418 1293 1459 τοῖς
1330 1413 1633 1468 Καρχηδονίοις
1672 1413 1737 1454 ἐπὶ
1774 1417 1846 1467 τῆς

347 1481 557 1536 βασιλείας
581 1485 654 1523 τοῦ
678 1481 849 1536 ]Ι[ιχαὴλ
872 1481 1099 1535 γεγόνασιν,
1132 1481 1233 1523 ἀλλὰ
1255 1481 1341 1537 μὴν
1365 1482 1435 1523 καὶ
1457 1482 1557 1523 ἄλλα
1590 1484 1675 1523 τῶν
1705 1482 1847 1523 ἐθνῶν

352 1611 395 1647 16
420 1611 500 1657 περὶ
525 1615 596 1647 τῶν
619 1611 659 1646 ἐκ
685 1612 917 1657 Καρχηδόνος
939 1612 1139 1656 ζ’]Ιγαρηνῶν
1165 1611 1227 1647 ΟΕ

423 1740 441 1774 1
469 1740 773 1786 συγκροτηθείσης
800 1740 835 1774 D
933 1740 956 1774 4
982 1740 1030 1779 ὡς
1052 1739 1197 1785 AEwp,
1225 1742 1273 1774 ὅτι
1303 1740 1334 1776 O
1433 1740 1466 1775 5.
1485 1742 1506 1775 6
1532 1742 1552 1775 ὁ
1572 1742 1653 1786 βασ.
1679 1755 1707 1775 τ.
1732 1740 1847 1786 ἀρχὴν

422 1788 518 1833 Ewp
675 1787 697 1822 6
723 1788 918 1832 στυπειώτη
945 1787 1020 1832 BC,
1048 1799 1084 1822 V.
1113 1787 1227 1823 Cedr.
1255 1787 1444 1833 (Scylitz.)
1471 1788 1509 1822 II
1536 1799 1572 1833 p.
1599 1788 1679 1832 217,
1708 1788 1752 1823 19

422 1836 443 1871 7
467 1835 610 1870 πλείονα
627 1835 658 1869 Β
757 1835 1038 1880 κατωρθωκέναι
1058 1835 1090 1870 R
1117 1836 1171 1877 (in
1191 1835 1220 1871 C
1244 1846 1344 1871 corr.
1364 1846 1414 1870 ex
1440 1835 1604 1879 κατορθ.)
1631 1833 1697 1879 Di,
1724 1849 1847 1880 κατορ-

421 1883 578 1918 θωκέναι
605 1881 758 1928 ABSwp
887 1884 908 1918 8
935 1883 986 1918 ὧν
1012 1883 1114 1918 οὐδὲν
1140 1882 1240 1928 η’ἶῗχει
1268 1883 1315 1927 D,
1344 1882 1447 1919 οὐδὲν
1473 1883 1524 1918 ὧν
1549 1882 1649 1928 ηὔχει
1676 1883 1845 1929 Rwap

470 1930 714 1975 κατώρθωσεν
741 1931 839 1976 pr
976 1931 1020 1965 12
1045 1931 1084 1965 δὲ
1109 1929 1286 1976 stpDa·
1415 1931 1460 1965 13
1485 1930 1525 1965 τὰ
1549 1930 1717 1976 Βννρῦί,
1744 1936 1786 1976 τῆ
1811 1930 1846 1966 Α

422 1978 467 2013 14
492 1984 648 2013 τοιοῦτον
674 1978 703 2014 C
840 1978 912 2023 εἶχε
939 1978 1048 2024 pr,
1077 1979 1158 2023 ἔσχε
1182 1978 1229 2022 Α,
1257 1990 1293 2013 v.
1321 1978 1573 2013 Hultsehium
1598 1977 1675 2013 Die
1701 1979 1844 2014 erzc'c'hl.

419 2025 543 2071 Zeitf.
571 2029 644 2061 cet.
670 2026 800 2061 XXIV
826 2026 848 2061 5
864 2037 914 2061 ss.
1040 2026 1179 2061 13-15
1205 2025 1245 2061 τὰ
1268 2025 1332 2070 μὲν
1359 2053 1366 2061 .
1394 2053 1401 2060 .
1428 2026 1507 2070 ἔσχε
1533 2025 1590 2060 τὸν
1615 2027 1753 2070 τρόπον,
1775 2040 1846 2071 χει-

419 2075 534 2118 ρόνως
551 2073 590 2109 δὲ
607 2073 773 2108 διέκειντο
792 2073 831 2109 τὰ
850 2073 1001 2118 ἑσπέρια]
1029 2074 1087 2109 De
1107 2074 1282 2108 chiasmo
1302 2085 1338 2108 V.
1356 2073 1407 2108 ad
1422 2073 1518 2107 ΧῙΠ
1534 2073 1566 2118 2,
1582 2074 1604 2108 G
1703 2074 1747 2108 17
1764 2074 1845 2109 ὑπό-

420 2135 515 2166 φορα
541 2120 662 2165 ARW‚
687 2122 880 2166 ὕπόφθορα
906 2121 949 2165 B,
974 2122 1150 2166 ὑπόφοροι
1178 2121 1224 2167 Ρ*
1391 2122 1446 2156 17.
1476 2122 1519 2156 18
1544 2126 1603 2166 τῆς
1629 2126 1690 2156 τοῦ
1713 2121 1845 2167 μιχαὴλ

419 2169 596 2215 βασιλείας
623 2167 654 2204 O
754 2170 808 2204 18.
836 2181 873 2215 p.
899 2169 980 2214 425,
1009 2170 1026 2204 1
1053 2170 1192 2204 πλείονα
1218 2183 1246 2204 τ.
1273 2169 1390 2204 ἐθνῶν
1416 2168 1447 2203 O

348 2298 458 2333 illum
484 2298 625 2333 eduxit
651 2299 799 2344 copias,
839 2299 1131 2342 commissaque
1171 2308 1311 2343 pugna
1346 2298 1479 2332 hostes
1506 2298 1545 2331 in
1572 2299 1714 2341 fugam
1739 2297 1846 2331 versi

348 2346 525 2380 maxima
551 2356 603 2381 ex
625 2354 739 2391 parte
766 2346 927 2389 cadunt,
955 2346 1122 2391 ipseque
1148 2355 1305 2380 ameras
1332 2345 1551 2390 iugulatur,
1579 2345 1719 2389 paucis
1745 2344 1846 2389 fuga

291 2393 333 2427 11
349 2393 507 2438 elapsis.
558 2392 638 2429 Sed
664 2393 748 2428 dux
775 2403 826 2429 ex
854 2393 1009 2428 invidia
1035 2393 1203 2437 delatus,
1243 2392 1363 2438 quod,
1402 2402 1491 2427 cum
1518 2393 1645 2437 ipsam
1674 2391 1844 2426 Tarsum

291 2440 335 2475 12
350 2450 496 2486 capere
522 2441 728 2486 potuisset,
756 2441 959 2484 noluisset,
986 2450 1060 2476 rex
1085 2441 1296 2485 imperium
1322 2440 1377 2474 illi
1405 2440 1635 2484 ademptum
1662 2438 1845 2484 Styppio-

349 2490 414 2523 tae
446 2488 569 2524 tradit
607 2491 646 2523 et
672 2488 787 2523 Tarsi
820 2488 1023 2523 excidium
1056 2487 1257 2533 pollicenti
1296 2491 1334 2522 et
1361 2487 1439 2522 alia
1465 2487 1590 2521 inulta
1615 2486 1845 2521 iuveniliter

291 2535 336 2570 13
349 2536 533 2580 iactanti;
560 2536 629 2581 qui
646 2536 750 2571 adeo
768 2535 865 2570 nihil
896 2545 1046 2580 eorum,
1074 2545 1180 2580 quae
1208 2534 1472 2580 gloriabatur,
1500 2534 1642 2576 effecit,
1661 2537 1706 2568 ut
1724 2534 1844 2569 etiam

349 2586 433 2619 tum
458 2593 509 2618 ex
536 2583 799 2629 negligentia,
837 2586 921 2618 tum
948 2584 1088 2618 castris
1113 2582 1411 2618 inconsiderate
1445 2582 1583 2627 positis
1622 2582 1662 2615 in
1689 2581 1843 2616 cladem

291 2630 335 2665 14
348 2630 555 2666 incideret.
603 2630 706 2666 Nam
723 2631 888 2666 barbari
906 2631 992 2666 eius
1013 2633 1155 2675 castra,
1179 2631 1222 2664 in
1242 2630 1389 2674 quibus
1407 2629 1536 2664 nullas
1555 2629 1623 2672 agi
1649 2629 1844 2664 excubias

349 2681 586 2724 cognorant,
613 2681 737 2714 noctu
763 2678 948 2724 aggressi
974 2678 1119 2713 multos
1146 2677 1331 2720 caedunt,
1363 2677 1434 2712 sed
1460 2676 1595 2722 plures
1614 2687 1637 2711 a
1664 2686 1752 2711 sese
1779 2677 1843 2711 ob-

291 2725 335 2760 15
350 2726 430 2760 triti
449 2726 666 2771 perierunt,
693 2726 831 2771 itaque
849 2726 1079 2771 superiores
1098 2725 1212 2760 fuere
1229 2723 1422 2770 Agareni.
1474 2724 1528 2759 Eo
1555 2734 1688 2759 rerum
1717 2724 1844 2759 orien-

349 2773 488 2808 talium
515 2776 634 2818 statu,
661 2773 848 2808 occidens
872 2773 987 2818 peius
1012 2773 1132 2808 etiam
1158 2782 1200 2808 se
1228 2772 1414 2807 habebat.

292 2820 335 2855 16
468 2819 569 2855 Nam
607 2820 740 2865 Italia,
780 2830 885 2866 quae
922 2820 1113 2855 Romanis
1150 2819 1317 2865 regibus
1356 2819 1543 2864 parebat,
1590 2822 1629 2854 ct
1666 2819 1842 2853 maxima

349 2866 508 2903 Siciliae
534 2878 628 2914 pars
655 2872 694 2903 et
721 2868 868 2904 multae
886 2870 1031 2914 gentes
1048 2867 1152 2903 aliae
1177 2867 1253 2903 sub
1271 2877 1369 2912 rege
1387 2866 1580 2902 Michaele
1606 2866 1843 2902 tributariae
