2054 3282
530 275 724 318 BASILII
748 276 930 319 MORES.
979 275 1385 320 ALLELENGYVM.
1635 278 1705 319 561

333 401 439 444 Εἶτα
483 403 542 450 εἷς
581 402 657 458 τὴν
694 404 1016 446 Κωνσταντίνου
1058 403 1306 446 ἐπανελθὼν
1348 403 1592 459 ἐδογμάτισε
1633 402 1707 451 τὰς
1720 407 1767 444 18

210 473 298 513 τῶν
340 471 625 513 ἀπολωλότων
666 475 871 514 ταπεινῶν
914 471 1143 519 συντελείας
1184 472 1499 527 εἰσπράττεσθαι
1537 472 1584 514 ἔκ
1621 475 1707 514 τῶν

213 539 422 581 δυνατῶν·
453 542 574 581 τοῦτο
606 537 644 581 δ’
668 540 828 595 ἐκλήθη
858 540 1148 595 ἀλληλέγγυον.
1209 539 1380 582 πολλῶν
1411 540 1456 582 δὲ
1486 540 1580 595 περὶ
1610 541 1705 582 τού-
1722 544 1766 580 19

211 623 286 649 του
323 608 563 662 δεηθέντων
599 608 670 650 καὶ
706 609 835 650 αὐτοῦ
871 612 945 650 τοῦ
975 609 1236 664 πατριάρχου
1266 608 1460 663 Σεργίου,
1503 608 1566 655 ὡς
1596 610 1649 650 ἂν
1678 609 1705 664 ἡ

176 678 200 714 5
213 675 360 722 ἄδικος
395 677 498 731 αὕτη
531 676 714 731 σχολάσῃ
729 677 817 734 Υκαὶ
846 677 1089 732 παράλογος
1118 678 1340 731 εἴσπραξις,
1377 676 1431 732 ἦν
1461 677 1487 718 ὁ
1516 676 1708 731 βασιλεὺς

214 743 522 798 ἀμετάπειστος.
578 747 641 798 τῷ
660 744 805 799 χρόνῳ
827 744 907 799 γὰρ
928 745 999 787 καὶ
1019 749 1107 792 ταῖς
1126 746 1259 792 νίκαις
1279 745 1477 787 ἁπάντων
1497 761 1704 800 κατεπαρ-
1719 749 1768 785 20

213 811 304 858 θεὶς
324 811 602 866 ὑπεροπτικὸς
621 812 730 867 πρὸς
749 814 907 859 πάντας
931 812 1141 855 ἐδείκνυτο
1172 813 1244 855 καὶ
1276 815 1355 855 οῦκ
1387 814 1544 855 εὐνοεῖν
1575 814 1704 868 αὐτῷ,

54 880 113 920 Π
130 883 201 919 120
212 881 438 935 φοβεῖσθαι
465 878 502 921 δ’
526 881 719 935 ἐβούλετο
739 880 786 922 τὸ
807 881 1012 935 ὑπήκοον,
1044 881 1116 922 καὶ
1135 881 1182 922 τό
1203 897 1244 925 τε
1266 881 1558 935 στρατιωτικὸν
1587 881 1635 922 τό
1665 897 1707 923 τε

210 948 422 990 πολιτικὸν
434 949 486 990 οὐ
498 947 607 1003 πρὸς
619 948 666 990 τὸ
679 953 893 1004 κρατῆσαν
908 949 1023 1003 ἔθος,
1041 950 1066 990 ὓ
1083 948 1154 991 καὶ
1169 949 1303 1004 νόμον
1321 949 1460 991 δοκεῖν
1476 953 1560 996 τοῖς
1575 965 1705 1004 νομο-

152 1022 199 1059 10
211 1016 352 1063 θέταις
367 1017 636 1070 τεθέσπισται,
661 1017 858 1071 διεξάγειν
874 1017 1036 1072 ἤθελεν,
1059 1017 1161 1059 ἀλλὰ
1177 1017 1286 1071 πρὸς
1301 1017 1375 1072 τὴν
1397 1018 1552 1059 οἰκείαν
1573 1018 1707 1072 κρίσιν

211 1084 282 1127 καὶ
312 1084 359 1126 τὸ
390 1085 557 1140 θέλημα
589 1086 752 1127 ἑαυτοῦ.
817 1085 882 1127 διὸ
913 1086 1014 1127 οὐδὲ
1043 1089 1130 1127 τῶν
1149 1086 1303 1140 λογίων
1324 1086 1495 1140 ἀνδρῶν
1517 1086 1704 1140 ἔπεστρέ-
1718 1089 1762 1125 21
1780 1088 1979 1126 Ρ11225Α

210 1169 326 1208 (peto,
362 1152 465 1195 ἀλλὰ
496 1153 567 1195 καὶ
597 1153 694 1199 τοὺς
723 1153 877 1208 λόγους
906 1155 1036 1208 ἥγητο
1065 1154 1253 1208 περιττόν
1282 1170 1317 1195 τι
1347 1158 1490 1208 χρῆμα
1522 1153 1593 1195 καὶ
1625 1155 1705 1195 οὐκ

210 1222 432 1277 ὀνήσιμον·
466 1222 569 1264 ὅθεν
599 1222 758 1276 ἄνδρας
789 1222 1099 1277 ἀπολεξάμενος
1129 1224 1267 1277 ἑαυτῷ
1289 1223 1383 1264 οὔτε
1402 1227 1464 1276 τῷ
1485 1223 1589 1276 γένει
1611 1223 1705 1264 οὔτε
1718 1226 1765 1262 22

209 1290 350 1345 μέντοι
381 1291 426 1332 ἔν
455 1290 570 1345 λόγῳ
600 1290 647 1331 τὸ
678 1289 883 1345 ἐπίσημον
914 1292 1085 1346 ἔχοντας
1115 1291 1286 1337 ἐκείνοις
1315 1291 1388 1337 τάς
1411 1307 1453 1331 τε
1472 1290 1706 1346 βασιλείους

151 1364 197 1402 15
211 1358 426 1405 ἐπιστολὰς
457 1359 673 1413 ἐνεχείρισε
703 1359 774 1400 καὶ
803 1359 1014 1400 ἐκοινώνει
1035 1363 1122 1400 τῶν
1141 1359 1455 1414 βουλευμάτων,
1487 1358 1558 1400 καὶ
1579 1358 1705 1405 αὐτὸς

211 1427 382 1473 ἐκείνοις
412 1427 582 1482 ἀφελῶς
612 1427 685 1473 τὰς
715 1426 884 1481 γραφὰς
914 1427 976 1473 ὡς
1007 1428 1147 1482 ἔτυχεν
1176 1426 1447 1482 ὗπηγόρευεν.
1509 1426 1612 1468 ἀλλὰ
1634 1427 1704 1469 καὶ
1718 1431 1764 1466 23

209 1499 294 1542 τοῖς
322 1495 504 1550 ταμείοις
535 1495 789 1550 ἀποφράξας
818 1495 892 1541 τὰς
923 1495 1137 1544 διεξόδους
1167 1496 1398 1550 χρημάτων
1418 1498 1544 1536 ταῦτα
1565 1495 1703 1550 πλήρη

209 1563 428 1619 πεποίηκε·
465 1563 569 1619 φασὶ
600 1567 703 1618 γοῦν
734 1563 777 1610 ἒς
807 1564 935 1606 εἴκοσι
965 1563 1176 1619 μυριάδας
1205 1563 1418 1605 ταλάντων
1447 1566 1608 1618 χρυσοῦ
1639 1563 1704 1604 ἐν·

212 1702 231 1738 1
258 1702 314 1738 οἷα
339 1701 418 1747 (ὅσα
435 1702 480 1744 Ε)
504 1702 526 1738 ὅ
548 1701 710 1748 βασιλεὺς
733 1701 958 1748 ἐδογμάτισεν
974 1703 995 1737 δ
1012 1702 1194 1741 Βασίλειος
1210 1702 1270 1738 καὶ
1296 1703 1331 1744 (ὀ
1353 1702 1466 1749 βασίλ.
1485 1702 1546 1738 καὶ
1569 1713 1644 1738 om.
1662 1701 1705 1743 C)

211 1749 284 1788 οἷος
309 1749 402 1792 (hoc
427 1750 553 1785 verbo
580 1759 731 1785 novum
756 1750 897 1796 incipit
922 1753 1205 1796 argumentum
1234 1750 1277 1793 C)
1305 1750 1349 1796 ἦν
1374 1751 1395 1784 ό
1415 1751 1580 1797 βασιλεὺς
1605 1751 1706 1789 οὗτος

211 1798 247 1839 (ὅ
267 1798 347 1844 βασ.
373 1797 474 1837 οὗτος
501 1807 576 1833 om.
596 1797 642 1840 E)
667 1797 705 1833 τὸ
729 1797 820 1843 ἦθος
844 1797 904 1832 καὶ
929 1797 1000 1836 οἷος
1026 1797 1069 1843 ἦν
1093 1798 1172 1843 περὶ
1197 1798 1238 1834 τὰ
1261 1800 1353 1842 (om.
1377 1797 1421 1843 C)
1445 1799 1620 1844 χρήματα,
1646 1798 1706 1833 καὶ

211 1846 276 1880 ὅσα
300 1847 427 1891 συνῆξε
451 1845 511 1880 καὶ
535 1845 769 1891 ἒθησαύρισεν
795 1844 859 1881 ΟΕ

258 2004 261 2007 .
286 1972 304 2007 1
332 1972 634 2008 ›cunctantius-E
722 1971 925 2008 ἐπανελθὼν
939 1971 1107 2019 prDi,
1133 1971 1293 2009 ἐπελθὼν
1307 1971 1340 2008 A
1430 1973 1452 2009 5
1477 1973 1521 2019 ἦν
1539 1972 1706 2020 prDi,

284 2021 328 2067 ἢν
352 2018 388 2056 Α
521 2020 543 2056 6
567 2019 812 2065 ἀμετάπειστος
839 2019 1006 2066 prDl'‚
1033 2019 1271 2065 dpterdncssoroc
1297 2019 1395 2065 ΑΗΕ)
1533 2025 1628 2057 ante
1656 2027 1706 2066 τῷ

285 2068 377 2104 add.
403 2068 464 2104 καὶ
489 2067 520 2102 Β
667 2069 708 2103 ll
736 2068 843 2103 αὐτοῦ
869 2067 900 2103 Β
1047 2068 1091 2103 14
1114 2068 1229 2113 μέντοι
1258 2078 1333 2103 om.
1360 2068 1392 2103 O
1535 2069 1649 2114 λόγοις
1675 2070 1707 2103 (⁷)

287 2116 331 2151 16
355 2116 499 2200 ἀᾳὲἰλὲἰῶς
514 2118 606 2200 post}2
620 2115 760 2161 γραφὰς
774 2114 854 2159 OD,
882 2126 958 2151 om.
972 2115 1003 2151 B
1103 2116 1146 2152 17
1170 2115 1287 2161 πλήρη
1306 2120 1410 2151 ταῦτα
1428 2115 1458 2152 C
1557 2117 1601 2151 18
1623 2130 1708 2161 χρυ-

284 2168 348 2200 σοῦ
373 2178 391 2198 τ
458 2177 550 2199 nant

332 2282 531 2319 Postbaec
557 2281 709 2330 cpolim
736 2292 926 2318 reversus
953 2282 1133 2318 decrevit
1158 2282 1353 2318 tributum
1373 2292 1611 2328 pauperum,
1638 2281 1705 2327 qni
1723 2284 1769 2321 18

214 2331 438 2377 periissent,
465 2341 490 2366 a
515 2330 783 2377 locupletibus
808 2330 1056 2376 exigendum
1083 2340 1181 2374 esso,
1208 2330 1317 2375 quod
1343 2330 1613 2375 allelengyum
1643 2340 1708 2365 vo—

215 2383 349 2414 catum
376 2382 447 2415 est.
499 2378 580 2414 Etsi
607 2382 742 2414 autem
773 2378 884 2414 multi
911 2381 1034 2423 atque
1070 2378 1155 2424 ipse
1188 2377 1417 2423 patriarcha
1443 2376 1611 2423 Sergius
1644 2377 1708 2412 ‹le-
1723 2379 1771 2416 19

216 2426 499 2472 precabantur,
531 2429 577 2461 ut
603 2426 742 2471 iniqua
769 2426 835 2461 illa
861 2428 899 2461 et
926 2425 1110 2461 inaudita
1135 2426 1294 2461 exactio
1322 2424 1540 2468 tolleretur,
1574 2431 1707 2460 tamen

214 2483 288 2510 rex
321 2484 346 2509 a
379 2484 451 2520 pro
483 2474 585 2509 osito
619 2484 701 2509 non
735 2473 962 2509 recedebat.
1013 2471 1112 2508 Nam
1148 2476 1330 2518 tompore
1360 2482 1408 2507 ac
1441 2475 1500 2507 tot
1531 2472 1770 2511 victoriis20

215 2521 345 2558 elatus
370 2522 459 2557 lnso
476 2526 607 2557 entem
634 2531 677 2557 se
704 2521 901 2556 adversus
927 2530 1065 2555 omnes
1091 2520 1315 2566 praebebat
1340 2530 1388 2555 ac
1414 2520 1606 2555 subiectis
1632 2521 1708 2555 sor-

215 2568 414 2604 midabilis
440 2579 561 2614 quam
588 2578 707 2604 carus
732 2578 821 2604 osae
840 2567 1015 2603 malebat
1032 2578 1166 2613 neque
1184 2568 1294 2603 cives
1312 2577 1446 2613 neque
1468 2567 1610 2602 milites
1636 2577 1708 2613 pro

214 2620 380 2663 recepta
406 2616 711 2660 consuetudine,
739 2626 860 2661 quam
887 2619 927 2651 et
952 2614 987 2650 le
1020 2625 1087 2651 um
1107 2614 1254 2651 latores
1273 2625 1344 2661 pro
1364 2614 1455 2660 lego
1482 2613 1708 2650 habendam

216 2673 304 2699 esse
331 2665 711 2710 pronuntiaverunt,
737 2663 808 2698 sed
835 2673 909 2698 suo
936 2663 976 2698 iu
1010 2663 1084 2698 icio
1112 2666 1152 2698 et
1177 2662 1376 2698 arbitratu
1403 2666 1578 2697 tractare
1605 2661 1710 2698 vole—

217 2711 297 2747 bat,
339 2711 538 2753 Quocirca
557 2710 704 2747 nullam
725 2712 904 2746 virorum
924 2709 1132 2745 doctorum
1153 2710 1348 2746 rationem
1370 2709 1545 2745 babebat
1568 2710 1710 2755 ipsam-
1723 2710 1769 2748 21

219 2768 299 2804 que
317 2758 540 2794 doctrinam
560 2769 642 2794 rem
669 2768 1016 2804 supervacaneam
1037 2761 1076 2793 et
1094 2757 1273 2793 inutilem
1290 2756 1515 2801 iudicabam
1541 2757 1709 2803 proinde
1723 2758 1772 2795 22

218 2805 315 2842 viris
342 2815 475 2852 neque
500 2815 653 2852 genere
679 2816 812 2851 neque
838 2805 1065 2840 eruditione
1093 2805 1210 2840 claris
1236 2814 1373 2840 curam
1401 2804 1606 2840 tribuebat
1632 2806 1710 2851 opi·

217 2853 412 2890 stularum
440 2854 645 2899 regiarum
671 2858 794 2899 atque
821 2862 911 2888 cum
938 2853 985 2887 iis
1012 2852 1178 2888 consilia
1198 2851 1533 2896 communicabat,
1564 2853 1711 2899 qulbus

218 2901 304 2947 ipso
324 2900 477 2937 litteras
494 2901 726 2947 slmpliciter
744 2901 936 2945 nullaque
956 2910 1044 2935 cum
1065 2910 1163 2935 cura
1181 2899 1371 2936 dictabat.
1410 2898 1490 2935 Sed
1514 2904 1554 2935 et
1573 2901 1710 2935 liscum
1724 2900 1772 2938 23

219 2948 434 2985 obstructis
473 2948 628 2985 foribus
663 2950 835 2995 pecunia
872 2949 1043 2992 ιϊίίϊείις
1086 2949 1213 2983 fertur
1247 2947 1350 2983 enim
1387 2946 1562 2982 ducenta
1603 2947 1711 2983 milia

292 3018 449 3049 Ζοκανοο
468 3018 621 3056 Epitome
641 3018 703 3049 111.
1459 3006 1506 3042 36
