2054 3282
593 282 795 329 ROMANI
818 286 854 326 A
880 280 1142 327 BVLGARIS
1167 277 1465 324 FVGANTVR.
1705 278 1775 320 317

275 427 412 470 στησε·
455 414 527 457 καὶ
558 415 583 457 ὁ
613 412 806 469 βασιλεὺς
840 411 914 459 τὰς
938 409 1180 466 Ῥωμαϊκὰς
1211 408 1407 463 δυνάμεις
1436 407 1647 449 πάντοθεν
1677 421 1775 447 συν·
1789 408 1812 444 5

275 484 483 538 αθροίσας
525 483 583 529 εἷς
619 481 796 536 Θρᾴκην
839 479 965 527 αὖθις
1008 479 1172 534 ἐξῆλθε,
1217 477 1503 530 συνεπομένης
1546 475 1663 529 αὐτῷ
1706 473 1777 516 καὶ

275 557 349 607 τῆς
373 551 617 606 Αὐγούστας
638 551 734 605 ἄχρι
755 554 841 591 τῶν
863 548 1087 590 Κιὸόκτου.
1149 547 1253 589 ὅθεν
1283 546 1544 600 ὂυσχερᾶναν
1573 543 1620 585 τὸ
1652 558 1775 597 στρα-
1790 546 1813 582 6

277 619 467 663 τιωτικὸν
510 619 756 673 ἐλοιδορεῖτο
798 623 860 672 τῷ
903 617 1191 671 αὐτοκράτορι.
1253 614 1336 658 εἶτα
1374 615 1400 669 ἦ
1437 613 1516 668 μὲν
1555 612 1776 667 Αὖγούστα
1791 615 1812 650 7

242 694 265 730 5
279 688 597 743 ἐπανελήλυθεν,
642 687 667 728 ὁ
699 686 745 728 δὲ
776 685 950 740 Μχαὴλ
980 685 1212 740 περιεπόλει
1242 683 1316 739 τὴν
1352 681 1541 737 Θρᾴκην,
1579 681 1714 736 μηδέν
1744 696 1779 721 τι

30 800 41 805 ,
278 757 474 811 πράττων
494 754 766 810 στρατηγικὸν
797 755 824 809 ἤ
854 770 890 795 τι
920 753 1026 795 κατὰ
1059 758 1144 795 τῶν
1175 753 1372 794 ἐναντίων
1403 749 1778 805 οἷκονομούμενος·
1794 751 1823 789 C

4 839 16 858 1
69 831 106 868 D
125 831 183 868 III
196 831 267 869 378
279 825 351 867 καὶ
381 823 488 880 ἦσαν
518 828 603 870 τοῖς
633 828 706 879 τῆς
736 824 886 878 χώρας
917 823 1129 877 οἰκήτορσι
1159 821 1208 863 τὰ
1240 820 1524 875 στρατεύματα
1558 819 1637 874 οὐχ
1658 816 1816 873 ἦττονὸ

25 887 35 894 ᾗ
279 898 365 935 τῶν
394 892 630 948 βαρβάρων
661 893 718 938 εἰς
747 891 982 945 προνομήν.
1044 890 1115 932 καὶ
1138 890 1162 930 ὁ
1185 891 1391 943 Κροῦμος
1419 888 1465 942 δὲ
1494 893 1581 929 τῶν
1612 886 1815 928 οἷκείων9

281 962 448 1016 ἀπάρας
478 961 604 1016 ἠθῶν
635 965 723 1006 ταῖς
753 959 983 1015 βασιλικαῖς
1003 957 1494 1013 παρεστρατοπεδεύσατο
1515 955 1779 1010 παρατάξεσι.

222 1036 269 1071 10
278 1031 420 1085 μάχης
451 1028 527 1071 οὖν
558 1028 915 1083 συγκροτηθείσης
954 1028 1154 1082 ἡττῶνται
1180 1025 1392 1080 Ῥωμαῖοι,
1436 1028 1510 1066 τοῦ
1548 1026 1779 1078 στρατηγοῦ
1795 1028 1841 1063 10

279 1102 365 1140 τῶν
407 1097 667 1139 ἀνατολικῶν
705 1097 889 1143 Λέοντος
926 1099 1001 1138 τοῦ
1039 1096 1084 1144 ἐξ
1114 1086 1347 1149 Ἀρμενίων
1383 1093 1513 1134 αι’τίου
1550 1097 1623 1147 τῆς
1659 1093 1781 1146 ἥττης

281 1167 568 1222 γεγενημένου.
630 1164 754 1212 οὗτος
798 1165 878 1220 γὰρ
922 1169 995 1220 τῆς
1037 1163 1245 1219 βασιλείας
1287 1163 1400 1216 ἐρῶν
1442 1161 1514 1203 καὶ
1555 1159 1664 1214 πρὸς
1706 1159 1780 1215 τὴν
1796 1165 1838 1200 11

281 1234 472 1289 στρατιὰν
505 1234 742 1289 διαβάλλων
771 1233 844 1275 τὸν
865 1232 1038 1288 ,Μιχαὴλ
1069 1232 1131 1279 ὡς
1162 1230 1372 1285 ἄνανδρόν
1402 1246 1444 1272 τε
1474 1229 1545 1271 καὶ
1577 1229 1779 1283 ἀστρατή-

282 1319 420 1358 γητον,
452 1303 542 1356 ἄρτι
569 1306 643 1344 τοῦ
663 1303 852 1357 πολέμου
875 1301 1247 1356 συγκροτηθέντος,
1279 1299 1329 1341 τὰ
1350 1298 1422 1340 ὑπ’
1445 1297 1573 1340 αὐτὸν
1592 1297 1780 1351 τάγματα

225 1375 269 1411 15
283 1372 460 1414 ἕπεσθαί
488 1372 528 1413 οἷ
558 1370 908 1425 ἐγκελευσάμενος
938 1369 1261 1423 λειποτακτήσας
1292 1366 1415 1422 ἀπῄει
1446 1366 1598 1421 φυγάς.
1659 1369 1781 1406 τοῦτο
1797 1372 1841 1407 12

283 1441 355 1483 καὶ
385 1439 482 1486 τοὺς
511 1440 663 1486 ἄλλους
694 1440 866 1493 ἔτρεψεν
904 1439 962 1484 εἰς
998 1438 1152 1492 φυγήν,
1196 1436 1304 1478 ὥστε
1334 1435 1406 1477 τὸν
1436 1434 1643 1489 Κροῦμον
1672 1433 1783 1488 μηδὲ

282 1509 483 1551 πιστεύειν
520 1512 582 1562 τῷ
625 1508 831 1562 γινομένῳ
876 1506 942 1548 διὰ
986 1505 1032 1547 τὸ
1076 1505 1166 1546 λίαν
1208 1503 1465 1558 παράλογον,
1510 1501 1612 1543 ἀλλὰ
1655 1501 1783 1556 λόχον
1800 1509 1832 1545 D

284 1663 331 1698 10
354 1662 439 1709 ἧττα
464 1666 535 1698 τῶν
552 1661 771 1707 Βσυλγάρων
796 1660 1031 1702 ἐπελθόντων,
1058 1658 1258 1705 ἡττήθησαν
1283 1658 1320 1693 οἱ
1333 1657 1503 1702 Ῥωμαῖοι
1529 1655 1698 1703 ἐπιβουλῇ
1722 1660 1783 1692 τοῦ

279 1710 459 1756 Ἀρμενίου
486 1710 668 1755 (ἁρμενίου
695 1709 739 1751 C)
764 1709 915 1747 Λέοντος
942 1707 970 1744 C

357 1854 390 1890 2.
416 1854 439 1890 3
464 1853 525 1890 καὶ
551 1859 611 1900 τῆς
636 1853 830 1899 αὐγούστας
863 1851 1071 1897 (αὐγούστης
1098 1850 1209 1897 Ewp)
1243 1850 1326 1896 ἄχρι
1360 1853 1431 1884 τῶν
1462 1848 1632 1884 κιόόκτου
1663 1847 1783 1894 (κηδό-

357 1916 444 1938 κτου
471 1903 578 1948 Ewp‚
606 1913 641 1937 v.
663 1900 733 1936 XV
751 1900 885 1945 23,17)
912 1900 1058 1945 AEwp,
1084 1899 1166 1944 ἄχρι
1193 1903 1264 1933 τῶν
1289 1899 1460 1933 κιδόκτου
1485 1900 1629 1938 (mutat
1655 1896 1695 1931 in
1721 1910 1784 1941 κη-

357 1951 487 1985 ὁόκτου
496 1949 541 1993 Β)
555 1950 614 1984 καὶ
630 1954 688 1995 τῆς
695 1948 887 1993 αὐγούστης
897 1948 928 1983 Ο
1002 1947 1025 1982 3
1039 1947 1269 1982 Ἆκεόούκτου
1285 1947 1347 1980 vel
1364 1945 1592 1980 Ἁκιδούκτου
1603 1944 1783 1990 Theoph.

360 1998 373 2033 l
404 2009 440 2044 p.
466 1997 547 2042 500,
577 1998 620 2033 16
717 1997 931 2041 δυςχεράναν
957 1994 1085 2040 CEwp
1182 1994 1205 2028 4
1230 1994 1403 2038 αὕγουστα
1430 1990 1648 2038 lssssswpDi,
1676 2002 1711 2026 v.
1731 1991 1784 2026 ad

358 2045 452 2081 XIH
481 2046 538 2089 22³,
555 2044 601 2082 27
698 2045 720 2078 G
745 2043 936 2088 στρατηγὸν
959 2044 963 2086 Ι
988 2043 1029 2085 Ε,
1055 2042 1303 2086 στρατιωτικὸν
1327 2041 1356 2077 C
1453 2054 1483 2075 τι
1511 2038 1680 2086 ῙίΝρΠὶ,
1708 2050 1783 2074 0111.

360 2092 407 2136 I),
434 2094 467 2127 τί
490 2092 557 2127 ΑΕ
670 2093 692 2126 9
718 2092 833 2132 τάξεσι
862 2089 1020 2137 prDi
1145 2091 1198 2125 ll.
1228 2089 1270 2124 12
1296 2089 1408 2124 αἰτίου
1434 2093 1494 2133 τῆς
1519 2089 1624 2133 ἥττης
1649 2101 1784 2133 γεγενη-

358 2143 465 2186 μένου
483 2141 618 2179 λέοντος
636 2145 696 2175 τοῦ
713 2139 752 2181 ἐξ
768 2139 947 2184 ἁρμενίων
971 2138 1164 2183 (ἀρμενίων
1183 2140 1232 2179 w)
1260 2137 1385 2182 Ew(p)
1484 2136 1524 2170 13
1550 2137 1711 2179 στρατιάν
1738 2134 1784 2180 p*

361 2189 496 2223 invitis
522 2187 630 2223 ARW
745 2186 800 2222 14.
830 2186 873 2221 15
899 2185 1052 2231 τάγματά
1077 2186 1113 2221 οἱ
1135 2186 1281 2220 ἕπεσθαι
1310 2184 1339 2219 Β
1463 2183 1506 2219 15
1531 2183 1785 2228 λιποτακτήσας

360 2234 427 2281 Di,
454 2246 492 2271 v.
519 2235 571 2270 ad
597 2234 688 2271 XVI
718 2235 772 2279 16,
798 2234 846 2270 32
945 2233 987 2269 17
1012 2233 1129 2279 λόχον]
1155 2234 1258 2278 λόγον
1286 2231 1326 2277 B,
1353 2232 1480 2277 λόγχον
1507 2231 1537 2266 Ε

287 2398 374 2424 rum
402 2388 558 2424 amissis
584 2388 765 2432 recessim
793 2392 832 2423 et
858 2397 928 2422 rex
950 2386 1140 2422 Romanis
1167 2386 1293 2432 copiis
1318 2385 1500 2431 undique
1526 2383 1727 2420 arcessitis
1746 2384 1822 2421 inb

287 2436 500 2472 Thraciam
528 2445 668 2471 rursus
694 2436 805 2478 abiit,
830 2434 1020 2480 Augusta
1039 2443 1202 2479 quoquo
1220 2434 1271 2468 ad
1291 2433 1500 2470 Cidoctuiu
1519 2442 1650 2478 usque
1669 2431 1786 2466 comi-

288 2489 410 2519 tante.
461 2483 578 2526 Quod
617 2483 761 2519 milites
799 2493 924 2528 aegre.
957 2484 1132 2517 ferentes
1166 2481 1398 2527 imperatori
1439 2479 1823 2516 conviciabantur.6

289 2531 444 2567 Deinde
462 2531 650 2577 Augusta
669 2531 830 2566 domum
851 2530 980 2572 rediit,
1000 2529 1168 2564 Miclmzsl
1187 2539 1285 2565 voro
1304 2528 1516 2564 Thraciam
1537 2528 1635 2563 obiit
1653 2536 1787 2572 neque
1801 2529 1822 2564 7

288 2580 503 2624 quiequam
531 2579 634 2614 duce
662 2578 828 2624 dignum
857 2583 928 2614 aut
956 2577 1137 2612 nostibus
1164 2577 1432 2622 perniciosum
1461 2576 1556 2621 egit,
1592 2575 1823 2620 legiones—8

289 2636 368 2672 que
387 2626 655 2672 provinciales
678 2637 757 2662 non
778 2626 910 2661 minus
938 2625 1253 2671 praedabantur,
1279 2634 1399 2669 quam
1427 2623 1603 2658 barbari.
1642 2621 1721 2657 Sed
1748 2625 1823 2659 et9

289 2673 460 2710 crunnus
498 2673 661 2709 sedibus
699 2673 849 2709 relictis
886 2676 1019 2708 castra
1059 2682 1184 2718 prope
1224 2672 1427 2707 exercitus
1466 2672 1602 2716 regios
1642 2670 1786 2715 posuit,

289 2722 582 2767 commisnaque
600 2731 749 2804 Kugna
775 2720 943 2756 Romani
972 2720 1066 2755 victi
1093 2724 1187 2755 sunt
1216 2719 1330 2755 ducis
1357 2718 1618 2754 Orientalium
1652 2718 1786 2763 eopia·
1803 2720 1848 2756 10

289 2779 376 2805 rum
415 2768 562 2805 Leonis
638 2769 776 2804 rmenii
817 2769 948 2814 culpa,
986 2768 1053 2812 qui
1087 2767 1203 2812 regni
1237 2766 1521 2812 cupidissimus
1553 2765 1845 2803 Mielinissleinll

289 2816 399 2863 apud
426 2817 648 2852 exercitum
676 2817 788 2851 initio
808 2826 972 2862 pugnae
991 2819 1036 2851 ut
1055 2815 1326 2850 effeminatum
1347 2818 1386 2849 et
1405 2815 1460 2850 rei
1483 2814 1649 2849 bellicae
1668 2814 1786 2859 inipe-

291 2865 409 2900 ritum
436 2864 706 2900 calumniatus
733 2874 828 2899 suas
854 2864 1035 2909 legiones
1061 2873 1104 2898 se
1130 2862 1245 2908 sequi
1272 2862 1384 2897 iussit
1412 2861 1663 2908 desertisque
1685 2862 1788 2897 ordi-

290 2912 411 2949 nibus
438 2913 576 2959 fugam
604 2912 721 2959 cepit.
759 2911 873 2955 Quae
902 2921 966 2947 res
994 2914 1150 2947 ceteros
1177 2919 1340 2956 quoque
1363 2910 1400 2945 in
1422 2911 1562 2956 sugam
1583 2910 1702 2945 vertit
1721 2909 1849 2954 ita,12

290 2963 335 2998 ut
361 2958 531 2997 erumna
558 2960 683 3007 fugae
709 2959 764 2997 illi
791 2958 995 2997 absurdae
1030 2958 1108 2995 fide
1140 2967 1220 2995 non
1256 2957 1393 2994 habita
1425 2968 1520 2995 suos
1553 2958 1788 3006 contineret,
