1968 3302
515 234 717 277 IVLIANI
743 232 1028 276 EXPEDITIO
1058 230 1288 275 PERSICA.
1606 231 1653 274 65

154 361 305 408 νυκτὸς
334 365 384 416 τῇ
416 360 567 416 Δάφνῃ
600 361 670 403 καὶ
701 360 773 404 τὸν
803 359 908 403 ναὸν
943 359 1015 402 καὶ
1051 359 1098 402 τὸ
1135 360 1303 415 ἄγαλμα
1343 360 1655 415 ἆπετέφρωσεν.

27 482 40 486 ‚,
156 430 318 486 οἰηθεὶς
349 429 428 474 οὖν
459 430 504 479 ἐξ
535 430 758 485 ἐπιβουλῆς
789 432 1036 485 χριστιανῶν
1068 429 1262 483 γενέσθαι
1294 428 1366 471 τὸν
1407 428 1660 484 ἐμπρησμὸν
1673 432 1721 468 43

6 485 35 540 ἦ
157 500 182 541 ὁ
213 499 408 554 ἀλάστωρ
441 499 600 545 ἐκεῖνος
637 499 710 540 καὶ
755 498 950 553 ἐκμανεὶς
992 497 1065 544 τὰς
1107 500 1194 540 τῶν
1237 501 1396 540 πιστῶν
1440 497 1663 552 ἐκκλησίας

6 550 30 595 3*
157 568 406 610 ἀπέκλεισεν.
467 564 538 609 ὑπ’
572 568 702 618 αὐτοῦ
741 567 812 609 καὶ
849 567 874 609 ὁ
909 567 1043 621 μέγας
1074 566 1291 621 Ἀρτέμιος
1333 567 1546 622 ἐκολάσθη
1584 566 1663 621 μὲν
1675 569 1722 605 44

6 642 39 694 5„
120 642 142 678 5
157 637 219 684 ὡς
249 637 493 692 χριστιανός,
526 637 729 691 ἐπήνεκτο
763 636 808 677 δὲ
840 637 958 690 αὐτῷ
985 636 1010 677 ὁ
1030 639 1106 678 τοῦ
1127 635 1296 678 Γάλλου
1319 636 1454 691 φόνος
1478 634 1660 691 αἰτίαμα,

7 703 31 744 ἶ
156 706 227 748 καὶ
258 707 300 748 οῖ
328 706 604 761 πρεσβύτεροι
636 704 839 759 Εὐγένιος
869 705 941 746 καὶ
971 704 1203 759 Μακάριος
1233 704 1319 746 ὑπὸ
1349 705 1500 746 τούτου
1533 703 1661 746 κολα-

157 775 325 821 σθέντες
360 777 446 816 τῶν
481 777 756 828 μαρτυρικῶν
794 774 1014 828 στεφάνων
1051 774 1391 828 κατηξιώθησαν,
1439 773 1510 815 καὶ
1542 773 1584 815 οἱ
1615 773 1662 814 ἐκ

156 842 370 898 Περσίδος
414 842 524 897 πρὸς
570 841 698 884 αὐτὸν
744 842 956 888 σταλέντες
1000 841 1224 897 πρεσβείας
1269 842 1391 897 χάριν
1438 842 1662 897 Μανουήλ,

157 911 299 967 Σαβὲλ
330 912 401 954 καὶ
426 911 598 966 Ἰσμαὴλ
627 911 698 952 καὶ
729 910 878 952 πολλοὶ
909 910 1036 959 ἄλλοι.
1678 914 1726 950 W
1743 913 1860 949 111⁶.)ss

99 984 144 1020 10
275 980 544 1034 Στρατεύσας
576 979 622 1021 δὲ
653 979 760 1021 κατὰ
792 978 979 1033 ῙΙερσῶν
1009 979 1219 1034 πρότερον
1249 980 1328 1034 μὲν
1363 980 1564 1035 εὐτύχησε
1594 979 1666 1021 καὶ
1681 977 1736 1020 13

156 1049 296 1096 πόλεις
333 1049 414 1091 εἷλέ
449 1065 561 1095 τινας
604 1049 675 1090 καὶ
718 1047 903 1094 πολλοὺς
950 1048 1081 1089 ἀνεῖλε
1124 1048 1196 1090 καὶ
1238 1048 1349 1095 λείας
1393 1049 1552 1103 πολλῆς
1594 1048 1710 1090 nale

159 1118 443 1173 αἰχμαλώτων
474 1118 678 1172 ἐκράτησε
705 1117 777 1159 καὶ
801 1118 1081 1172 Κτησιφῶντα
1105 1117 1352 1171 ἐπολιόρκει.
1406 1115 1474 1159 εἶτ’
1498 1117 1700 1171 ἀθρόον2

0 1188 27 1226 ι’,
158 1190 245 1228 τῶν
274 1187 537 1241 πραγμάτων
575 1187 692 1240 αὐτῷ
730 1187 787 1232 εἰς
822 1185 870 1227 τό
907 1190 1049 1240 χεῖρον
1086 1187 1424 1240 περιτραπέντων
1460 1186 1587 1232 αὐτός
1623 1202 1665 1227 τε

4 1262 146 1314 ,111214
158 1255 230 1297 καὶ
260 1256 334 1297 τοῦ
366 1255 674 1309 στρατεύματος
705 1254 751 1296 τὸ
782 1255 909 1296 πλέον
941 1254 1147 1296 ἀπώλετο.
1203 1255 1246 1299 οἱ
1267 1254 1347 1309 γὰρ
1369 1254 1534 1309 Πέρσαι
1556 1255 1700 1296 ἀπο-3

0 1318 1 1324 ¹
99 1335 144 1371 15
159 1324 323 1379 γνόντες
353 1324 424 1366 καὶ
463 1325 520 1370 εἰς
558 1324 741 1378 ὄλεθρον
781 1322 956 1369 ἑαυτοὺς
993 1323 1187 1364 εἰσωθεῖν
1225 1327 1428 1378 προφανῆ
1467 1323 1662 1378 ἐβουλεύ-

159 1409 269 1448 οντο,
317 1394 381 1435 ἵνα
413 1409 447 1434 τι
479 1393 817 1447 κατεργάσωνται
847 1391 945 1438 τοὺς
972 1390 1209 1446 Ῥωμαίους
1242 1392 1386 1433 δεινόν.
1451 1391 1530 1433 δύο
1562 1395 1698 1446 γοῦν4

159 1462 203 1503 ἐν
246 1462 425 1517 σχήματι
468 1461 718 1516 αὐτομόλων
761 1466 823 1515 τῷ
866 1460 1029 1515 βασιλεῖ
1066 1461 1392 1515 προσερρύησαν
1434 1460 1505 1501 καὶ
1544 1459 1663 1515 νίκην

158 1531 276 1585 αὐτῷ
307 1530 412 1572 κατὰ
442 1529 639 1585 Περσῶν,
671 1530 709 1571 εἰ
726 1530 865 1571 ἕποιτο
887 1530 1039 1577 αὐτοῖς,
1072 1529 1382 1583 ἐπηγγέλλοντο.
1436 1530 1553 1571 ἐᾶσαι
1582 1529 1697 1583 γάρῖ)

159 1650 181 1684 9
204 1649 284 1694 περὶ
310 1653 381 1684 τῶν
405 1649 516 1694 ἁγίων
537 1648 714 1693 Ἀρτεμιόυ
740 1647 800 1683 καὶ
827 1647 998 1693 Εὐγενιόυ
1024 1647 1084 1682 καὶ
1111 1648 1306 1693 Μακαρίου
1332 1647 1360 1684 C

223 1756 246 1791 4
273 1756 312 1791 δὲ
335 1756 427 1792 add.
454 1760 548 1791 ante
574 1756 634 1791 καὶ
661 1756 691 1791 Ε
821 1756 843 1791 5
868 1756 1010 1800 αἰτίαμα
1035 1756 1055 1790 ό
1080 1770 1107 1790 τ.
1134 1770 1164 1800 γ.
1193 1756 1302 1801 φόνος
1329 1755 1427 1801 pr
1551 1756 1658 1801 γάλου

226 1804 273 1848 Ι),
301 1815 403 1840 corr.
430 1803 511 1848 Dw,
537 1808 583 1839 ut
609 1803 704 1838 XIII
732 1803 788 1848 12,
814 1803 861 1839 ‘26
959 1804 981 1838 6
1006 1803 1142 1842 τούτοις
1167 1803 1216 1848 D,
1245 1814 1347 1839 corr.
1374 1802 1443 1841 Dw
1550 1804 1658 1839 κολα-

224 1851 378 1898 σθέντες]
405 1852 652 1897 ἐκολάσθησαν
676 1851 737 1887 καὶ
763 1852 794 1886 Ε
922 1852 944 1886 9
969 1851 1067 1886 ἄλλοι
1094 1851 1222 1886 πολλοί
1243 1851 1275 1886 Ε
1410 1852 1457 1887 10
1481 1851 1659 1897 ηὐτύχησε

0 1909 31 1942 ,εεῑι
224 1899 354 1947 EpDi,
381 1911 418 1935 v.
447 1900 499 1935 ad
526 1899 623 1935 XIII
651 1899 705 1944 10,
726 1900 772 1934 10
797 1903 837 1935 et
862 1898 954 1935 XVI
979 1900 1012 1942 6,
1038 1899 1092 1935 17.
1145 1899 1214 1934 Est
1239 1900 1366 1945 igitur
1391 1903 1657 1946 augmentum

0 1951 18 1983 ‚¹-
226 1948 456 1992 verborum,
484 1957 657 1993 quorum
684 1948 928 1994 principium
955 1951 1016 1983 est
1041 1961 1091 1991 ευ,
1118 1947 1239 1982 modo
1266 1961 1317 1991 ευ,
1344 1947 1464 1983 modo
1491 1961 1550 1993 ηυ.

225 1996 270 2032 13
295 1995 346 2041 τὸ]
377 1996 435 2031 τὸν
461 1995 491 2032 C
589 1999 684 2031 ante
709 1995 812 2035 αὐτὸς
838 1995 930 2031 add.
954 1995 960 2040 Ι
981 1995 1042 2030 καὶ
1068 1995 1099 2030 Ε
1216 1994 1261 2029 15
1287 2000 1457 2041 προφανῆ
1480 1996 1658 2031 συνωθεῖν

225 2043 270 2089 R,
294 2049 473 2090 περιφανῆ
498 2044 675 2079 συνωθεῖν
700 2043 802 2089 pr
1021 2043 1066 2078 16
1092 2048 1162 2082 τοῖς
1188 2043 1360 2088 ῥωμαιόις
1386 2042 1434 2088 D,
1461 2053 1563 2079 corr.
1587 2043 1656 2082 Dw

273 2092 350 2127 δύω
373 2091 508 2138 wap
631 2091 676 2127 18
701 2091 818 2131 αὐτοῖς
842 2101 918 2127 om.
945 2090 976 2126 Β

15 1462 31 1482 '⁶¹

7 1500 30 1549 ῖ,

6 1547 34 1607 n}

9 1608 34 1660 ’ἔτ

8 1659 30 1684 ²2»

0 1807 11 1841 >1

0 1325 4 1414 ἑ

154 2203 195 2236 et
232 2202 367 2235 statua
406 2198 540 2235 deleta
578 2202 683 2235 sunt.
745 2198 873 2235 Batus
906 2199 1033 2244 igitur
1067 2208 1118 2234 ex
1155 2198 1310 2234 insidiis
1337 2198 1657 2235 Christianorum
1670 2198 1718 2234 43

155 2248 307 2283 factum
336 2257 424 2283 esse
450 2247 682 2283 incendium
705 2246 824 2283 homo
850 2247 917 2282 ille
943 2246 1135 2292 pestilens
1164 2250 1203 2282 et
1229 2247 1368 2282 furore
1384 2247 1658 2283 inflammatus

154 2295 332 2331 fidelium
359 2295 551 2331 ecclesias
578 2294 732 2330 clausit.
782 2293 845 2330 Ab
873 2305 921 2330 eo
949 2298 988 2330 et
1013 2304 1189 2340 magnus
1217 2293 1422 2330 Artemius
1458 2295 1656 2341 supplicio
1670 2294 1717 2330 44

155 2343 325 2379 affectus
353 2346 424 2384 est.
450 2353 540 2378 cum
568 2343 604 2378 ei
632 2341 736 2378 Galli
763 2341 910 2378 caedes
937 2342 1092 2377 crimini
1112 2346 1218 2378 esset
1237 2341 1344 2386 data,
1372 2346 1412 2378 et
1429 2343 1657 2389 presbyteri

156 2390 365 2436 Eugenius
392 2394 432 2427 et
456 2390 657 2426 Macarius
683 2390 735 2425 ab
762 2400 810 2426 eo
843 2390 1040 2436 supplicio
1073 2389 1207 2425 affecti
1240 2393 1464 2435 martyrum
1498 2391 1658 2427 coronis

156 2438 313 2484 dignati
349 2442 444 2474 sunt
477 2449 553 2474 nec
587 2449 669 2473 non
705 2438 829 2484 legati
863 2448 913 2474 ex
941 2437 1108 2473 Perside
1141 2437 1193 2472 ad
1229 2447 1321 2473 eum
1347 2438 1456 2474 missi
1483 2438 1658 2482 ManueI,

156 2484 287 2531 Sabel,
315 2485 468 2531 Ismael,
495 2486 562 2521 alii
587 2486 713 2522 multi.

277 2534 333 2570 13.
383 2533 654 2580 Expeditione
680 2536 821 2570 contra
841 2533 986 2569 Persas
1006 2533 1114 2569 facta
1133 2533 1247 2568 initio
1267 2533 1430 2578 quidem
1449 2543 1533 2569 rem
1554 2533 1657 2569 bene

8 2582 23 2625 'l‘
157 2582 284 2628 gessit
309 2585 349 2617 et
373 2582 546 2617 urbibus
573 2582 820 2628 expugnatis
847 2581 1062 2625 nonnullis,
1095 2581 1229 2616 multis
1256 2581 1490 2626 interfectis,
1522 2581 1657 2617 multis

13 2628 26 2652 Ξ
158 2630 286 2676 captis
325 2639 557 2676 magnaque
597 2629 750 2675 praeda
789 2634 906 2675 parta
940 2629 1240 2675 Ctesiphontem
1280 2628 1501 2664 obsidebat.
1553 2629 1693 2665 Tum2

6 2676 18 2698 '2³
157 2677 280 2712 rebus
325 2677 459 2713 subito
505 2677 608 2713 male
653 2677 906 2713 vertentibus
954 2677 1039 2722 ipse
1078 2680 1117 2712 et
1154 2677 1282 2712 maior
1319 2687 1414 2722 pars
1453 2678 1657 2713 exercitus

158 2725 271 2771 perit.
323 2724 423 2761 Nam
450 2724 600 2760 Persae
640 2725 802 2770 quidem
838 2725 1055 2771 desperata
1089 2724 1220 2759 salute
1252 2724 1292 2758 in
1326 2725 1457 2770 ipsum
1491 2726 1692 2760 munim-3

157 2776 260 2808 stum
289 2773 493 2808 interitum
520 2773 676 2808 irruere
703 2773 967 2817 destinarant,
1006 2777 1050 2807 ut
1077 2771 1233 2807 cladem
1259 2772 1436 2818 aliquam
1463 2772 1655 2808 Romanis

157 2821 362 2856 inferrent.
427 2819 569 2866 ltaque
614 2820 695 2856 duo
741 2831 813 2866 pro
854 2821 1077 2865 transfugis
1117 2819 1169 2854 ad
1209 2829 1347 2865 regem
1389 2822 1690 2856 accurrerunt4

157 2868 276 2914 eique
303 2867 518 2904 Persarum
546 2869 767 2913 victoriam,
794 2869 826 2903 si
854 2878 897 2903 se
924 2872 1174 2913 sequeretur,
1202 2867 1508 2913 pollicebantur.
1553 2867 1652 2905 Nam
1669 2869 1691 2902 ἴ)

0 2910 30 2965 Ξ
158 2916 303 2951 omisso
337 2916 461 2952 fluvio
497 2918 536 2952 et
568 2916 798 2952 triremibus
833 2917 1058 2961 ceterisque
1094 2916 1269 2950 navibus
1307 2917 1515 2959 onerariis,
1554 2926 1655 2962 quas

230 2986 386 3015 zonarae
406 2987 558 3022 epitome
577 2986 639 3016 111.
1418 2976 1440 3012 5

22 2271 27 2284 ,„
0 2157 31 2251 *²³21ss
0 2130 20 2142 i·
0 2011 31 2118 :32:251
7 1974 29 1997 ι».
0 1938 28 1959 J
