2054 3282
381 250 386 256 ”
443 248 674 289 CVTLVMI
699 248 968 290 DEFECTIO.
1018 247 1255 289 MEDICVM
1285 247 1508 288 BELLVM.
1652 249 1723 288 637

227 375 312 415 τῶν
356 373 524 415 οἰκείων
566 373 784 428 ἀπέβαλεν,
828 374 919 429 ἥλω
959 357 1004 416 δ’ι
1030 374 1166 421 αὐτός.
1227 373 1252 415 ὁ
1286 377 1389 428 γοῦν
1419 372 1722 428 Κουτλουμοὺς
1737 377 1782 412 18
1807 377 1838 412 Β

227 441 336 495 πρὸς
360 442 431 484 τὸν
460 443 769 496 Ταγγρολίπικα
802 443 1050 485 ἐπανελθὼν
1079 442 1128 484 τὰ
1159 442 1254 496 περὶ
1283 446 1357 484 τοῦ
1388 441 1494 484 κατὰ
1525 441 1600 496 τὴν
1621 441 1721 497 1117]-

229 510 321 551 δίαν
364 511 540 565 διηγεῖτο
581 511 771 565 πολέμου
814 511 886 552 καὶ
925 515 997 566 τῆς
1033 512 1181 567 χώρας
1217 511 1382 566 ἔξύμνει
1410 510 1458 552 τὸ
1487 511 1722 566 πάμφορον

227 578 299 620 καὶ
327 579 562 633 προσετίθει
593 579 805 621 εὐάλωτον
836 579 936 621 εἶναι
964 580 1128 635 ταύτην,
1159 579 1275 634 παρὰ
1298 583 1510 634 γυναικῶν
1530 594 1720 633 καρπου-

189 653 213 688 ῦ
225 648 370 702 μένην,
408 647 520 688 οὕτω
552 647 697 689 καλῶν
726 647 824 694 τοὺς
853 649 1175 702 μαχεσαμένους
1205 649 1334 703 αὐτῷ.
1398 648 1422 690 ὁ
1454 648 1501 690 δὲ
1534 647 1720 702 Ταγγρο-
1738 653 1782 688 19

225 714 334 763 λίπιξ
364 715 481 769 αὐτῷ
509 715 588 769 μὲν
620 715 686 757 dcii
717 715 792 770 τὴν
829 715 953 771 ἧτταν
991 717 1152 771 ἕμηνία,
1198 717 1356 763 ἐκεῖνος
1399 717 1446 758 δὲ
1487 716 1594 758 κατὰ
1636 720 1723 758 τῶν

216 783 417 837 Ἀράβων
448 783 611 838 ἐχώρει.
673 784 744 825 καὶ
765 785 790 826 ὁ
813 785 1115 839 Κουτλουμοὺς
1141 786 1279 832 δείσας
1309 786 1472 840 ἀπέδρα
1503 785 1606 840 μετὰ
1637 789 1723 827 τῶν
1735 791 1783 826 20

226 852 302 894 σὺν
333 853 450 907 αὐτῷ
480 852 551 894 καὶ
582 853 628 894 τὸ
650 853 807 907 Πασάρ
841 853 976 909 (πόλις
1008 852 1045 896 δ’
1079 855 1160 896 ἐστὶ
1190 858 1276 896 τῶν
1296 854 1564 908 Χορασμίων
1592 853 1719 908 τουτί)

227 921 453 976 κατασχὼν
494 921 711 976 ἀφίσταται
753 926 827 964 τοῦ
871 923 1048 964 σουλτάν
1094 922 1223 977 (οὕτω
1264 923 1343 978 γὰρ
1383 923 1408 964 ὁ
1447 922 1724 977 Ταγγρολίπιξ

171 998 216 1035 10
228 989 469 1045 ὠνόμαστο)
502 990 574 1031 καὶ
604 990 670 1032 ἐπὶ
699 991 809 1033 πολὺ
837 991 946 1046 πρὸς
976 991 1047 1033 τὸν
1077 992 1196 1034 ’θεῖον
1217 992 1531 1034 ἀντικαθίστατο
1552 990 1722 1045 πολιορ-

226 1063 381 1101 κοῦντα
403 1059 542 1107 αὐτόν,
574 1059 642 1101 διὰ
669 1059 714 1101 δὲ
745 1059 820 1114 τὴν
849 1065 922 1115 τῆς
951 1060 1117 1107 πόλεως
1148 1060 1379 1115 ὀχυρότητα
1410 1059 1544 1114 μηδὲν
1575 1059 1722 1101 ἀνύσαι

7 1182 10 1186 ’
227 1127 471 1182 δυνάμενον.
532 1128 603 1170 καὶ
634 1128 658 1170 ὁ
688 1128 767 1183 μὲν
798 1128 975 1170 σουλτάν
1003 1133 1052 1184 τῇ
1073 1129 1294 1183 πολιορκίᾳ
1315 1132 1388 1170 τοῦ
1410 1127 1568 1182 Πασὰρ
1588 1143 1720 1182 προσ-
1735 1134 1780 1169 21

5 1191 12 1258 A*
28 1208 42 1233 Ι
71 1202 124 1239 IV
143 1204 212 1239 172
225 1196 448 1251 ησχόλητο·
481 1196 630 1239 στέλλει
660 1196 705 1238 δὲ
726 1197 831 1239 κατὰ
854 1197 1027 1252 Μηδίας
1046 1197 1172 1239 Ἀσὰν
1193 1196 1268 1238 σὺν
1289 1197 1511 1251 ἀξιομάχῳ
1533 1197 1720 1251 δυνάμει.
1737 1202 1766 1239 C

225 1264 250 1305 ὁ
282 1265 328 1307 δὲ
356 1265 615 1320 προσβαλὼν
644 1270 694 1321 τῇ
725 1266 848 1321 χώρᾳ
879 1266 950 1307 καὶ
981 1266 1190 1320 συμμίξας
1214 1265 1450 1320 Ῥωμαίοις,
1481 1265 1614 1306 πίπτει
1643 1264 1722 1318 μὲν
1735 1271 1782 1307 22

166 1342 211 1376 15
225 1333 363 1387 αὐτός,
407 1334 570 1389 ἡττᾶται
614 1335 660 1376 δὲ
697 1334 744 1377 τὸ
783 1334 859 1376 σὺν
897 1335 1015 1390 αὐτῷ
1053 1334 1346 1390 στρατιωτικὸν
1382 1334 1453 1376 καὶ
1482 1334 1722 1389 βραχίστων

224 1403 320 1456 ἄτερ
356 1402 403 1443 τὸ
440 1403 553 1444 ἅπαν
592 1403 826 1445 ἀπόλλυται.
889 1405 913 1446 ὃ
942 1404 1104 1458 μαθὼν
1135 1405 1159 1446 ὁ
1191 1403 1368 1446 σουλτάν
1404 1403 1601 1458 ἠθύμησε
1630 1404 1721 1458 μέν,
1735 1409 1781 1445 23

225 1471 500 1527 ἐπαναλαβεῖν
531 1472 569 1514 δ’
597 1471 722 1519 αὖθις
743 1473 916 1514 ἔσπευδε
937 1473 983 1514 τὸ
1007 1473 1251 1528 δυστύχημα
1274 1473 1345 1514 καὶ
1364 1471 1482 1526 Ἀλὶμ
1502 1471 1721 1527 Ἀβραμίῳ

299 1602 331 1637 1.
344 1601 367 1638 2
391 1601 595 1638 ἐπανελθὼν
611 1602 674 1638 οὖν
691 1603 712 1638 ὅ
727 1602 967 1647 κουτλουμοὺς
983 1602 1072 1648 πρὸς
1090 1602 1148 1638 τὸν
1165 1603 1414 1648 ταγγρολίπικα
1436 1601 1501 1638 ΒΟ
1598 1601 1621 1637 2
1646 1616 1722 1648 ταγ-

298 1650 494 1695 κρολόπικα
520 1649 566 1694 Λ,
595 1651 848 1696 ταγκρολίπικα
874 1651 982 1696 Ewp‚
1009 1651 1259 1696 ταγγρολιῖπικα
1285 1649 1376 1686 ODi
1508 1650 1531 1685 3
1557 1651 1721 1695 διηγεῖται

298 1696 433 1743 DEwp
531 1698 564 1733 5.
591 1698 613 1733 9
639 1699 859 1744 ταγγρολίπιξ
883 1698 964 1743 AR,
991 1699 1217 1744 ταγκρολίπιξ
1242 1709 1304 1744 wp
1403 1699 1424 1734 7
1451 1697 1668 1743 κοτλουμοὺς
1691 1698 1722 1732 E

297 1746 320 1780 8
345 1745 462 1790 πάσαρ
487 1744 623 1791 Apr
651 1745 767 1782 Cedr.
794 1747 816 1781 Ι.
836 1758 867 1782 c.
896 1757 932 1792 p.
946 1747 1027 1791 572,
1042 1746 1075 1781 2.
1097 1747 1131 1790 8,
1155 1746 1272 1791 πασὰρ
1299 1745 1431 1790 BCDi,
1460 1757 1496 1781 v.
1525 1746 1577 1781 ad
1603 1756 1662 1781 vs.
1679 1746 1723 1780 12

345 1794 563 1838 χωρασμίων
588 1793 736 1840 DEwp,
762 1805 799 1829 v.
827 1794 880 1829 ad
902 1794 1012 1830 XVII
1031 1794 1088 1832 25.
1106 1794 1129 1828 3
1227 1798 1322 1830 ante
1347 1794 1439 1828 τουτὶ
1466 1793 1722 1840 distinguunt

297 1839 467 1899 AwpDz',
495 1845 585 1887 post
602 1842 694 1876 τουτὶ
713 1841 914 1878 B⁸CB·W
1008 1843 1053 1877 10
1077 1842 1262 1878 ἀνθίστατο
1278 1842 1313 1877 D
1410 1842 1451 1876 11
1478 1841 1582 1876 αὐτόν
1601 1851 1677 1876 om.
1692 1840 1721 1876 C

345 1890 384 1924 δε
413 1899 487 1924 0111.
516 1888 544 1925 C
641 1889 763 1925 ἀνῦσαι
791 1889 826 1924 D
929 1889 971 1924 12
996 1889 1144 1925 σουλτὰν
1170 1888 1339 1935 prDi,
1365 1890 1512 1924 σουλτᾶν
1537 1889 1584 1933 Α,
1612 1900 1649 1924 v.
1669 1889 1721 1923 ad

298 1935 408 1971 XVII
434 1936 491 1980 25,
517 1936 574 1972 37.
601 1937 658 1972 38.
683 1936 740 1972 42.
779 1937 910 1972 XVIII
939 1938 994 1981 11,
1022 1938 1077 1973 10.
1106 1937 1160 1982 12,
1186 1937 1243 1972 21.
1273 1938 1326 1981 13,
1356 1937 1410 1972 19.
1439 1937 1494 1979 14,
1521 1938 1553 1972 6.
1580 1937 1637 1980 27,
1667 1937 1720 1980 16,

299 1984 448 2029 quibus
474 1984 571 2020 loeis
598 1988 758 2031 praeter
785 1985 1120 2021 consuetudinem
1147 1984 1182 2020 A
1208 1986 1335 2020 utitur
1362 1986 1491 2020 forma
1517 1985 1665 2019 σουλτᾶν

343 2031 459 2076 πασὰρ
474 2031 623 2078 Apr,
636 2033 750 2068 πασὰν
765 2031 800 2067 D
901 2033 945 2068 13
961 2032 1049 2068 ἀσὰν
1063 2032 1171 2068 ARW
1186 2033 1301 2068 Cedr.
1316 2033 1339 2067 l.
1354 2043 1386 2068 c.
1403 2043 1439 2078 p.
1455 2032 1535 2077 572,
1553 2032 1609 2075 13,
1622 2033 1722 2068 Ασαν

299 2090 335 2125 ρ,
354 2080 457 2115 Ἄσαν
471 2077 528 2114 Di
618 2080 661 2115 14
677 2080 847 2125 ῥωμαιόις
862 2079 1030 2127 prDi,
1049 2081 1229 2125 ρωμαίους
1243 2080 1277 2115 Λ
1371 2080 1415 2115 15
1433 2079 1548 2125 αὐτός]
1563 2080 1670 2115 αὐτοῦ
1685 2079 1720 2114 D

300 2128 344 2163 16
368 2131 436 2162 πᾶν
462 2126 618 2174 EwpDz'
783 2128 825 2164 17
851 2127 932 2173 ἀλὶμ
959 2127 1099 2173 Rtz',
1125 2128 1208 2173 ἅλὶμ
1234 2128 1280 2172 A,
1306 2128 1406 2173 ἀλεὶμ
1433 2127 1468 2162 D
1496 2127 1611 2163 Cedr.
1639 2128 1660 2162 l.
1688 2138 1720 2163 c.

298 2185 334 2221 p.
351 2174 432 2218 575,
463 2175 517 2219 10,
545 2186 581 2210 v.
609 2175 660 2211 ad
688 2186 725 2222 p.
743 2176 824 2220 638,
842 2176 875 2211 9.
896 2176 940 2211 19
960 2181 1033 2211 cet.
1134 2176 1301 2222 ἀβραμίῳ
1320 2176 1387 2211 Ew
1414 2175 1530 2212 Cedr.
1557 2175 1579 2211 l.
1606 2186 1639 2211 c.
1654 2173 1720 2219 Di,

296 2223 462 2269 ἅβραμίω
487 2222 591 2259 ACD
618 2223 684 2268 (de
710 2222 741 2258 B
768 2223 864 2259 nihil
891 2223 1062 2263 constat)

227 2355 350 2396 γονεῖς
377 2351 447 2386 sed
474 2352 608 2387 inultis
626 2362 791 2388 suorum
819 2353 974 2388 amissis
1002 2353 1131 2388 victus
1158 2356 1197 2388 et
1221 2356 1362 2398 captus
1389 2356 1458 2388 est.
1510 2351 1781 2390 Cutlumus18

228 2403 362 2434 autem
398 2399 450 2434 ad
481 2399 808 2446 Tangrolipicem
845 2410 1045 2444 reversus,
1084 2400 1283 2435 Medicum
1318 2401 1514 2446 proelium
1549 2410 1721 2434 narrans

227 2447 316 2482 eius
333 2447 512 2493 reg-ionis
533 2448 776 2483 fertilitatem
799 2449 987 2491 celebrat,
1011 2459 1098 2483 eam
1113 2454 1354 2494 expugnatu
1370 2448 1527 2483 facilem
1543 2457 1630 2483 esse
1653 2447 1719 2482 ad-

228 2494 297 2539 dit,
316 2499 360 2530 ut
375 2504 456 2540 qua
469 2495 657 2531 mulieres
673 2496 923 2540 fruerentur3
941 2497 998 2531 sie
1013 2497 1118 2531 cuim
1134 2495 1365 2541 appellabat
1380 2506 1461 2538 eos,
1477 2496 1718 2541 quibuscum

229 2548 497 2588 pugnaverat.
549 2543 733 2579 Ceterum
754 2542 1019 2589 'l'angrolipix
1046 2544 1097 2578 illi
1122 2544 1172 2578 ob
1193 2543 1345 2578 cladem
1366 2547 1572 2589 acceptam
1592 2543 1720 2578 iratus
1736 2545 1780 2580 19

228 2590 314 2636 ipse
340 2593 481 2625 contra
500 2589 655 2626 Arabos
680 2592 958 2636 proficiscitur.
1009 2591 1219 2627 Cutlumus
1238 2596 1371 2626 autem
1399 2601 1490 2626 cum
1509 2592 1592 2626 suis
1610 2596 1719 2625 metu
1733 2593 1781 2628 20

228 2641 451 2673 commotus
489 2639 651 2684 aufugit
685 2643 723 2674 et
748 2638 911 2682 Pusam,
951 2638 1273 2674 Chorasmioruni
1310 2639 1422 2682 urbe,
1462 2642 1661 2684 occupata
1696 2647 1719 2672 a

228 2685 386 2721 “ultano
413 2686 485 2726 (sic
512 2686 617 2721 enim
644 2685 910 2732 Tangrolipix
938 2687 1235 2732 appellabatur)
1263 2686 1411 2721 defecit
1434 2690 1473 2722 et
1505 2692 1663 2732 patruo,
1696 2696 1720 2719 a

228 2742 308 2779 quo
328 2733 601 2777 obsidebatur,
628 2733 697 2769 diu
717 2735 869 2777 restitit,
890 2735 940 2769 ob
961 2735 1035 2769 loci
1054 2735 1315 2769 munitionem
1336 2736 1485 2769 frustra
1510 2734 1720 2770 laboranti.

228 2781 304 2823 Qui
322 2780 505 2816 sultanus
523 2791 571 2816 ea
587 2782 795 2817 obsidione
816 2786 1038 2828 occupatus
1056 2787 1196 2816 conti-n.
1215 2781 1385 2817 Mediam
1410 2782 1527 2817 mittit
1545 2782 1719 2817 Asaneni
1734 2783 1777 2819 21

228 2838 318 2863 cum
346 2829 460 2863 iustis
485 2830 622 2875 copiis.
673 2828 710 2863 Is
737 2830 887 2875 impetu
915 2830 954 2864 in
983 2830 1231 2875 provinciam
1252 2831 1358 2864 sacto
1385 2835 1425 2865 ot
1451 2830 1603 2875 proelio
1630 2840 1719 2865 cum
1734 2831 1781 2867 22

230 2875 419 2911 Romanis
445 2877 667 2920 commisso,
708 2878 792 2923 ipse
818 2877 936 2921 cadit,
974 2878 1120 2912 antinno
1149 2882 1309 2923 praeter
1341 2878 1604 2923 paucissimos
1636 2884 1720 2914 toto

229 2924 423 2959 exercitu.
474 2925 562 2967 Quo
593 2925 777 2960 sumanus
810 2927 972 2971 cognito
1000 2936 1097 2960 sune
1132 2927 1269 2971 doluit,
1308 2926 1377 2961 sed
1406 2927 1594 2961 danninum
1624 2926 1719 2962 illud
1733 2926 1780 2964 28
