2054 3282
369 286 438 323 608
716 286 897 324 ZONAR.
925 284 1055 322 EPIT.
1081 283 1192 322 XVII
1220 286 1275 331 18,
1302 286 1453 332 16-19,
1477 285 1511 323 4.

310 418 354 453 17
368 410 580 464 εὐμένειαν
612 409 932 464 ἒφελκύσωνται.
994 408 1096 450 ἀλλὰ
1130 408 1196 450 διὰ
1219 409 1479 463 γραμμάτων
1500 410 1617 464 αὐτῷ
1636 410 1710 465 τὴν
1730 412 1856 467 ὕπερ-

368 479 496 532 οψίαν
528 479 552 519 ὁ
583 477 774 533 βασιλεὺς
811 477 1124 532 προσωνείδισε,
1167 477 1240 531 τὴν
1282 477 1390 531 πρὸς
1433 479 1590 520 ἐκεῖνον
1627 480 1859 522 συνέλευσιν

308 554 354 590 18
366 547 615 601 εὐλαβηθεὶς
644 550 730 587 τῶν
759 546 939 593 πολλῶν,
971 546 1042 587 καὶ
1073 546 1308 600 κακοήθως
1340 546 1457 600 ἠξίου
1491 547 1726 601 ἀφίξεσθαι.
1788 549 1859 590 καὶ

366 616 390 657 ὁ
410 616 488 669 μὲν
509 617 586 670 ᾔει·
620 615 643 655 ὁ
677 614 721 656 δὲ
751 614 811 668 μὴ
845 615 1068 668 ἀναμείνας
1098 618 1171 655 τοῦ
1203 615 1322 655 θείου
1353 614 1427 669 τὴν
1458 615 1596 669 ἄφιξιν
1626 617 1858 670 πεπόρευτο

308 692 352 726 19
364 684 472 738 πρὸς
502 683 548 724 τὸ
580 684 781 735 θέατρον·
823 682 874 737 ἦν
908 682 988 736 γὰρ
1021 684 1157 737 ἡμέρα
1189 684 1328 729 ἵπποις
1359 684 1660 738 ἆμιλλητήριος.
1724 685 1786 731 ὡς
1818 685 1892 727 ‹5’5

365 752 506 793 ἐλθὼν
537 752 561 793 ὁ
592 752 708 798 θεῖος
740 752 818 805 οὐχ
849 749 945 805 εὗρε
975 751 1046 792 τὸν
1076 751 1358 806 βασιλεύοντα,
1392 752 1446 792 ἔτι
1477 758 1537 806 τῷ
1567 753 1700 807 θυμῷ
1727 754 1855 808 ὕπερ-

305 828 351 863 20
365 821 499 869 ζέσας,
534 820 595 866 ὡς
619 820 976 874 περιυβρισμένος,
1009 820 1196 861 ἐπάνεισι.
1258 820 1329 861 καὶ
1361 820 1384 861 ὁ
1415 820 1605 874 βασιλεὺς
1637 822 1753 876 αὐτῷ
1782 823 1856 878 τὴν

318 888 609 941 Βδυσμένειαν
652 889 708 933 εἷς
751 891 968 941 προῦπτον
1011 888 1233 942 ἓκρήγνυσι
1269 888 1340 929 καὶ
1379 889 1527 930 στέλλει
1560 894 1639 944 νῆα
1670 891 1856 932 κελεύων

363 957 480 1010 αὐτῷ
514 953 564 997 δι’
599 957 727 1011 αὐτῆς
757 957 882 1011 ἥξειν,
928 957 1105 998 δώσοντι
1147 956 1298 1011 λόγους
1335 962 1407 1012 τῆς
1444 958 1501 1003 εἰς
1539 959 1696 1000 ἐκεῖνον
1726 959 1853 1014 ὕπερ-

303 1034 346 1069 21
364 1025 507 1079 οψίας·
539 1025 611 1066 καὶ
632 1025 656 1066 ὁ
676 1025 754 1079 μὲν
785 1025 894 1066 ἔπλει
924 1024 1033 1079 πρὸς
1063 1024 1111 1065 τὰ
1143 1025 1340 1079 βασίλεια.
1403 1026 1427 1067 ὁ
1460 1026 1505 1067 δὲ
1529 1026 1720 1080 βασιλεὺς
1740 1028 1852 1070 ἅνω·
1869 1030 1914 1065 10

362 1094 439 1135 θεν
480 1094 546 1135 διά
583 1110 691 1140 τινος
728 1094 1010 1148 συνθήματος,
1055 1094 1079 1134 ὃ
1110 1097 1194 1139 τοῖς
1231 1094 1377 1147 ἄγουσι
1414 1094 1486 1135 τὸν
1511 1094 1712 1150 Ἰωάννην
1746 1112 1852 1151 προ-

362 1164 558 1216 έγνωστο,
593 1163 727 1216 ἐπέχει
747 1167 796 1217 τῇ
818 1162 884 1217 νηὶ
914 1162 988 1216 τὴν
1019 1163 1076 1208 εἷς
1106 1161 1154 1203 τὰ
1186 1163 1369 1217 βασίλεια
1399 1163 1603 1218 πάροδον,
1635 1165 1782 1206 αὐτίκα
1809 1166 1854 1207 δὲ

301 1240 348 1275 22
360 1232 531 1286 τριήρης
553 1232 789 1272 ἐπελθοῦσα
811 1231 1012 1285 λαμβάνει
1032 1234 1178 1272 τοῦτον
1209 1231 1280 1272 καὶ
1310 1231 1535 1286 ὑπερόριον
1564 1233 1710 1288 τίθησι.
1771 1250 1852 1276 τοι-

362 1300 498 1346 ούτοις
528 1300 737 1355 ἠμείψατο
768 1299 839 1340 τὸν
870 1300 1086 1354 εὐεργέτην
1118 1299 1142 1340 ὁ
1175 1297 1225 1340 δι’
1259 1301 1418 1342 ἐκείνου
1452 1301 1631 1355 Καῖσαρ,
1668 1301 1751 1343 εἶτα
1782 1303 1854 1344 καὶ

301 1378 348 1414 23
359 1368 551 1423 βασιλεὺς
582 1369 780 1422 γεγονώς.
843 1368 930 1409 ἐπεὶ
962 1365 998 1409 δ’
1029 1368 1186 1409 ἐκεῖνον
1218 1369 1264 1409 ἐκ
1295 1369 1428 1422 μέσου
1459 1370 1672 1424 πεποίηκε,
1703 1370 1853 1422 μέτεισι
1871 1373 1912 1408 15

359 1437 406 1478 τὸ
438 1437 630 1491 συγγενὲς
661 1437 731 1478 καὶ
762 1437 921 1491 ἄνδρας
959 1436 1053 1491 οὐχὶ
1089 1441 1138 1491 τῇ
1174 1441 1246 1491 τῆς
1282 1437 1453 1491 φύσεως
1488 1437 1598 1492 μόνῃ
1643 1438 1852 1494 δηλωτικῇ

360 1506 557 1560 σημασίᾳ,
592 1505 694 1546 ἀλλὰ
724 1505 795 1546 καὶ
824 1509 874 1560 τῇ
906 1505 1165 1559 σημαινούσῃ
1198 1504 1294 1551 τοὺς
1326 1506 1538 1560 γήμαντας
1569 1506 1639 1547 καὶ
1668 1506 1765 1552 τοὺς
1795 1507 1901 1553 εἰςΙ)
1920 1511 1974 1547 IV
1993 1510 2054 1546 152

360 1574 530 1628 ἀνδρῶν
551 1573 712 1628 ἡλικίαν
733 1574 957 1619 ἐλάσαντας
978 1574 1191 1628 ὑπηνήτας
1220 1574 1301 1628 ἤδη
1334 1574 1405 1615 καὶ
1434 1575 1600 1616 παίδων
1632 1575 1852 1629 γεγονότας

360 1703 405 1739 15
430 1704 481 1738 ὅτι
507 1702 586 1742 τοὺς
611 1704 763 1742 οἰκείους
788 1708 962 1749 συγγενεῖς
987 1704 1007 1738 ὁ
1031 1702 1179 1750 Μιχαὴλ
1203 1703 1491 1749 ἒξ<ευ>νούχισεν
1517 1703 1546 1740 C
1854 1691 1865 1735 ἑ

432 1835 451 1870 1
479 1838 570 1881 post
595 1835 762 1881 ε’φελκύσ.
790 1835 882 1870 add.
908 1834 968 1870 καὶ
993 1836 1013 1870 ὁ
1035 1835 1198 1881 βασιλεὺς
1223 1835 1285 1881 τὴν
1308 1834 1396 1880 πρὸς
1415 1835 1549 1870 ἐκεῖνον
1567 1836 1765 1871 συνέλευσιν
1782 1841 1852 1871 τῶν

429 1884 569 1918 πολλῶν
594 1884 636 1927 (τ.
661 1884 759 1918 πολλ.
787 1893 862 1918 om.
890 1883 934 1925 E)
960 1883 1167 1929 εὐλαβηθεὶς
1194 1883 1367 1928 BCEwp‚
1395 1895 1431 1918 v.
1451 1883 1503 1917 ad
1523 1884 1627 1918 vs.2.
1647 1884 1670 1918 3
1765 1883 1852 1919 ἀλλὰ

432 1941 507 1966 om.
533 1930 696 1976 BCEwp
830 1945 856 1965 τ.
883 1931 1081 1976 ὑπεροψίαν
1107 1932 1202 1966 αὐτῶ
1228 1930 1291 1966 BC
1428 1932 1460 1965 1.
1486 1931 1508 1965 2
1533 1932 1554 1965 ὁ
1575 1931 1736 1977 βασιλεὺς
1762 1936 1852 1977 post

429 1979 527 2023 αὐτῷ
545 1978 592 2022 D,
621 1989 695 2014 om.
715 1978 813 2024 pr
911 1978 944 2013 2.
960 1979 982 2013 3
1008 1978 1188 2024 τὴν-τῶν
1213 1979 1351 2013 πολλῶν
1379 1989 1454 2013 om.
1472 1978 1582 2024 pr‚
1610 1989 1646 2013 v.
1674 1979 1726 2014 ad
1753 1990 1810 2014 VS.
1831 1981 1850 2014 1

429 2028 452 2061 4
477 2026 564 2072 ἧκεν
590 2026 626 2060 D
723 2027 746 2061 8
770 2031 949 2071 προῦπτον
974 2025 1076 2071 RDi,
1101 2026 1281 2071 προῦπτον
1306 2025 1352 2070 A,
1378 2026 1556 2071 προῦπτον
1581 2026 1707 2072 Bswp‚
1734 2037 1771 2061 v.
1798 2027 1851 2062 ad

429 2074 541 2109 XVII
561 2074 615 2118 11,
634 2075 674 2108 11
774 2075 796 2109 9
822 2074 981 2109 δώσοντα
999 2074 1073 2119 BC,
1101 2075 1235 2109 δόσοντι
1250 2074 1284 2108 R
1382 2075 1428 2108 12
1452 2074 1576 2109 αὐτίκα
1602 2074 1641 2109 δὲ
1665 2074 1849 2120 ADEwp,

428 2123 489 2158 καὶ
506 2122 632 2157 αὐτίκα
645 2122 679 2157 R
777 2122 821 2156 13
838 2121 977 2166 τοιούτ.]
997 2123 1127 2161 τούτοις
1142 2122 1177 2156 D
1276 2122 1321 2156 14
1338 2121 1397 2166 δι’]
1413 2121 1444 2156 δ’
1461 2122 1497 2156 D
1595 2124 1723 2166 καίσαρ
1739 2121 1849 2168 pr,

1436 2171 1460 2215 β

429 2208 558 2252 καίσαρ
585 2217 637 2242 ex
662 2207 831 2251 καίσαρος
857 2210 986 2242 mutat
1010 2206 1057 2251 A,
1086 2217 1186 2242 corr.
1213 2204 1270 2240 Di
1376 2206 1419 2241 17
1445 2207 1493 2245 εἰς
1518 2184 1597 2244 τίδὺς
1623 2206 1709 2251 (sic)
1735 2206 1777 2251 E,
1803 2206 1851 2244 εἷς

428 2254 509 2294 τοὺς
534 2253 633 2300 W*p,
659 2254 740 2294 τοὺς
764 2255 814 2293 εἷς
839 2254 908 2290 AO
1008 2254 1053 2290 18
1078 2254 1256 2300 ὕπηνήτης
1282 2254 1312 2288 Ε

357 2387 491 2432 traxit,
519 2397 601 2423 non
629 2387 739 2432 quod
766 2397 857 2422 eum
883 2390 997 2422 tanta
1023 2385 1307 2422 benevolentia
1335 2388 1687 2431 prosequerentur,
1714 2385 1786 2420 sed.
1804 2389 1850 2422 ut

299 2436 343 2471 17
358 2436 445 2470 eius
476 2435 802 2470 benevolentiam
836 2435 1082 2480 colligerent.
1131 2434 1220 2469 Rex
1254 2444 1352 2469 vero
1386 2434 1499 2479 vulgi
1532 2433 1583 2468 ad
1615 2433 1724 2468 illum
1756 2443 1848 2469 con-

358 2485 524 2518 ventum
551 2486 746 2527 metuens,
779 2493 852 2527 per
877 2482 1031 2518 litteras
1058 2483 1093 2517 ei
1120 2483 1311 2527 superbia
1337 2482 1494 2516 obiecta
1520 2481 1711 2516 insidiose
1738 2482 1847 2526 petit,

298 2531 344 2566 18
357 2535 402 2566 ut
427 2531 480 2565 ad
506 2540 549 2565 se
575 2531 725 2565 veniat.
774 2530 854 2566 Sed
881 2539 971 2564 cum
997 2529 1063 2565 ille
1088 2530 1173 2570 iret,
1201 2540 1283 2565 non
1309 2531 1543 2574 exspectato
1563 2528 1756 2563 avunculi
1781 2529 1848 2563 ad-

299 2579 343 2613 19
358 2582 483 2613 ventu
519 2578 624 2612 ludis
655 2577 910 2613 Circensibus
945 2587 1018 2613 rex
1049 2579 1091 2612 in
1129 2577 1328 2612 theatrum
1367 2586 1410 2611 se
1447 2576 1684 2611 contulerat.
1733 2576 1847 2622 Rege

356 2626 481 2671 igitur
506 2635 587 2660 non
613 2626 791 2667 invento,
819 2625 870 2659 ob
901 2624 1182 2660 contumeliam
1209 2625 1270 2659 ira
1294 2624 1414 2659 modo
1433 2627 1624 2658 aestuans
1651 2624 1846 2669 orphano-

296 2674 344 2708 20
357 2673 524 2718 trophus
550 2672 713 2708 recedit.
764 2672 867 2707 Tum
893 2683 991 2708 vero
1018 2682 1091 2714 rex
1117 2673 1159 2707 in
1176 2672 1410 2707 manifestas
1428 2671 1655 2706 inimicitias
1674 2672 1846 2716 erumpit

356 2721 559 2764 missaque
593 2730 701 2755 nave
734 2730 825 2754 eum
859 2720 1003 2755 adesse
1036 2720 1158 2764 iubet,
1198 2722 1243 2754 ut
1275 2719 1490 2764 superbiae
1522 2728 1620 2753 suae
1650 2719 1845 2754 rationem

297 2769 341 2802 21
357 2767 511 2811 reddat,
530 2771 570 2802 et
590 2768 642 2802 ad
660 2768 815 2813 regiam
835 2768 1097 2813 navigantem
1116 2777 1188 2802 rex
1209 2777 1260 2802 ex
1279 2767 1487 2812 superiore
1505 2766 1593 2800 loco
1615 2766 1732 2811 signo
1755 2767 1802 2800 iis
1822 2776 1846 2800 a

357 2815 504 2860 quibus
542 2815 768 2850 vehebatur
806 2815 900 2850 dato
938 2815 1052 2850 aditu
1084 2815 1270 2860 prohibet
1301 2814 1516 2858 statimque
1545 2814 1666 2848 missa
1695 2814 1845 2848 triremi

296 2863 342 2897 22
357 2862 556 2897 hominem
589 2862 755 2907 relegat,
792 2862 866 2897 hoc
900 2862 1019 2897 modo
1052 2864 1334 2897 remuneratus
1367 2871 1470 2905 eum,
1508 2862 1623 2895 cuius
1649 2860 1844 2896 beneficio

295 2909 342 2944 23
357 2910 528 2954 primum
556 2909 716 2953 Caesar,
754 2913 845 2955 post
883 2910 1002 2945 etiam
1041 2919 1114 2944 rex
1156 2913 1244 2945 erat
1286 2909 1533 2954 designatus.
1590 2907 1715 2948 Quem
1754 2918 1844 2942 cum

356 2958 583 3002 amovisset,
611 2961 806 3003 cognatos
832 2957 989 2992 invadit
1015 2961 1054 2992 et
1073 2958 1180 2992 viros
1198 2967 1279 2992 non
1297 2966 1400 2992 sexu
1422 2959 1588 2999 tantum,
1614 2956 1685 2990 sed
1712 2960 1844 2991 aetate
