2054 3282
356 227 427 270 270
775 226 956 271 zoNAR.
983 226 1113 269 EPIT.
1141 224 1214 268 XV
1239 231 1271 277 6,
1298 226 1428 269 8-19.

320 357 557 411 9σβυτέρας
599 358 625 410 ἢ
671 356 717 397 ἔκ
758 359 843 397 τῶν
886 355 1025 396 ἄλλων
1068 354 1278 408 παρόντος
1323 359 1611 410 πατριαρχῶν·
1659 356 1731 399 καὶ
1775 354 1850 413 τὴν

353 427 544 480 τοιαύτην
575 424 817 478 συνδρομὴν
848 427 932 464 τῶν
963 424 1141 476 ἀνιέρων
1163 423 1334 464 ἐκείνων
1356 424 1535 466 σύνοδον
1557 426 1850 480 οἰκουμενικὴν

232 496 267 531 D
296 497 341 531 10
353 494 522 534 καλέσαι
555 494 633 534 οὐκ
666 492 939 545 ἀπενάρκησε.
1002 489 1101 545 μεθ’
1136 490 1199 532 ὧν
1231 492 1287 537 εἷς
1317 491 1388 533 τὸν
1420 493 1464 533 ἐν
1489 493 1748 547 Βλαχέρναις
1777 500 1850 550 τῆς

353 562 560 602 θἐοτόκου
589 560 691 601 ναὸν
713 560 970 613 ἀφικόμενος
991 559 1061 600 καὶ
1084 560 1127 600 ἒν
1147 565 1208 613 τῷ
1230 560 1397 614 ἄμβωνι
1419 561 1698 615 ἀναβεβηκὼς
1720 563 1847 605 Κων-

353 630 560 671 σταντΐνόν
590 645 676 669 τινα
709 627 912 681 μοναχόν,
948 628 1176 668 ἐπίσκοπον
1207 628 1394 669 Συλαίου
1427 629 1663 684 γενόμενον,
1704 631 1884 686 ἀναβι-5

352 698 486 751 βάσας
512 698 599 738 ἐκεῖ
616 697 855 750 ἒξεφώνησε
876 695 1227 737 “Κωνσταντίνου
1260 697 1554 750 οἷκουμενικοῦ
1586 699 1847 753 πατριάρχου

295 769 335 803 11
351 765 482 806 πολλὰ
513 764 561 805 τὰ
600 765 714 818 ἔτη.”
774 764 845 804 καὶ
875 761 962 817 μετ’
997 763 1136 818 ὀλίγας
1168 765 1329 819 ἡμέρας
1361 765 1404 806 ἒν
1440 771 1501 819 τῴ
1538 766 1671 820 Φόρῳ
1709 783 1846 822 παρα-

352 834 574 887 γενόμενος
605 833 629 873 ὁ
660 832 862 885 τύραννος
899 830 1020 877 οὗτος
1056 832 1159 885 μετὰ
1196 837 1269 874 τοῦ
1306 834 1566 888 πατριάρχου
1606 836 1734 877 αὐτοῦ
1777 836 1848 878 καὶ

349 906 434 943 τῶν
466 901 887 955 ὁμογνωμονούντων
919 901 1035 954 αὐτῷ
1067 901 1322 955 ἐπισκόπων,
1368 903 1548 944 ἐνώπιον
1583 903 1738 950 παντὸς
1773 909 1847 946 τοῦ

349 970 453 1011 λαοῦ
485 970 558 1024 τὴν
588 973 674 1010 τῶν
695 973 858 1010 σεπτῶν
879 969 1056 1010 εἰκόνων
1076 970 1360 1024 προσκύνησιν
1383 971 1691 1026 ἀπηγόρευσαν,
1723 973 1846 1015 εἶὸω-
1861 979 1897 1013 D
1912 979 1971 1014 ΙΙΙ
1988 979 2054 1016 348

292 1043 336 1077 12
349 1038 551 1091 λολάτρας
586 1037 683 1083 τοὺς
719 1037 870 1084 ταύτας
909 1039 1164 1092 σεβομένους
1202 1039 1460 1093 καλέσαντες,
1506 1040 1577 1081 καὶ
1615 1041 1847 1096 ἀναθέματι

348 1107 651 1162 καθυπέβαλον
693 1107 764 1148 τόν
806 1123 848 1148 τε
887 1107 1079 1160 ἀοίδιμον
1110 1106 1154 1147 Γ
1149 1107 1333 1161 ερμανὸν
1371 1107 1442 1149 καὶ
1481 1107 1553 1150 τὸν
1584 1110 1631 1150 ἐκ
1663 1110 1845 1164 Κύπρου

347 1175 392 1216 Γ
387 1176 564 1229 εώργιον
587 1175 847 1229 πατριάρχην
867 1180 940 1229 τῆς
961 1175 1280 1217 Κωνσταντίνου
1313 1176 1536 1230 γενόμενον
1567 1178 1638 1219 καὶ
1668 1178 1740 1220 τὸν
1769 1180 1844 1233 μέ-

140 1247 334 1284 ΡΙῙῙΟ9Α
349 1259 426 1298 γαν
457 1244 522 1285 ἐπὶ
553 1244 682 1297 σοφίᾳ
713 1244 784 1284 καὶ
821 1244 947 1298 ἀρετῇ
972 1243 1175 1298 Ἰωάννην
1211 1244 1283 1286 τὸν
1314 1245 1612 1300 Δαμασκηνόν,
1657 1247 1706 1293 ὃς
1741 1247 1843 1289 πολ-

348 1313 464 1359 λάκις
501 1312 573 1354 τὸν
611 1312 831 1367 ’θεομάχον
871 1312 1015 1367 ἤλεγξε
1052 1317 1198 1354 τοῦτον
1235 1313 1306 1354 καὶ
1336 1313 1407 1355 τὸν
1439 1314 1567 1356 αὐτοῦ
1599 1316 1757 1370 πατέρα
1791 1314 1841 1357 δι’
1861 1322 1904 1357 15

349 1382 575 1423 ἐπιστολῶν
607 1382 782 1435 ἀσεβεῖν.

290 1454 335 1489 13
460 1450 788 1504 Ἐκστρατεύσας
833 1450 878 1492 δὲ
921 1449 1025 1491 κατὰ
1065 1450 1328 1505 Βουλγάρων
1366 1451 1390 1492 ὁ
1422 1451 1736 1499 Κωνσταντῖνος
1773 1453 1844 1495 καὶ

348 1519 579 1574 συμβαλὼν
622 1520 762 1564 αὐτοῖς
804 1519 874 1560 καὶ
916 1518 1097 1565 πολλοὺς
1141 1520 1372 1573 ἀποβαλὼν
1416 1521 1466 1561 οὐ
1509 1524 1595 1561 τῶν
1631 1521 1844 1575 τυχόντων

345 1588 479 1642 μόνον
518 1591 795 1642 στρατιωτῶν,
841 1587 943 1628 ἀλλὰ
982 1587 1053 1629 καὶ
1089 1591 1174 1629 τῶν
1206 1588 1424 1643 ἐπισήμων
1455 1588 1526 1630 καὶ
1557 1593 1843 1644 στραταρχῶν,

345 1654 444 1711 μεθ’
477 1657 599 1711 ἥττης
631 1656 909 1704 ἔπανὲζευξεν.
1855 1662 1903 1699 20

417 1783 440 1819 3
464 1783 682 1828 ἑπενάρκησε
708 1782 739 1817 Ε
848 1781 900 1818 ὧν
926 1781 1063 1828 OwDi‚
1090 1783 1130 1818 ὂν
1155 1782 1251 1830 AEp
1366 1784 1398 1819 3.
1425 1784 1449 1818 4
1473 1783 1556 1819 ναὸν
1582 1788 1642 1829 τῆς
1667 1784 1841 1819 θεοτόκου

417 1830 558 1876 CEwp,
583 1831 682 1866 θεῖον
698 1830 781 1866 ναὸν
798 1835 858 1876 τῆς
875 1831 1048 1866 θεοτόκου
1063 1831 1109 1876 D,
1138 1832 1278 1867 aedem
1303 1835 1604 1867 sacrosanctam
1618 1831 1840 1877 Deiparae:

424 1878 490 1915 Wo
517 1880 583 1914 lat.
721 1879 743 1913 5
768 1879 945 1914 Συλλαίου
973 1878 1151 1924 Theoph.
1178 1879 1195 1914 I
1222 1891 1258 1925 p.
1287 1880 1367 1924 428,
1394 1880 1418 1914 4
1554 1880 1575 1915 7
1601 1881 1784 1924 γενόμενος
1811 1879 1840 1915 C

416 1927 438 1962 8
464 1927 564 1965 οὗτος
591 1937 666 1962 om.
694 1925 723 1962 C
851 1927 896 1961 10
922 1926 1165 1972 ἀπηγόρευσαν
1192 1931 1231 1962 et
1256 1928 1494 1973 ἀπηγόρευσεν
1520 1937 1592 1972 per
1619 1927 1781 1973 dittogr.
1808 1927 1840 1962 E

417 1975 462 2009 13
486 1974 705 2019 πατριάρχην
718 1979 777 2019 τῆς
791 1974 1072 2019 Κωνσταντίνου]
1094 1975 1153 2010 De
1168 1975 1243 2010 hoc
1259 1986 1395 2010 errore
1411 1977 1582 2021 repetito
1599 1975 1650 2010 ab
1665 1975 1839 2020 Ephrae-

415 2023 494 2058 mio
523 2022 616 2058 1788
647 2033 684 2057 v.
710 2022 801 2058 Duc
833 2022 886 2057 ad
918 2022 953 2057 h.
986 2022 1009 2056 l.
1043 2026 1081 2057 et
1112 2023 1330 2058 Henrieum
1361 2022 1575 2058 Gelzerum
1601 2021 1749 2059 Seaetus
1775 2023 1839 2058 Iu-

416 2069 496 2105 lius
523 2068 748 2115 Africanus
775 2072 849 2105 eet.
875 2069 983 2116 Lips.
1012 2070 1104 2105 1885
1130 2073 1156 2106 t.
1182 2070 1220 2105 II
1249 2082 1286 2116 p.
1314 2071 1382 2106 177
1409 2081 1500 2106 ann.
1528 2070 1550 2106 5
1712 2070 1757 2105 14
1781 2070 1839 2106 τὸν

415 2118 643 2163 δαμασκηνὸν
661 2118 814 2163 ι’ωάννην
833 2117 864 2153 Ο
956 2118 1000 2153 19
1024 2119 1146 2163 μόνων
1163 2129 1226 2164 wp
1245 2120 1382 2154 invitis
1400 2117 1481 2163 AR,
1509 2129 1545 2153 V.
1562 2118 1613 2153 ad
1627 2117 1720 2154 XIV
1733 2118 1766 2163 6,
1779 2118 1837 2154 31.

307 2236 481 2274 9Talem
509 2247 750 2274 concursum
777 2238 1041 2284 profanorum
1075 2238 1234 2274 illorum
1261 2239 1466 2274 hominum
1494 2238 1694 2284 synodum
1722 2248 1838 2274 oecu-

286 2285 331 2320 10
343 2287 539 2321 menicam
574 2286 779 2332 appellare
816 2296 899 2321 non
925 2286 1144 2331 dubitavit3
1183 2297 1272 2321 cum
1301 2288 1448 2332 quibus
1476 2287 1616 2322 aedem
1644 2287 1836 2332 deiparae

344 2333 621 2369 Blacherniam
633 2335 854 2379 ingressus,
882 2344 1102 2369 conscenso
1131 2335 1303 2370 ambone
1329 2338 1368 2370 et
1383 2334 1644 2370 Constantino
1661 2334 1835 2378 quodam

342 2382 552 2426 monacho,
580 2382 647 2427 qui
675 2381 810 2427 Sylaei
835 2382 1049 2427 episcopus
1075 2382 1220 2425 fuerat,
1247 2383 1326 2417 illie
1353 2382 1547 2417 collocato
1575 2381 1836 2416 exclamavit:

285 2428 660 2464 11“Constantinus
683 2430 967 2465 oecumenicus
981 2430 1211 2474 patriarcha
1236 2430 1382 2464 multos
1407 2430 1519 2464 vivat
1546 2428 1711 2463 annos.”
1741 2428 1836 2463 Post

342 2486 495 2521 paucos
532 2477 616 2512 dies
648 2481 847 2522 tyrannus
881 2478 920 2512 in
954 2477 1103 2512 Forum
1137 2478 1249 2512 venit
1283 2488 1373 2512 cum
1408 2476 1634 2522 patriarcha
1680 2486 1753 2511 suo
1797 2479 1836 2511 et

343 2525 609 2560 sectatoribus
654 2525 864 2570 episcopis,
909 2526 977 2570 qui
1011 2535 1146 2560 eoram
1182 2525 1289 2560 omni
1324 2525 1473 2570 populo
1508 2524 1834 2559 venerandarum

342 2571 565 2617 imaginum
584 2572 862 2608 adorationem
880 2572 1190 2615 interdixerunt,
1208 2572 1430 2607 idololatris
1448 2573 1495 2606 iis
1516 2572 1738 2616 appellatis,
1766 2572 1834 2617 qui

285 2617 328 2652 12
343 2629 412 2653 eas
439 2619 627 2664 colerent,
655 2623 694 2655 et
720 2620 978 2655 anathemate
1003 2622 1196 2655 notarunt
1221 2620 1415 2654 inclutum
1435 2619 1680 2654 Germanum
1707 2623 1747 2655 et
1761 2620 1835 2655 Ge-

344 2667 501 2711 orgium
533 2666 737 2712 Cyprium,
773 2668 840 2712 qui
869 2667 1102 2713 Cpolitanus
1132 2668 1362 2713 patriarcha
1396 2667 1540 2709 fuerat,
1578 2671 1617 2702 et
1650 2667 1834 2702 doctrina

342 2714 574 2758 virtuteque
618 2718 889 2760 praestantem
930 2715 1123 2750 Ioannem
1164 2714 1471 2757 Damascenum,
1507 2715 1575 2759 qui
1619 2715 1725 2750 hune
1769 2715 1833 2750 dei

343 2760 496 2796 hostem
524 2763 692 2807 eiusque
718 2766 874 2808 patrem
900 2763 1040 2798 litteris
1066 2773 1188 2808 saepe
1214 2763 1429 2808 impietatis
1456 2765 1660 2808 arguerat.

285 2807 331 2842 13
460 2807 570 2843 Bello
610 2813 750 2845 eontra
785 2810 984 2856 Bulgaros
1025 2813 1133 2846 moto
1170 2809 1457 2846 Constantinus
1502 2810 1653 2856 proelio
1690 2810 1831 2855 vietus,

343 2854 477 2890 multis
502 2866 583 2891 non
610 2858 810 2903 gregariis
843 2862 998 2894 tantum
1026 2858 1217 2894 militibus
1243 2858 1315 2893 sed
1341 2858 1562 2894 illustribus
1589 2859 1707 2894 etiam
1735 2859 1832 2894 viris

344 2905 383 2939 et
409 2903 579 2939 tribunis
605 2905 770 2951 amissis,
798 2905 959 2943 domum
986 2906 1140 2943 cladem
1167 2906 1329 2944 rettulit.
