2054 3282
508 243 855 285 DALASSENVS.
905 242 1138 284 NICETAS.
1188 243 1405 285 AGAREN
1407 245 1436 284 1.
1648 244 1719 284 589

223 367 369 422 ὅρκοις
410 368 552 415 αὐτοῖς
589 368 914 424 παρασχόμενος
948 370 1099 416 πίστεις
1133 370 1197 416 ὡς
1226 369 1351 412 οὐδὲν
1382 369 1450 411 διὰ
1480 369 1552 412 τὸν
1582 369 1717 424 φόνον

223 436 444 478 ὑποσταῖεν
474 436 622 490 κακόν,
653 441 966 491 παραχωρεῒται
995 437 1070 492 τὴν
1099 438 1283 480 εἴσοδον·
1317 437 1400 480 εἶτα
1431 436 1529 484 τοὺς
1559 438 1718 491 ὅρκους
1731 442 1778 478 23

223 504 348 545 οὐδὲν
378 504 650 559 λογισάμενος
686 505 868 551 πολλοὺς
906 506 985 560 μὲν
1023 506 1323 554 ἀποκτίννυσιν,
1367 506 1501 553 ἐνίους
1545 506 1591 548 δὲ
1633 509 1718 548 τῶν
1732 510 1763 545 Β

222 569 324 625 παρ’
358 572 499 619 αὐτοῖς
529 573 748 628 ἐπισήμων
780 573 976 627 δεσμίους
1007 574 1154 616 ἔστειλε
1183 574 1293 628 πρὸς
1321 574 1395 629 τὴν
1425 573 1717 629 μεγαλόπολιν,

188 640 395 694 5γράψας
436 646 497 695 τῷ
541 641 716 695 ἀδελφῷ
746 641 922 697 Ἰωάννῃ
968 642 1034 684 διὰ
1077 642 1152 697 τὴν
1193 642 1303 696 πρὸς
1338 642 1410 684 τὸν
1447 642 1720 697 Δαλασσηνόν

224 709 390 750 εὔνοιαν
425 709 615 763 ἀπεῖρξαι
653 710 771 764 αὐτῷ
807 709 881 764 τὴν
918 711 1084 752 εἴσοδον
1114 710 1210 757 τοὺς
1235 711 1465 765 Ἀντιοχεῖς.
1527 711 1719 753 ἐντεῦθεν
1731 715 1779 751 24

223 776 248 817 ὀ
280 776 551 831 Δαλασσηνὸς
582 778 639 824 εἷς
674 778 748 832 τὴν
784 782 912 833 νῆσον
949 778 1023 833 τὴν
1054 778 1227 834 Πλάτην
1263 779 1549 834 περιορίζεται,
1593 779 1663 821 καὶ
1694 779 1719 821 ὁ

67 856 123 893 JV
142 856 210 891 139
223 844 290 886 ἐπὶ
320 845 498 899 θυγατρὶ
528 845 731 900 κηδεστὴς
762 846 891 887 αὐτοῦ
915 847 1231 894 Κωνσταντῖνος
1262 848 1286 889 ὁ
1308 847 1491 901 Δοῦκας,
1522 847 1597 902 τὴν
1627 848 1717 890 ἀδι-

222 913 319 954 κίαν
349 913 638 968 ἐπιβοώμενος
667 914 738 956 καὶ
766 914 841 969 τὴν
877 915 1093 969 ἐπιορκίαν
1134 916 1185 957 οὗ
1224 920 1412 969 σιωπῶν,
1456 916 1608 970 πύργῳ
1646 916 1719 958 τινὶ

166 993 212 1028 10
222 981 513 1023 κατακλείεται.
574 982 658 1023 εἶτα
688 983 904 1037 μετάγεται
926 983 950 1025 ὁ
973 983 1244 1039 Δαλασσηνός
1275 985 1322 1025 ἐκ
1353 989 1425 1038 τῆς
1447 983 1617 1038 Πλάτης
1647 985 1718 1026 καὶ
1731 989 1778 1025 25

221 1050 375 1103 πύργῳ
405 1050 711 1105 καθείργνυται.
775 1050 887 1092 ἑάλω
921 1051 966 1092 δὲ
996 1051 1086 1093 τότε
1114 1056 1198 1098 τοῖς
1227 1052 1305 1106 μὲν
1336 1053 1383 1094 ἐκ
1415 1057 1487 1107 τῆς
1506 1052 1637 1107 ’Άγαρ
1668 1052 1716 1093 τὰ
1731 1057 1777 1093 26

222 1118 356 1172 ΙΡΙύρα
399 1118 471 1160 καὶ
509 1122 593 1165 τοῖς
625 1118 907 1167 Πατζινάκαις
945 1120 1030 1161 λεία
1070 1121 1212 1174 γέγονε
1247 1120 1295 1161 τὰ
1329 1121 1505 1162 ῘΙῙυσῶν.
1566 1125 1640 1162 τοῦ
1672 1121 1718 1162 δὲ
1731 1126 1776 1161 27

223 1185 380 1232 δουκός
405 1187 652 1241 Ἀντιοχείας
683 1186 848 1242 Μκήτα
880 1189 1245 1242 καταστρέψαντος
1275 1188 1349 1242 τὴν
1381 1189 1510 1242 ζωήν,
1543 1188 1567 1230 ὁ
1590 1189 1760 1231 Κων-Ο

222 1258 446 1309 σταντῒνος,
477 1254 662 1309 ἀδελφὸς
692 1256 755 1297 ὢν
786 1256 857 1297 καὶ
888 1254 1011 1302 οὗτος
1041 1260 1114 1297 τοῦ
1145 1257 1363 1311 βασιλέως,
1397 1257 1462 1298 ἐπὶ
1493 1261 1542 1312 τῇ
1560 1258 1715 1299 Ἀντιο-

164 1335 211 1371 15
222 1322 313 1378 χείᾳ
342 1322 415 1364 τὸν
450 1322 743 1378 τελευτήσαντα
782 1323 1003 1372 διεδέξατο,
1047 1325 1117 1366 καὶ
1149 1325 1173 1366 ὁ
1204 1326 1342 1379 ἕτερος
1373 1325 1502 1366 αὐτοῦ
1534 1325 1718 1380 ἀδελφὸς

0 1402 26 1461 ’ἐξ
221 1392 600 1446 πρωτοβεστιάριος
641 1393 967 1447 προκεχείριστο.
1029 1393 1075 1441 ἒξ
1106 1392 1309 1448 Ἀφρικῆς
1350 1394 1491 1447 ,ιιέιτοι
1533 1393 1604 1434 καὶ
1642 1393 1716 1435 Σι-
1731 1400 1778 1435 28

0 1451 23 1511 ῘῙ
222 1459 362 1506 κελίας
392 1460 537 1506 στόλος
567 1460 795 1502 ἀποπλέων
820 1461 1067 1515 Ἀγαρηνῶν
1098 1461 1257 1502 ἐκάκου
1288 1461 1360 1506 τάς
1388 1477 1429 1502 τε
1460 1461 1614 1515 νήσους
1647 1461 1718 1503 καὶ

0 1519 6 1553 s
29 1543 37 1559 ³
222 1528 272 1570 τὰ
313 1529 517 1583 παράλια·
564 1529 666 1570 ἀλλὰ
705 1529 865 1575 τούτοις
903 1529 1048 1575 στόλος
1087 1529 1293 1571 ἐπιπλέων
1319 1529 1556 1584 Ῥωμαϊκὸς
1585 1529 1717 1571 πολλὰ

222 1597 301 1653 μὲν
330 1600 417 1638 τῶν
453 1600 635 1651 σκαφῶν
673 1597 898 1639 κατέδυσεν
935 1598 1163 1651 αὔτανδρα,
1207 1597 1388 1643 πολλοὺς
1420 1595 1456 1638 δ’
1491 1598 1717 1652 ἐζώγρησε,

0 1668 30 1712 ¹3*
163 1667 212 1703 20
224 1665 295 1707 καὶ
325 1664 422 1712 τοὺς
452 1665 529 1718 μὲν
558 1664 667 1720 πρὸς
697 1664 768 1706 τὸν
797 1664 969 1719 βασιλέα
1001 1666 1287 1720 ἐκπέπομφεν,
1332 1666 1373 1707 οῖ
1411 1665 1456 1707 δὲ
1494 1665 1717 1707 ἀνεσκολο-

226 1801 271 1836 16
294 1800 375 1846 περὶ
400 1805 460 1836 τοῦ
483 1799 524 1842 ἐξ
543 1800 713 1847 Ἀφρικῆς
737 1800 861 1836 στόλου
888 1799 917 1837 C

298 1926 314 1960 l
343 1925 464 1970 ὅρκοις
490 1924 590 1970 EDi,
615 1926 737 1971 ὅρκοις
763 1924 847 1971 AD,
872 1926 1040 1971 ἐνόρκους
1067 1926 1165 1973 pr
1263 1926 1285 1962 2
1310 1931 1369 1972 τῆς
1394 1927 1529 1966 εἷςόδου
1556 1925 1717 1980 BCEwp

231 1987 234 1990 ·
296 1974 319 2008 6
343 1973 391 2008 ὖπ
415 1974 494 2018 ρξαι
516 1972 551 2007 D
649 1973 670 2009 7
696 1972 758 2020 τὴν
784 1978 878 2010 ante
902 1975 1035 2019 πλάτην
1061 1985 1137 2010 om.
1156 1973 1223 2010 CD
1320 1975 1343 2010 8
1368 1975 1500 2013 δούκας
1519 1974 1716 2021 CEwle,

297 2031 335 2056 v.
362 2031 386 2056 a
432 2020 562 2056 XVIII
588 2021 622 2065 7,
639 2021 672 2056 4.
692 2022 725 2058 7.
751 2022 784 2065 8,
807 2024 834 2056 l.
858 2022 899 2056 14
1001 2022 1044 2057 10
1066 2022 1226 2060 πλατείας
1245 2021 1274 2058 C
1377 2022 1418 2057 12
1442 2023 1717 2066 λεία-ΛΙυσῶν]

298 2079 335 2104 v.
362 2068 414 2104 ad
442 2079 477 2114 p.
504 2069 584 2112 600,
611 2070 634 2103 8
747 2069 787 2104 τὰ
815 2068 895 2113 AR,
922 2074 991 2104 τῶν
1019 2069 1126 2116 Bwp,
1153 2070 1217 2104 eui
1245 2069 1357 2104 addit
1383 2070 1617 2105 asteriscum
1651 2070 1717 2105 Wo

298 2116 342 2151 13
366 2116 656 2162 κατετρέψανζτος
675 2115 711 2151 D
811 2117 864 2153 17.
889 2118 931 2152 18
952 2117 1318 2162 Ἀγαρηνῶν-σῐόλος
1345 2128 1420 2152 om.
1447 2117 1478 2152 E
1578 2118 1622 2152 18
1646 2117 1718 2152 ἐπι-

294 2163 411 2199 πλέων
435 2162 622 2210 RflwpDi,
650 2164 707 2199 ἐπὶ
730 2164 847 2199 πλέων
872 2163 920 2209 D,
945 2164 1000 2199 ἐπὶ
1023 2164 1128 2200 πλέον
1154 2163 1189 2199 Λ

0 2309 1 2338 1
224 2294 352 2331 rando
392 2295 648 2331 confirmaret
686 2295 850 2331 caedem
891 2295 997 2331 inam
1036 2296 1083 2331 iis
1121 2296 1245 2331 exitio
1284 2305 1364 2330 non
1403 2305 1491 2331 csso
1527 2296 1715 2331 mmmm.

0 2353 2 2368 ²
224 2342 372 2379 Verum
400 2353 448 2379 co
481 2342 744 2379 iureiurando
777 2343 873 2378 nihii
900 2343 1116 2379 deterritus
1142 2343 1288 2378 multos
1316 2343 1460 2378 occidit
1486 2348 1526 2378 et
1555 2343 1715 2388 quibus—
1730 2342 1777 2379 23

224 2390 317 2426 dam
343 2390 571 2437 insignibus
597 2391 755 2426 civibus
781 2391 926 2426 vinctis
951 2392 991 2426 in
1024 2401 1214 2435 magnam
1248 2391 1387 2426 urbem
1421 2391 1560 2434 missis,
1602 2391 1715 2426 fratri

226 2437 367 2473 loanni
395 2438 554 2484 scripsit
579 2448 621 2474 se
648 2439 700 2472 ab
726 2438 987 2474 Antioc-henin
1014 2439 1066 2473 ob
1095 2438 1415 2473 imnovoicntimn
1443 2447 1582 2473 corum
1616 2448 1717 2484 erga

226 2484 491 2522 Dalaesenum
510 2486 718 2521 exclusum
746 2486 881 2521 fuisse.
932 2486 1036 2521 Hinc
1054 2485 1302 2521 Daiassenus
1320 2486 1359 2520 in
1385 2486 1553 2520 insulam
1578 2485 1716 2521 Platon
1731 2485 1777 2521 24

225 2533 432 2579 relegatur
458 2537 498 2569 et
523 2533 810 2569 Constantinus
837 2533 984 2575 Dacus,
1011 2534 1097 2569 eius
1123 2543 1263 2578 gener,
1289 2538 1328 2568 et
1354 2533 1405 2568 de
1424 2533 1571 2568 iniuria
1598 2542 1718 2578 quac-

225 2581 352 2616 ritann
370 2589 503 2626 neque
522 2580 778 2616 dissimulans
797 2582 1017 2627 periurium
1044 2582 1082 2615 in
1110 2581 1250 2615 turrim
1265 2580 1469 2625 quandam
1489 2580 1717 2615 includitur.

226 2627 322 2663 Post
342 2628 588 2664 Dalassenue
607 2638 770 2674 quoquo
797 2638 819 2663 e
838 2628 949 2663 Plato
970 2628 1188 2663 translatus
1211 2628 1250 2663 in
1278 2628 1418 2663 turrim
1434 2628 1716 2673 compingitur.
1732 2628 1778 2663 25

227 2675 311 2711 Sub
329 2675 434 2712 idem
453 2681 611 2722 tempus
625 2675 805 2722 Agareni
820 2675 934 2721 Myra
952 2680 1163 2721 ceperunt3
1185 2675 1425 2710 i’atzinucae
1441 2674 1655 2720 Mysorum.
1674 2680 1718 2710 nt
1732 2677 1779 2711 26

227 2724 352 2767 aiunt,
370 2725 554 2760 fecerunt
568 2722 773 2769 praedam.
802 2722 1055 2759 Antiocheno
1071 2724 1174 2758 (inco
1188 2722 1219 2758 N
1226 2724 1329 2758 iceta
1343 2727 1513 2766 mortuo,
1527 2722 1718 2758 Constan-
1732 2723 1778 2759 27

226 2770 346 2815 tinus,
384 2772 535 2817 etipse
561 2772 669 2817 regis
700 2771 835 2814 frater,
876 2772 1079 2814 successit,
1114 2770 1241 2806 altero
1267 2771 1354 2806 eius
1386 2771 1508 2806 i'ratro
1535 2773 1720 2815 protove-

226 2818 364 2854 stiario
383 2818 609 2865 designato.
659 2817 758 2855 Cum
776 2822 911 2853 autem
927 2818 1103 2865 Agim-ni
1123 2818 1300 2853 Africani
1317 2822 1357 2853 ct
1370 2816 1596 2853 Sicilienses
1615 2818 1718 2853 insu·
1733 2818 1779 2854 28

229 2865 287 2901 lan
305 2870 345 2902 et
362 2876 472 2902 oram
494 2866 733 2901 maritimam
760 2866 1008 2907 infestarent.
1036 2865 1217 2901 nonnum
1244 2866 1380 2900 classis
1406 2865 1551 2900 inuitas
1578 2874 1716 2900 eornm

228 2922 356 2950 naves
389 2923 480 2950 cum
515 2914 611 2949 viris
643 2914 843 2958 domm-sit,
883 2914 1027 2949 niuitou
1062 2914 1177 2948 vivos
1209 2914 1326 2959 cepit,
1365 2922 1536 2959 quorum
1569 2913 1635 2948 aiii
1666 2911 1719 2949 ad
