2054 3282
336 228 407 264 682
688 228 867 266 ZONAR.
894 228 1024 264 EPIT.
1050 227 1182 263 XVIII
1208 227 1241 272 9,
1267 227 1420 270 23-10,
1445 228 1478 263 8.

334 346 435 403 παρ’
468 350 626 404 ἐκείνης
656 349 894 404 βεβαιωθὲν
924 354 985 403 τῷ
1009 348 1243 402 πατριάρχῃ
1267 347 1398 402 ἐδόθη
1421 347 1823 402 φυλαχθησόμενον·

336 417 437 459 ἀλλὰ
459 418 530 459 καὶ
551 420 591 459 οἱ
611 423 682 473 τῆς
703 418 934 471 συγκλήτου
956 417 1112 471 βουλῆς
1140 417 1316 462 ἅπαντες
1347 417 1571 470 ἐγγράφως
1602 417 1825 458 κατέθεντο

334 485 393 540 μὴ
427 487 478 527 ἄν
507 503 607 528 ποτε
637 487 806 540 βασιλέα
839 487 977 539 ἕτερον
1009 486 1198 538 ἀνειπεῖν,
1231 486 1268 526 εἰ
1294 484 1353 539 μὴ
1386 484 1482 530 τοὺς
1509 485 1663 530 παῖδας
1684 485 1824 526 αὐτοῦ.

277 558 324 594 24
336 554 401 594 ἐπὶ
436 555 594 600 τούτοις
632 555 655 595 ὁ
690 554 768 608 μὲν
805 554 973 607 ἐξέλιπε,
1017 553 1264 608 βασιλεύσας
1307 553 1406 594 ἑπτὰ
1449 552 1558 607 πρὸς
1593 558 1654 606 τῷ
1691 553 1828 607 ἡμίσει

276 627 323 663 25
336 622 558 670 ἐνιαυτούς,
603 623 732 676 ζήσας
765 620 801 663 δ’
835 623 1036 676 ἑξήκοντα
1068 624 1093 676 ἢ
1126 622 1200 663 καί
1227 638 1261 662 τι
1297 622 1458 663 τούτων
1495 622 1694 662 ἐπέκεινα.
1755 620 1863 663 τὸνῦ

333 691 474 744 μέντοι
510 690 694 745 ἀδελφὸν
731 692 859 732 αὐτοῦ
892 691 1087 744 Καίσαρα
1124 690 1371 744 βασιλεύσας
1410 690 1573 744 ἐτίμησε
1611 689 1682 730 καὶ
1719 689 1825 743 σύμ-

220 763 249 800 C
276 765 321 799 26
334 759 489 812 βουλον
532 758 613 813 εἶχε
656 759 727 800 καὶ
769 763 854 800 τῶν
899 759 1140 813 μυστηρίων
1187 759 1416 812 συνίστορα.
1477 758 1615 811 λόγοις
1660 758 1705 799 δὲ
1748 758 1827 812 οὐχ

336 827 565 880 ὡμιληκὼς
596 828 738 881 ἠγάπα
769 827 942 872 τούτους
972 826 1043 867 καὶ
1074 826 1169 872 τοὺς
1200 827 1365 880 λογίους
1396 827 1570 880 ἐσέβετο,
1615 826 1685 867 καὶ
1717 826 1827 880 ἔλεγε

276 902 321 936 27
334 894 562 948 βούλεσθαι
592 895 751 948 μᾶλλον
783 896 830 936 ἐκ
851 895 990 949 λόγων
1012 897 1037 949 ἢ
1060 899 1132 949 τῆς
1152 894 1360 949 βασιλείας
1382 894 1672 948 γνωρίζεσθαι.
1731 894 1828 940 τοὺς

337 959 373 1003 δ’
407 963 655 1017 ἐπιβούλους
693 964 822 1005 αὐτοῦ
860 963 920 1018 μὴ
958 963 1096 1009 ἄλλως
1134 966 1282 1008 κακῶς
1327 963 1541 1017 διαθήσειν
1584 963 1767 1016 ἔφασκεν
1801 964 1890 1017 ἢΙΟ

333 1031 468 1085 μόνον
499 1032 560 1078 ὡς
598 1033 773 1087 ὠνητοῖς
811 1033 1045 1087 κεχρῆσθαι
1082 1033 1232 1079 αὐτοῖς,
1277 1031 1339 1077 ὡς
1380 1035 1465 1072 τῶν
1503 1031 1650 1085 νόμων
1687 1031 1827 1072 αὐτῶν

334 1099 408 1154 τὴν
439 1100 678 1155 ἐλευθερίαν
710 1102 996 1155 ἀφελομένων.

267 1170 321 1212 10
453 1168 574 1210 Κατὰ
619 1173 720 1223 γοῦν
762 1169 835 1215 τὰς
872 1174 945 1211 τοῦ
983 1170 1296 1224 τελευτήσαντος
1333 1169 1539 1223 βασιλέως
1576 1167 1771 1222 διαταγὰς
1802 1170 1828 1223 ἥ

333 1253 375 1278 τε
405 1238 563 1291 βασιλὶς
594 1237 785 1279 Εὗδοκία
817 1238 887 1279 καὶ
919 1239 959 1280 οῖ’
987 1238 1133 1284 παῖδες
1170 1238 1328 1279 ἐκείνου
1367 1242 1439 1292 τῆς
1477 1237 1685 1291 βασιλείας
1721 1237 1829 1292 ἦσαν

283 1306 524 1360 Βδιάδοχοι
554 1307 625 1347 καὶ
657 1308 681 1361 ἡ
714 1307 928 1361 βασίλισσα
960 1306 1033 1361 τὴν
1063 1310 1148 1348 τῶν
1179 1310 1335 1347 κοινῶν
1364 1307 1694 1360 μετακεχείριστο
1719 1306 1824 1361 πρό·
1845 1313 1888 1348 15

333 1390 450 1416 νοιαν
492 1378 577 1415 τῶν
619 1375 746 1416 υἱέων
788 1375 1057 1429 κατάρχουσα
1104 1374 1176 1415 καὶ
1213 1374 1278 1416 ἐπὶ
1314 1375 1505 1429 βήματος
1544 1374 1618 1416 σὺν
1657 1375 1827 1421 ἐκείνοις

298 1443 624 1498 2προύκάθητο,
656 1444 891 1497 μεσεύουσα
922 1443 1000 1497 μὲν
1031 1444 1147 1497 αὐτή,
1182 1443 1365 1489 ἐκείνους
1397 1442 1442 1484 δὲ
1472 1443 1826 1497 παρακαθίζουσα

334 1512 611 1567 ἑκατέρωθεν,
645 1513 781 1558 οὕτως
812 1512 856 1553 ἐν
887 1512 1178 1567 ἀρχαιρεσίαις,
1215 1512 1351 1558 οὕτως
1382 1512 1425 1553 ἐν
1457 1512 1645 1566 ζητήσεσι
1674 1512 1825 1553 πολιτι-

332 1641 357 1676 4
382 1641 520 1687 τελευτὴ
546 1642 815 1677 Κωνσταντίνου
839 1642 1011 1687 βασιλέως
1037 1646 1098 1676 τοῦ
1123 1642 1244 1677 Δούκα
1271 1640 1300 1677 C
1399 1642 1443 1676 13
1467 1642 1622 1687 βασιλεία
1647 1646 1707 1686 τῆς
1731 1642 1828 1687 βασι-

333 1690 428 1728 λίδος
467 1690 665 1734 (δεσποίνης
689 1688 735 1734 A,
775 1704 802 1724 τ.
829 1691 909 1734 βασ.
937 1700 1012 1724 om.
1039 1689 1090 1733 D)
1125 1689 1303 1728 Εὐδοκίας
1341 1689 1401 1724 καὶ
1441 1694 1511 1724 τῶν
1547 1690 1685 1724 παίδων
1722 1689 1828 1724 αὐτοῦ

333 1737 564 1779 (καὶ-αὐτοῦ
580 1747 654 1772 om.
671 1736 713 1780 C)
732 1736 849 1781 ACD,
875 1737 1034 1782 βασιλεία
1051 1742 1121 1772 τῶν
1137 1738 1276 1772 παίδων
1294 1738 1561 1772 Κωνσταντίνου
1580 1742 1640 1772 τοῦ
1658 1737 1779 1772 Δούκα
1796 1737 1827 1771 Β

404 1868 427 1903 2
452 1869 626 1914 ἔγγραφος
652 1869 683 1904 Ε
819 1869 842 1904 3
865 1870 993 1908 παίδας
1019 1868 1114 1914 Ewp
1251 1868 1274 1903 4
1299 1868 1353 1903 ἐπὶ
1381 1879 1455 1903 om.
1485 1868 1566 1913 κνῆ)
1594 1868 1731 1903 invitis
1756 1867 1827 1903 AR

451 1917 567 1962 ἡμίσει
576 1914 742 1962 prDi‚
757 1916 865 1962 ἥμισυ
881 1918 925 1958 (S.
936 1919 1033 1958 acc.)
1044 1915 1078 1951 A
1154 1916 1231 1961 ΙΟῆ
1247 1915 1328 1960 AR,
1345 1917 1376 1950 εἰ
1390 1916 1473 1961 w*p
1552 1916 1591 1950 ll
1614 1929 1644 1950 ν.
1655 1916 1772 1951 αὐτῶν
1781 1915 1826 1960 Α,

403 1978 433 1999 ν.
447 1963 573 2003 αὐτοὺς
582 1964 652 1999 RW
666 1963 824 2009 Scylitz.
841 1976 876 2010 p.
891 1965 972 2008 660,
986 1964 1008 1999 3
1023 1964 1153 2008 (Psell.
1170 1975 1205 2009 p.
1222 1964 1302 2006 270,
1320 1964 1388 2006 11),
1404 1978 1432 1998 ν.
1447 1963 1563 2002 αὐτοῖς
1576 1963 1640 2008 Dp
1732 1964 1776 1998 13
1791 1978 1826 1998 τε

406 2011 446 2056 C,
476 2011 535 2050 τὰς
563 2022 662 2047 corr.
691 2011 752 2050 Cw
851 2012 895 2047 14
919 2012 1068 2057 ἐκείνου]
1095 2012 1202 2056 αὐτῆς
1228 2011 1372 2047 DEWO
1388 2011 1453 2046 lat.
1566 2012 1609 2046 17
1634 2011 1827 2055 μισεύουσα

406 2059 445 2103 C,
473 2069 574 2094 corr.
603 2059 664 2097 Cw
772 2060 859 2105 αὕτη
887 2059 982 2106 Ewp
1081 2059 1126 2094 18
1150 2059 1343 2094 πολιτικῶν
1369 2057 1536 2104 ΒΨΡΒί,
1561 2059 1753 2098 πολιτικαῖς
1779 2057 1825 2103 A,

406 2118 444 2142 v.
469 2106 586 2142 Psell.
614 2118 650 2153 p.
677 2106 758 2151 271,
784 2107 807 2142 2

146 2223 172 2249 ’¹‘
194 2230 226 2271 ῃ
334 2226 483 2261 dienda
515 2229 575 2262 est
607 2226 771 2271 tradita3
811 2226 882 2262 sed
913 2229 952 2261 et
984 2229 1191 2262 senatores
1224 2236 1361 2262 omnes
1394 2225 1656 2261 iureiurando
1693 2225 1826 2261 adacti

333 2274 482 2320 scripto
509 2274 780 2319 promiserunt
798 2284 841 2309 se
867 2285 948 2309 non
975 2274 1096 2309 alium
1123 2284 1263 2319 regem
1289 2274 1364 2308 nisi
1391 2274 1537 2308 liberos
1567 2274 1692 2318 ipsius
1719 2283 1828 2308 crea·

274 2319 320 2354 <24
334 2324 457 2357 turos.
508 2321 664 2363 Quibus
689 2322 812 2357 rebus
831 2322 1004 2366 peractis
1023 2322 1131 2366 obiit,
1157 2325 1369 2367 postquam
1393 2321 1582 2366 regnavit
1607 2331 1736 2356 annos
1753 2320 1826 2356 V11

273 2367 320 2402 25
335 2379 425 2404 cum
444 2369 635 2412 semestri,
663 2369 764 2404 vixit
778 2369 849 2404 LX
868 2371 908 2404 et
925 2369 1106 2414 amplius.
1158 2369 1343 2405 Ceterum
1362 2369 1527 2403 fratrem
1546 2378 1663 2403 suum
1682 2369 1825 2403 vivens

334 2416 548 2452 Caesarem
574 2416 799 2462 appellarat
825 2419 864 2451 et
885 2417 1156 2452 consiliarium
1175 2417 1373 2451 habuerat
1401 2420 1439 2450 et
1465 2426 1705 2450 arcanorum
1733 2426 1827 2450 con-

274 2462 320 2497 26
334 2464 471 2499 scium.
523 2464 714 2505 Quamvis
741 2467 877 2499 autem
902 2464 1089 2499 indoctus
1116 2468 1231 2508 esset,
1257 2467 1393 2499 tamon
1420 2463 1642 2498 doctrinam
1662 2463 1825 2498 amabat

334 2515 373 2546 et
399 2512 578 2546 eruditos
597 2511 764 2555 colebat,
796 2511 931 2546 dicere
957 2512 1095 2547 solitus
1122 2522 1164 2547 se
1190 2512 1307 2546 malle
1334 2522 1385 2546 ex
1414 2511 1597 2545 doctrina
1623 2511 1825 2546 nobilitari

273 2557 319 2592 27
334 2569 455 2603 quam
481 2569 622 2604 regno.
673 2558 933 2594 Insidiatores
952 2569 1046 2594 suos
1065 2559 1226 2594 dicebat
1250 2569 1294 2594 se
1312 2569 1393 2593 non
1412 2559 1526 2592 aliter
1554 2559 1655 2593 male
1681 2562 1826 2593 tracta-

333 2610 480 2650 turum,
520 2616 639 2651 quam
676 2617 748 2651 pro
783 2607 993 2652 mancipiis
1028 2607 1192 2650 utendo,
1232 2606 1341 2651 quod
1374 2606 1484 2651 leges
1519 2606 1566 2640 iis
1599 2607 1824 2641 libertatem

334 2654 548 2699 eriperent.

456 2702 508 2736 10.
559 2701 620 2736 Ex
657 2704 896 2736 testamento
935 2701 1060 2746 igit-ur
1099 2701 1279 2736 defuncti
1313 2701 1421 2746 regis
1454 2700 1597 2745 regina
1632 2700 1824 2735 Evnocm

334 2759 425 2783 cum
452 2749 539 2784 cius
564 2749 699 2784 liberis
718 2752 757 2784 et
775 2749 942 2794 imperio
961 2749 1154 2783 successit
1173 2750 1212 2783 et
1229 2758 1364 2783 rerum
1384 2748 1653 2782 communium
1680 2751 1823 2782 tracta-

297 2795 482 2831 2tionem
509 2797 696 2841 suscepit,
722 2796 893 2831 filiorum
921 2796 1037 2841 quasi
1062 2796 1267 2841 magistra,
1301 2798 1422 2840 atque
1448 2805 1531 2829 una
1558 2805 1648 2828 cum
1674 2795 1721 2829 iis
1749 2805 1821 2839 pro

333 2843 524 2877 tribunali
550 2844 727 2886 sedebat,
758 2843 934 2878 medium
960 2844 1048 2888 ipsa
1075 2853 1288 2888 occupans,
1316 2843 1391 2877 illis
1417 2843 1619 2886 utrimque
1647 2842 1823 2877 assiden-

333 2889 459 2936 tibus3
498 2891 554 2925 sic
579 2891 620 2926 in
647 2891 827 2936 comitiis,
853 2891 910 2926 sic
934 2891 976 2926 in
1002 2890 1308 2938 quaestionibus
1334 2890 1702 2925 controversiarum
1729 2889 1821 2924 civi—
