2054 3282
320 246 390 285 556
710 246 890 285 ZONAR.
917 246 1048 283 EPIT.
1074 246 1186 283 XVII
1212 246 1244 291 7,
1270 245 1422 283 27-39.

320 371 448 424 εἴχετο
479 369 550 411 καὶ
582 369 705 415 αὖθις
736 373 808 410 τοῦ
840 368 937 421 πρὶν
968 367 1265 422 ἐγχειρήματος
1295 367 1366 409 καὶ
1396 373 1608 422 τυραννεῖν
1638 368 1710 411 καὶ
1730 369 1810 412 πά-

260 441 306 477 28
319 438 380 480 λιν
412 439 490 480 οὒκ
523 438 778 492 ἀνεβάλλετο.
841 437 864 477 ὁ
888 436 933 478 δὲ
954 435 1146 490 βασιλεὺς
1167 436 1382 491 γράμμασι
1402 436 1511 491 πρὸς
1531 437 1658 480 αὐτὸν
1689 438 1811 493 ἐγχα-

319 507 509 560 ραχθεῖσι
539 506 713 560 παρῄνει
744 505 815 546 τὸν
846 505 979 558 ἄνδρα
1011 504 1255 546 παύσασθαι
1285 509 1358 559 τῆς
1389 505 1590 553 ἀπονοίας
1619 507 1718 549 ποτὲ
1741 506 1814 549 καὶ

317 574 376 628 μὴ
411 574 472 616 ἀεὶ
502 574 731 628 βούλεσθαι
763 574 890 614 αἴτιον
921 572 1022 614 εἶναι
1051 573 1252 627 πολέμων
1283 573 1499 628 ὁμογενέσι
1529 574 1600 616 καὶ
1629 575 1705 630 τὴν
1736 579 1813 631 γῆν

195 646 232 681 D
259 647 304 682 29
318 644 461 696 αἱμασι
503 642 695 696 χραίνειν,
739 642 808 683 καὶ
852 642 1010 688 τούτοις
1053 646 1312 697 χριστιανῶν.
1375 643 1399 684 ὅ
1438 643 1484 685 δὲ
1519 648 1582 698 τῷ
1617 660 1660 686 τε
1703 644 1848 699 γήρᾳ5

317 710 573 764 τρυχόμενος
611 710 692 764 ἤδη
731 710 802 751 καὶ
837 709 946 763 πρὸς
982 710 1029 751 τὸ
1061 710 1213 764 μέλλον
1244 711 1467 765 ἰλιγγιάσας
1498 712 1712 754 σπένδεται
1742 713 1813 754 καὶ

258 783 305 818 30
316 778 501 831 πρόσεισι
536 783 598 831 τῷ
634 782 862 832 κρατοῦντι.
924 779 1117 825 κάκεῖνος
1153 778 1237 821 ὑπὸ
1277 779 1435 834 σκηνὴν
1471 781 1662 835 καθῆστο
1693 781 1810 835 βασί-

316 846 435 894 λειον,
480 847 550 888 καὶ
581 847 605 887 ὁ
636 846 833 900 Σκληρὸς
864 847 1001 901 βάδην
1031 849 1094 902 ᾔει
1124 847 1232 901 πρὸς
1269 848 1343 902 τὴν
1382 850 1551 903 σκηνήν,
1596 849 1810 904 ὗπερειδό-

315 931 442 968 μενος
473 915 750 969 ἑκατέρωθεν,
782 914 828 956 τὸ
859 916 938 969 μέν
968 931 1002 957 τι
1033 915 1098 957 διὰ
1121 916 1166 958 τὸ
1190 921 1332 971 γῆρας,
1364 916 1411 958 τὸ
1434 916 1479 959 δὲ
1501 916 1567 958 διὰ
1589 917 1660 959 τὸν
1682 918 1812 972 ὄγκον

257 988 299 1022 31
315 987 388 1024 τοῦ
421 984 633 1037 σώματος·
679 983 731 1037 ἦν
763 983 842 1037 γὰρ
874 984 1123 1039 εὐμεγέθης·
1170 985 1236 1026 ὅτε
1268 985 1338 1026 καὶ
1368 984 1415 1027 τὸ
1447 985 1657 1040 ᾀδόμενον
1687 987 1812 1028 εἰπεῖν
1827 992 1872 1028 10

317 1052 341 1092 ὁ
378 1052 569 1106 βασιλεὺς
608 1053 822 1099 Βασίλειος
860 1053 1015 1107 λέγεται
1058 1054 1138 1095 “321
1181 1054 1404 1096 ἐδεδοίκειν
1446 1054 1701 1108 προσάγεταί
1738 1071 1812 1109 μοι

45 1123 239 1160 W111178
257 1124 303 1160 32
315 1121 748 1175 χειραγωγούμενος.”
810 1122 850 1162 οἳ
881 1121 926 1163 δὲ
958 1122 1136 1176 ἀορασίᾳ
1167 1123 1375 1177 πληγῆναί
1399 1139 1502 1177 φασι
1521 1122 1593 1164 τὸν
1614 1122 1813 1178 Σκληρόν

256 1193 303 1228 33
317 1189 360 1230 ἐν
390 1194 451 1243 τῷ
488 1190 648 1231 ἀπιέναι
687 1189 758 1231 καὶ
798 1190 863 1231 διὰ
902 1194 1023 1232 τοῦτο
1067 1192 1425 1245 χειραγωγεῖσθαι.
1488 1191 1722 1245 ἐγγίσαντος
1766 1191 1812 1234 δὲ

104 1260 302 1298 P11223A
316 1262 388 1299 τοῦ
421 1257 577 1312 ἀνδρὸς
612 1263 662 1313 τῇ
701 1263 847 1314 σκηνῇ,
892 1260 1156 1314 κατανοήσας
1188 1260 1212 1301 ὁ
1243 1259 1434 1314 βασιλεὺς
1465 1261 1520 1301 ἔτι
1550 1259 1646 1306 τοὺς
1675 1260 1812 1306 πόδας

316 1327 444 1368 αὐτοῦ
483 1327 805 1380 ὗποδουμένους
842 1328 1085 1382 ὑποδήμασι
1122 1333 1326 1382 φοινικοῖς
1372 1327 1437 1382 (τὰ
1473 1328 1552 1383 μὲν
1589 1327 1669 1383 γὰρ
1708 1329 1810 1370 ἄλλα
1828 1337 1870 1373 15

314 1399 386 1449 τῆς
416 1395 623 1449 βασιλείας
656 1396 922 1450 γνωρίσματα
950 1396 974 1437 ὁ
995 1396 1193 1451 Σκληρὸς
1225 1397 1472 1444 ἀπεδύσατο,
1503 1396 1552 1438 τὰ
1586 1397 1632 1438 δέ
1663 1413 1707 1451 γε
1737 1398 1809 1438 πέ-

316 1464 406 1505 διλα
446 1464 526 1505 οὐκ
564 1465 745 1506 ἀπέθετο
784 1465 825 1519 ’ἢ
864 1465 943 1519 γὰρ
982 1462 1120 1506 λάθετ’
1154 1467 1179 1520 ἢ
1213 1466 1292 1507 οὐκ
1331 1465 1500 1520 ἐνόησεν
1509 1463 1537 1518 ⁹)
1577 1466 1810 1519 ἀπέστρεψε

314 1531 386 1578 τὰς
426 1532 546 1586 ὄψεις
584 1533 725 1581 εὐθύς,
768 1533 828 1587 μὴ
868 1533 1006 1580 ἄλλως
1043 1534 1160 1588 αὐτῷ
1191 1535 1370 1588 ἐντυχεῖν
1402 1534 1654 1588 ἀνεχόμενος
1685 1535 1723 1576 εἷ
1749 1534 1808 1589 μὴ
2051 1579 2054 1582 ⁴

254 1600 358 1641 34ἐν
389 1600 558 1642 ἰδιώτου
591 1601 726 1656 στολῇ.
788 1602 812 1642 ὁ
846 1602 890 1643 δὲ
928 1601 1012 1656 πρὸ
1051 1607 1123 1657 τῆς
1161 1607 1318 1657 σκηνῆς
1356 1603 1599 1657 ἀπορρίψας
1636 1601 1685 1643 τὰ
1723 1603 1860 1644 ἐπί-Ι)
1881 1607 1934 1644 IV
1954 1607 2022 1644 117
2045 1623 2054 1639 -s

314 1669 459 1722 φθονα
502 1669 648 1711 πέδιλα
693 1671 829 1716 οὕτως
867 1671 1000 1712 ὑπέδυ
1040 1671 1181 1726 αὐτήν,
1225 1671 1297 1712 καὶ
1328 1671 1352 1713 ὁ
1382 1670 1574 1726 βασιλεὺς
1617 1671 1809 1726 ἐξανέστη
1824 1678 1872 1714 20

388 1775 406 1808 1
432 1774 528 1820 πρὶν]
554 1780 616 1810 νῦν
642 1775 673 1809 Β
794 1775 817 1810 4
841 1777 1033 1821 βούλεσθαι
1062 1787 1136 1811 om.
1164 1775 1193 1812 C
1220 1779 1397 1812 exeunte
1423 1787 1546 1812 versu
1662 1777 1685 1812 8
1709 1777 1812 1822 ὕπερ-

387 1823 610 1867 ερειδόμενος
636 1823 683 1868 p*
781 1823 803 1858 9
827 1824 946 1868 μέντοι
973 1823 1120 1869 Apr‚
1149 1835 1250 1860 corr.
1266 1823 1332 1868 Di,
1360 1835 1397 1859 V.
1416 1824 1508 1860 XIV
1527 1825 1654 1869 13,18.
1680 1824 1812 1860 XVIII

389 1870 445 1914 19,
471 1871 517 1905 26
616 1871 658 1905 11
687 1871 867 1906 ἐδεδόκειν
892 1871 928 1906 D
1028 1872 1082 1906 12.
1098 1872 1142 1906 13
1169 1885 1255 1917 φασι
1284 1873 1430 1907 omisso
1457 1877 1547 1917 post
1572 1872 1812 1917 αὐτοκράτορα

387 1917 440 1961 (V.
467 1917 519 1952 ad
546 1929 604 1953 vs.
631 1918 690 1963 13)
706 1918 811 1953 .add.
838 1919 975 1964 λέγουσι
1002 1918 1037 1953 D
1177 1920 1221 1955 13
1248 1922 1338 1965 post
1362 1919 1498 1954 ἀπιέναι
1525 1920 1616 1954 add.
1642 1919 1729 1964 πρὸς
1754 1920 1813 1956 τὸν

386 1965 626 2010 αὐτοκράτορα
653 1965 809 2012 prDz'
912 1967 972 2001 καὶ
998 1965 1166 2012 prDi,
1194 1978 1268 2002 om.
1295 1966 1330 2002 A
1433 1967 1477 2002 15
1503 1969 1678 2013 φοινίκοις
1704 1967 1740 2002 D

390 2013 444 2048 16.
463 2014 508 2048 17
534 2013 684 2049 ἀπέθετο
710 2015 731 2048 ὅ
755 2013 906 2059 σκληρὸς
924 2014 998 2049 ἀλλ’
1017 2015 1095 2060 οὐχὶ
1115 2015 1175 2050 καὶ
1201 2015 1241 2050 τὰ
1265 2015 1389 2050 πέδιλα
1416 2014 1447 2051 Ο
1545 2016 1588 2050 17
1614 2015 1636 2060 ἢ
1653 2015 1770 2050 λάθετ’
1789 2016 1811 2061 ἢ

386 2061 453 2095 ὸύκ
479 2061 634 2106 ἐνόησεν]
654 2062 770 2097 Hom.
789 2062 831 2096 Il.
851 2062 908 2096 IX
925 2062 994 2097 537
1090 2062 1208 2097 λάθετ’
1227 2061 1449 2108 BSprDi‚
1475 2063 1562 2098 λάθε
1579 2062 1607 2097 τ’
1627 2062 1667 2106 C,
1692 2063 1811 2109 λήθετ’

387 2108 429 2152 Ε,
458 2109 553 2154 λήθη
579 2108 607 2143 τ’
634 2107 669 2144 A
782 2109 923 2155 ἐνόησεν
949 2108 1117 2155 prDz',
1143 2110 1322 2156 ἐνενόησεν
1347 2110 1383 2145 Α
1497 2110 1542 2146 19
1568 2111 1750 2156 ἐπίφθορα
1775 2110 1811 2145 D

255 2202 302 2238 28
316 2204 453 2239 stituto
480 2215 562 2239 non
588 2204 815 2248 recedebat,
843 2215 1014 2250 regnum
1042 2216 1214 2250 propere
1233 2206 1506 2241 affeetaturus.
1558 2205 1637 2242 Sed
1664 2216 1688 2240 a
1714 2216 1811 2252 rege

315 2261 388 2296 per
420 2252 572 2286 litteras
606 2253 791 2296 monitus,
830 2255 875 2287 ut
907 2253 1069 2288 tandem
1105 2254 1250 2288 omissa
1276 2254 1390 2288 rabie
1417 2254 1707 2289 continentium
1733 2254 1811 2289 bel-

314 2298 444 2334 lorum
472 2299 647 2334 civilium
675 2303 817 2335 auctor
843 2311 932 2336 esse
959 2300 1161 2336 desineret
1189 2311 1293 2336 neve
1321 2304 1469 2336 terram
1500 2301 1700 2346 sanguine
1731 2301 1811 2346 pol-

253 2345 301 2380 29
314 2346 444 2382 lueret
477 2357 606 2392 eoque
640 2346 968 2392 Christianorum,
1008 2358 1098 2382 cum
1135 2352 1174 2383 et
1206 2351 1413 2384 senectute
1448 2349 1527 2383 iam
1563 2348 1811 2393 affligeretur

314 2404 447 2439 neque
474 2395 664 2439 optimam
693 2405 802 2440 spem
831 2396 998 2439 foveret,
1027 2406 1098 2440 per
1125 2397 1332 2441 pactiones
1360 2396 1411 2430 ad
1437 2396 1546 2430 illum
1573 2406 1616 2431 se
1642 2397 1809 2431 confert.

253 2440 301 2476 30
315 2441 391 2482 Qui
418 2451 508 2476 cum
534 2443 576 2476 in
602 2443 716 2487 regio
743 2443 1007 2478 tabernaculo
1035 2443 1180 2478 sedens
1207 2443 1384 2478 Sclerum
1413 2443 1587 2488 peditem
1614 2443 1810 2479 accedere

314 2489 471 2524 videret
502 2490 704 2534 utrimque
737 2490 944 2525 suffultum
971 2494 1055 2525 tum
1083 2491 1244 2535 quidem
1273 2492 1323 2526 ob
1351 2493 1609 2534 senectutem,
1645 2493 1728 2525 tum
1757 2491 1808 2526 ob

252 2535 296 2570 31
313 2536 455 2570 molem
484 2538 665 2582 corporis
691 2537 873 2582 (grandis
893 2539 997 2572 enim
1017 2538 1129 2582 crat),
1157 2539 1404 2574 celebratum
1430 2538 1527 2572 illud
1555 2538 1704 2573 dixisse
1734 2548 1808 2573 rex

253 2582 300 2617 32
313 2582 485 2618 Basilius
520 2585 667 2619 fertur:
705 2585 862 2626 “Quem
896 2586 1118 2628 timueram,
1158 2586 1209 2620 ad
1235 2596 1298 2620 me
1324 2595 1447 2620 manu
1479 2585 1682 2620 ducitur.”
1729 2584 1807 2620 Alii

313 2630 491 2666 Sclerum
525 2632 566 2666 in
598 2632 664 2666 illo
698 2642 866 2667 accessu
895 2633 1026 2667 visum
1060 2634 1239 2668 amisisse
1272 2634 1408 2667 ferunt
1440 2643 1571 2677 eaque
1602 2633 1652 2667 de
1684 2643 1808 2668 causa

253 2677 299 2712 33
314 2678 550 2714 ductoribus
576 2680 700 2715 fuisse
726 2690 856 2715 usum.
907 2679 1005 2716 Cum
1032 2690 1158 2726 prope
1184 2680 1492 2716 tabernaculum
1520 2681 1706 2723 venisset,
1734 2691 1806 2715 rex

313 2726 606 2761 animadversis
640 2728 822 2772 puniceis
861 2728 948 2762 eius
985 2728 1129 2762 calceis
1169 2730 1275 2769 (nam
1314 2730 1448 2763 cetera
1480 2729 1655 2772 insignia
1693 2728 1808 2773 regia

315 2771 474 2808 Sclerus
507 2773 762 2818 deposuerat,
804 2775 948 2810 calceis
981 2775 1074 2810 solis
1106 2776 1192 2811 sive
1229 2785 1301 2820 per
1335 2775 1576 2810 oblivionem
1617 2776 1703 2810 sive
1735 2785 1808 2820 per

314 2820 620 2865 incogitantiam
652 2823 833 2863 retentis)
860 2823 993 2857 statim
1028 2823 1174 2857 avertit
1208 2822 1345 2858 oculos
1377 2832 1510 2867 neque
1537 2833 1626 2857 cum
1657 2832 1704 2857 eo
1732 2822 1807 2857 nisi

253 2865 301 2900 34
315 2868 462 2911 privati
490 2868 630 2903 habitu
657 2869 830 2914 colloqui
856 2870 1056 2904 sustinuit.
1108 2869 1207 2905 Cum
1233 2870 1359 2915 igitur
1385 2874 1479 2905 ante
1499 2870 1807 2905 tabernaculum

314 2914 537 2950 invidiosos
562 2916 650 2952 illos
677 2917 833 2952 calceos
855 2917 1077 2961 abiecisset,
1103 2918 1160 2952 ita
1179 2918 1360 2963 ingresso
1380 2927 1453 2952 rex
1472 2918 1694 2952 assurrexit
1719 2927 1806 2962 por·
