2054 3282
403 242 473 277 262
829 238 1010 277 ZONAR.
1038 238 1168 275 EPIT.
1196 237 1267 275 XV
1293 237 1326 283 4,
1352 238 1480 276 3—14.

357 363 387 398 Β
405 362 536 417 (παρὰ
571 363 650 417 γὰρ
681 366 766 404 τῶν
797 361 840 402 F
836 361 980 402 ότθων
1011 359 1282 415 κατείχοντο),
1326 360 1415 402 τότε
1446 361 1518 403 καὶ
1547 361 1720 409 τούτους
1751 362 1906 417 ἱστορεῖ

366 433 450 487 4τῇ
477 432 624 485 Ἰταλίᾳ
657 430 913 484 ἐπεμβαλεῖν.
975 429 1071 476 τοὺς
1102 430 1242 483 μέντοι
1262 429 1306 470 Γ
1301 429 1456 476 ότθους
1476 430 1535 485 μὴ
1570 432 1685 477 οἴους
1714 447 1756 472 τε
1778 432 1901 477 ὄντας

401 500 473 542 καὶ
499 500 722 554 Ῥωμαίοις
755 498 826 540 καὶ
853 498 1064 552 Φράγγοις
1096 499 1465 540 ἀντικαθίστασθαι
1495 499 1604 553 πρὸς
1634 499 1731 546 τοὺς
1758 500 1900 555 Φράγ-

402 585 503 624 γους
534 570 689 611 θέσθαι
721 567 907 613 σπονδὰς
937 566 1008 608 καὶ
1039 567 1110 608 τὸν
1141 567 1249 622 πρὸς
1275 568 1459 614 ἐκείνους
1482 568 1757 610 διαλύσασθαι
1777 567 1899 609 πόλε-

400 653 497 692 μον,
541 636 961 691 παρακεχωρηκότας
1000 637 1140 682 αὐτοῖς
1178 640 1263 677 τῶν
1300 636 1344 677 Γ
1339 636 1503 685 αλλιῶν,
1548 637 1721 690 ὅσαιπερ
1761 638 1937 684 αὖτοῖς5

366 707 712 760 ὖπροσεγένοντο.
774 704 846 746 καὶ
884 704 958 758 τὴν
1001 707 1151 759 πρᾶξιν
1194 705 1346 760 ταύτην
1388 705 1459 747 καὶ
1503 705 1629 747 αὐτὸν
1673 706 1902 760 ἐπιρρῶσαι

401 774 472 816 τὸν
498 772 801 827 Ἰοινστινιανόν,
842 773 1081 828 δεηθέντων
1112 777 1197 815 τῶν
1235 774 1459 828 Φράγγων,
1499 774 1901 829 πραγματευόμενον

401 843 447 884 τὸ
483 842 542 897 μὴ
572 842 795 896 Ῥωμαίοις
830 842 1060 896 πολεμοῦσι
1096 842 1205 896 πρὸς
1240 842 1284 883 Γ
1280 842 1435 889 ότθους
1474 843 1764 884 ἐναντιοῦσθαι
1805 842 1902 889 τοὺς

221 913 388 949 W11186
408 911 645 965 Φράγγους,
679 910 765 951 ἀλλ’
800 910 900 952 εἶναι
931 910 979 951 τὰ
1011 911 1119 964 πρὸς
1136 911 1372 965 Ῥωμαίους
1392 911 1552 958 τούτοις
1584 911 1650 953 διὰ
1681 911 1756 966 τὴν
1776 912 1900 965 ἐπίρ-

367 983 534 1033 6ρωσιν
573 980 700 1033 φίλια.
763 980 991 1021 κάντεῦθεν
1029 979 1126 1026 τοὺς
1166 979 1412 1034 Γερμανοὺς
1453 980 1701 1022 Μασσαλίαν
1744 996 1786 1022 τε
1828 979 1902 1034 τὴν
1918 986 1963 1022 10

361 1050 389 1087 C
409 1049 633 1090 Φωκαέων
665 1049 859 1089 ἀποικίαν
890 1047 961 1089 καὶ
992 1047 1040 1088 τὰ
1073 1048 1139 1090 ἐπὶ
1176 1049 1368 1103 θαλάσσῃ
1409 1049 1545 1103 χωρία
1586 1053 1697 1103 σχεῖν
1740 1049 1901 1090 ἅπαντα

404 1117 475 1158 καὶ
505 1121 578 1171 τῆς
609 1117 696 1158 ἐκεῖ
723 1121 926 1171 κρατῆσαι
957 1117 1185 1171 θαλάσσης,
1230 1117 1362 1158 πολλὰ
1404 1117 1448 1159 δὲ
1480 1117 1551 1158 καὶ
1581 1121 1666 1159 τῶν
1697 1117 1904 1158 Βενετίων

370 1189 638 1239 Ἰκατασχεῖν.
702 1186 838 1231 οὕτως
871 1184 946 1226 οὖν
979 1186 1019 1226 οἱ
1055 1185 1242 1240 Φράγγοι
1273 1186 1597 1240 πεπλησιακότες
1627 1189 1711 1232 τοῖς
1736 1185 1905 1231 Ἰταλοῖς

406 1255 457 1296 οὗ
502 1254 683 1295 διέλιπον
727 1255 865 1295 ἔκτοτε
904 1254 1085 1300 ἐπιόντες
1123 1259 1207 1300 τοῖς
1241 1255 1371 1296 ἐκεῖσε
1397 1254 1620 1309 Ῥωμαίοις
1650 1254 1722 1296 καὶ
1751 1254 1801 1295 τὰ
1832 1252 1903 1295 ὑπ’

370 1322 559 1369 8αύτοὺς
589 1322 836 1377 ληιζόμενοι.
900 1323 1190 1378 ἀποστατήσας
1222 1322 1310 1377 οὖν,
1345 1324 1406 1370 ὡς
1437 1325 1603 1378 εἴρηται,
1635 1327 1707 1378 τῆς
1731 1327 1804 1364 τοῦ
1826 1323 1965 1377 [Sa-15

407 1391 554 1437 σιλέως
576 1392 770 1446 ὑπακοῆς
792 1392 815 1432 ὁ
836 1391 980 1437 πάπας
1004 1391 1046 1432 Γ
1040 1391 1238 1446 ρηγόριος
1261 1392 1327 1433 διὰ
1350 1391 1424 1446 τὴν
1456 1392 1616 1434 ἐκείνου
1648 1391 1906 1440 κακοδοξίαν

406 1464 490 1506 τοῖς
512 1460 723 1514 Φράγγοις
744 1460 970 1508 ἐσπείσατο,
1002 1460 1208 1514 πρότερον
1229 1460 1428 1507 πολλάκις
1457 1460 1640 1507 σπεύσας
1672 1460 1738 1502 διὰ
1770 1475 1905 1514 γραμ-

405 1528 554 1583 μάτων
589 1528 662 1570 τὸν
693 1528 855 1570 Λέοντα
893 1533 965 1584 τῆς
1000 1528 1221 1583 μισοθεΐας
1256 1533 1511 1584 μετενεγκεῖν
1554 1529 1626 1571 καὶ
1667 1533 1908 1583 μεταπεῖσαι

481 1677 501 1712 1
527 1678 669 1716 τούτους
695 1675 741 1720 Α,
768 1676 848 1716 τοὺς
866 1677 1046 1722 φράγγους
1063 1677 1162 1722 pr
1262 1676 1405 1721 ἱστορεῖ]
1434 1677 1603 1722 Procop.
1631 1676 1668 1711 II
1695 1687 1731 1722 p.
1757 1676 1838 1721 416,
1867 1677 1909 1712 12

480 1726 503 1760 3
528 1725 588 1760 καὶ
613 1728 704 1770 post
730 1726 830 1763 ὄντας
858 1735 932 1760 om.
960 1725 1068 1770 Ewp,
1096 1726 1132 1759 et
1158 1724 1367 1760 Romanis:
1399 1726 1466 1760 Wo
1492 1725 1558 1759 lat.
1676 1727 1771 1759 ante
1797 1724 1910 1770 φράγ-

481 1787 555 1818 γοις
582 1773 674 1808 add.
703 1779 773 1811 τοῖς
798 1773 897 1818 pr
1032 1772 1054 1808 5
1081 1777 1153 1807 τῶν
1179 1773 1332 1817 γαλλιῶν
1355 1773 1710 1818 παρακεχωρηκότας
1736 1772 1854 1811 αὐτοῖς
1880 1771 1911 1808 Ο

482 1821 502 1856 7
529 1824 620 1867 post
646 1821 754 1856 ιὀυστ.
781 1820 873 1855 add.
899 1821 1067 1865 βασιλείῳ
1092 1826 1215 1866 γραφῇ
1241 1820 1352 1866 pr,
1381 1831 1418 1855 V.
1447 1820 1616 1866 Procop,
1641 1820 1664 1855 l.
1684 1830 1715 1855 c.
1744 1831 1780 1865 p.
1794 1820 1913 1864 417,4

529 1874 599 1904 τῶν
625 1869 796 1913 φράγγων
821 1868 1064 1913 αἰτησαμένων
1092 1868 1122 1904 Ο
1222 1869 1244 1903 8
1270 1868 1510 1913 ἠναντιῶσθαι
1538 1867 1635 1913 pr
1734 1868 1780 1903 10
1803 1881 1912 1912 μασα-

481 1917 558 1952 λίαν
582 1916 646 1952 ΒΟ
673 1920 712 1951 et
740 1916 910 1961 Procop.
937 1916 960 1950 l.
988 1927 1018 1951 e.
1046 1927 1083 1961 p.
1107 1916 1188 1960 417,
1208 1917 1230 1951 8
1256 1917 1325 1950 vix
1353 1919 1464 1951 recte
1560 1915 1622 1961 τὴν
1647 1914 1816 1961 prDz‘,
1842 1920 1913 1950 τῶν

482 1963 518 1999 Α
624 1965 666 1998 11
695 1965 874 2009 φωκαίων
900 1964 931 1998 Ε
1039 1964 1083 1998 12
1109 1965 1275 2009 βενετίων
1302 1962 1370 1999 ΑΟ
1397 1963 1566 2008 Procop.
1594 1964 1616 1997 l.
1645 1974 1676 1998 c.
1702 1974 1739 2008 p.
1757 1963 1839 2007 417,
1854 1963 1911 2007 23,

481 2014 646 2058 βενετιῶν
673 2010 828 2056 EwpDi
928 2010 972 2045 14
998 2011 1156 2046 διέλεπον
1182 2011 1266 2056 W'*p
1370 2017 1439 2050 τοῖς
1464 2011 1579 2046 ἐκεῖσε
1603 2011 1776 2056 ῥωμαίοις
1800 2011 1911 2046 ἔπιόν-

483 2074 537 2099 τες
563 2059 594 2095 Ο
742 2059 786 2094 15
813 2064 873 2094 τοῦ
901 2069 975 2094 om.
1002 2058 1037 2093 D
1186 2059 1229 2094 17
1256 2058 1312 2094 διὰ
1339 2059 1555 2104 γραμμάτων
1579 2059 1730 2098 σπεύσας
1755 2058 1854 2105 pr

412 2201 489 2236 bus
503 2200 694 2235 Romanis
720 2203 927 2245 praeesset
953 2203 992 2235 et
1018 2210 1109 2235 cum
1124 2199 1281 2235 Gotthis
1308 2200 1357 2234 de
1372 2199 1488 2235 Italia
1515 2202 1554 2235 et
1579 2199 1749 2234 urbibus
1763 2199 1912 2234 Italicis

413 2249 584 2294 ipsaque
609 2248 748 2292 Roma,
790 2258 896 2293 quae
921 2250 1005 2282 tum
1035 2258 1059 2282 a
1085 2247 1242 2283 Gotthis
1269 2248 1524 2288 tenebantur,
1553 2247 1789 2291 decertaret,
1826 2250 1911 2282 tum

377 2293 484 2331 4eos
511 2305 673 2341 quoque
714 2299 854 2330 narrat
880 2295 1037 2330 Italiam
1064 2295 1281 2340 invasisse3
1325 2299 1364 2330 et
1390 2294 1571 2338 Gotthos,
1615 2295 1684 2339 qui
1717 2294 1834 2330 simul
1873 2297 1913 2330 et

414 2343 606 2378 Romanis
639 2346 679 2378 et
703 2342 869 2379 Francis
904 2344 1091 2378 resistere
1126 2353 1208 2378 non
1242 2346 1416 2388 possent,
1452 2353 1542 2376 cum
1575 2342 1634 2376 his
1658 2342 1762 2377 bello
1798 2342 1910 2376 finito

378 2389 555 2436 bpacem
584 2391 737 2434 fecisse,
766 2391 967 2426 concessis
994 2390 1143 2434 Galliis,
1177 2401 1282 2435 quae
1313 2391 1360 2424 iis
1388 2393 1652 2424 accesserant.
1702 2388 1837 2434 Atque
1870 2389 1911 2423 id

415 2440 567 2474 factum
591 2439 723 2484 ipsum
750 2439 871 2474 etiam
897 2438 1166 2473 Iustinianum
1194 2438 1358 2472 Francis
1396 2437 1625 2482 petentibus
1653 2437 1911 2472 confirmasse

416 2497 463 2522 eo
492 2486 669 2530 consilio,
706 2497 757 2521 ne
783 2486 975 2521 Romanis
1009 2485 1178 2521 Gotthos
1211 2485 1545 2530 impugnantibus
1570 2484 1715 2518 Franci
1748 2484 1908 2528 impedi-

379 2533 401 2567 6
416 2537 551 2569 mento
567 2539 711 2577 essent,
738 2534 809 2568 sed
837 2534 922 2569 eius
943 2533 1259 2568 confirmationis
1278 2533 1411 2577 gratia
1430 2542 1571 2577 pacem
1586 2534 1767 2576 agerent.
1794 2530 1911 2567 Unde

417 2581 642 2617 Germanos
667 2581 893 2623 Massiliam,
926 2580 1244 2616 Phocaeensium
1275 2580 1483 2622 coloniam,
1519 2583 1558 2614 et
1592 2579 1681 2614 loca
1711 2579 1911 2614 maritima

418 2639 640 2674 occupasse
666 2629 800 2664 omnia
826 2628 975 2674 illoque
1007 2629 1108 2662 mari
1135 2637 1222 2663 esse
1249 2627 1396 2673 potitos
1426 2630 1549 2671 atque
1576 2627 1694 2662 etiam
1720 2636 1910 2672 magnam

381 2676 402 2710 7
417 2676 662 2711 Venetorum
690 2677 779 2721 agri
806 2679 962 2721 partem
982 2676 1213 2711 obtinuisse.
1264 2675 1325 2709 Ita
1345 2674 1520 2709 Francos
1548 2685 1639 2709 cum
1664 2674 1704 2708 in
1720 2673 1911 2708 Italorum

417 2724 566 2758 vicinia
585 2724 873 2766 consedissent,
899 2724 950 2758 ab
978 2733 1026 2758 eo
1041 2726 1222 2768 tempore
1248 2733 1328 2757 non
1355 2722 1553 2757 destitisse
1572 2722 1774 2756 Romanos
1799 2721 1912 2756 bellis

381 2771 616 2806 Slacessere
659 2781 881 2816 eorumque
924 2771 1154 2816 provincias
1194 2770 1390 2815 populari.
1442 2769 1613 2804 Deserta
1646 2769 1771 2813 igitur
1805 2769 1913 2813 regis

420 2819 687 2862 oboedientia,
727 2822 771 2854 ut
799 2819 948 2853 dictum
976 2822 1045 2861 est,
1086 2828 1194 2863 papa
1221 2816 1443 2862 Gregorius
1471 2818 1521 2851 ob
1548 2826 1781 2861 perversam
1807 2815 1913 2850 illius

420 2866 648 2910 opinionem
677 2877 819 2911 pacem
846 2877 937 2901 cum
962 2866 1128 2900 Francis
1154 2865 1260 2908 fecit,
1288 2875 1377 2899 cum
1405 2865 1516 2909 prius
1542 2873 1664 2908 saepe
1680 2863 1820 2898 litteris
1846 2863 1912 2897 da-

419 2913 468 2948 tis
495 2913 672 2949 dedisset
698 2924 874 2959 operam,
909 2917 954 2949 ut
979 2913 1158 2949 Leonem
1185 2912 1236 2947 ab
1264 2912 1355 2948 odio
1384 2912 1448 2947 dei
1473 2915 1686 2947 revocaret
1712 2914 1835 2956 atque
1860 2910 1913 2945 ad

2047 650 2054 714 Ξ

2048 733 2054 765 ³
