2054 3282
395 230 465 267 282
787 228 967 267 ZONAR.
995 228 1125 266 EPIT.
1152 227 1222 264 XV
1249 229 1282 273 8,
1309 227 1436 274 20-9,
1463 227 1496 265 7.

393 351 465 393 καὶ
495 352 568 407 τὴν
599 353 756 406 τέφραν
786 351 1054 406 λικμήσαντα,
1087 349 1146 404 μὴ
1179 350 1319 404 μέντοι
1351 350 1467 404 αὐτῷ
1491 350 1548 396 εἷς
1569 351 1692 405 ἔργον
1713 352 1888 407 ἐκβῆναι

279 425 308 463 C
333 426 377 462 21
393 420 438 462 τὸ
470 421 682 475 βούλημα·
727 421 888 474 φθῆναι
926 418 1004 473 γὰρ
1036 418 1132 464 τοὺς
1162 418 1427 472 ὀρθοδόξους
1456 419 1676 473 μαθόντας
1705 420 1752 462 τὸ
1782 421 1885 475 βου-

393 489 618 543 λευόμενον
649 489 878 542 ἀφελέσθαι
909 487 955 529 τὸ
986 492 1058 542 τῆς
1088 487 1303 541 μάρτυρος
1334 491 1459 541 σῶμα
1492 488 1539 529 ἐκ
1570 492 1642 542 τῆς
1663 493 1794 543 σοροῦ
1815 489 1887 531 καὶ

392 558 630 612 μεταθεῖναι
655 557 770 610 αὐτό,
804 557 943 610 ἕτερον
966 555 1010 597 δὲ
1032 555 1182 610 νεκρὸν
1204 556 1383 597 ἐνθεῖναι
1405 556 1523 610 αὐτῇ,
1556 557 1750 598 κάκεῖνον
1769 556 1886 612 παρὰ

334 631 380 667 22
392 630 465 667 τοῦ
495 626 702 680 ἀλιτηρίου
736 625 895 666 ἐκείνου
926 624 1225 678 παραδοθῆναι
1255 625 1373 678 πυρί·
1407 624 1431 665 ὁ
1465 621 1501 665 δ’
1535 625 1674 679 ἔτερος
1705 626 1756 667 οὗ
1781 629 1922 667 κου-5

392 695 531 748 θῆναι,
575 694 953 747 καταποντωθῆναι
998 693 1043 734 δὲ
1079 692 1184 746 λέγει
1221 692 1267 734 τὸ
1306 696 1431 744 σῶμα
1465 697 1537 748 τῆς
1566 693 1781 748 μάρτυρος
1812 693 1887 736 σὺν

333 768 379 803 23
392 767 442 817 τῇ
472 763 665 815 λάρνακι·
706 761 779 815 τὴν
812 762 857 803 δὲ
888 762 1020 816 χάριτι
1051 762 1146 815 θείᾳ
1177 762 1506 816 κυβερνωμένην
1537 762 1806 816 προσοκεῖλαι
1836 767 1886 818 τῇ

392 831 510 884 νήσῳ
543 830 708 884 Λήμνῳ
740 830 810 871 καὶ
847 829 930 871 ὑπὸ
970 834 1054 871 τῶν
1095 831 1136 871 ἓν
1174 834 1224 885 τῇ
1263 830 1381 884 νήσῳ
1423 833 1580 871 πιστῶν
1625 831 1888 884 γνωσθεῖσαν

332 903 379 939 24
391 899 669 953 κατατεθῆναι
716 899 811 946 ἐκεῖ,
859 899 924 940 ἒπὶ
969 898 1014 940 δὲ
1056 898 1243 953 Εἰρήνης
1286 897 1356 939 καὶ
1403 898 1718 940 Κωνσταντίνου
1763 898 1889 946 αὖθις

392 967 730 1022 ἀνακομισθῆναι
769 968 825 1014 εἰς
860 967 934 1022 τὴν
965 968 1267 1022 ὑπερκειμένην
1297 970 1382 1008 τῶν
1412 966 1580 1009 πόλεων
1611 968 1787 1023 ἐντίμως
1817 968 1888 1010 καὶ
1903 973 1949 1009 10

389 1036 733 1091 μεγαλοπρεπῶς.

331 1110 377 1145 25
506 1104 559 1147 ‘O
587 1105 666 1159 μὲν
698 1104 774 1146 οὖν
806 1106 942 1151 οὕτως
974 1106 1159 1159 αἰσχρῶς
1189 1105 1351 1159 βιώσας
1383 1105 1519 1150 οὕτως
1555 1105 1716 1159 ἀπεβίω
1754 1105 1886 1160 βιαιό-

340 1178 503 1227 Βτατα,
548 1174 610 1220 ὡς
654 1174 871 1228 ἱστόρηται,
915 1174 1191 1228 μοναρχήσας
1229 1174 1296 1228 ἔτη
1336 1174 1556 1227 τριάκοντα
1595 1173 1661 1215 ἐπὶ
1696 1175 1887 1228 τέσσαρσι

390 1241 461 1283 καὶ
491 1242 593 1297 μησὶ
613 1243 728 1296 τρισί,
761 1243 920 1288 τούτοις
941 1242 1011 1284 καὶ
1032 1246 1118 1284 τῶν
1140 1243 1218 1284 δύο
1241 1243 1441 1283 ἐνιαυτῶν
1463 1242 1885 1297 συναριθμουμένων,

391 1311 465 1357 οὓς
497 1311 520 1352 ὁ
547 1311 832 1366 Ἀρτάβασδος
862 1311 963 1366 ἦρξε
993 1311 1141 1352 τούτου
1173 1311 1501 1365 περιγενόμενος.
1901 1317 1945 1353 15

349 1378 376 1422 9
502 1379 732 1435 Ἐκράτησε
764 1380 809 1423 δὲ
839 1384 911 1436 τῆς
941 1380 1148 1434 βασιλείας
1180 1380 1203 1421 ὁ
1234 1379 1382 1421 τούτου
1412 1379 1502 1427 υἱὸς
1523 1378 1649 1422 Λέων
1680 1380 1704 1423 ὁ
1736 1381 1783 1423 ἐκ
1813 1385 1886 1436 τῆς

390 1518 616 1608 16]αὲλὲιά
640 1519 792 1601 Λέῗέτος
818 1524 877 1554 τοῦ
903 1520 982 1555 υἱοῦ
1009 1519 1100 1561 (υἱοῦ
1114 1524 1173 1554 τοῦ
1189 1517 1229 1563 C,
1255 1523 1316 1554 τοῦ
1330 1517 1380 1561 1))
1398 1518 1647 1563 Κοπρωνύμου
1672 1516 1753 1563 AR,
1780 1519 1886 1555 Λέων

391 1580 411 1602 ο
435 1580 476 1601 εκ
540 1580 561 1601 α
584 1580 671 1611 αρας

462 1686 484 1721 2
510 1687 674 1732 βούλημα
700 1685 847 1732 Apr,
872 1687 1052 1733 βούλευμα
1077 1685 1144 1731 Di,
1171 1698 1208 1721 V.
1234 1686 1366 1722 XVHI
1391 1687 1424 1730 3,
1445 1687 1464 1721 1
1562 1686 1584 1721 3
1611 1689 1705 1721 ante
1730 1686 1768 1721 τό
1793 1686 1885 1722 add.

461 1735 646 1779 λαθραίως
672 1734 807 1779 Bpr
906 1734 928 1770 5
953 1735 1130 1779 ἀλιτηρίου
1156 1733 1202 1776 A,
1229 1735 1408 1779 ἀλιτηρίου
1427 1732 1595 1779 prDi,
1622 1734 1811 1779 ἀλητηρίου
1838 1734 1886 1779 p*

462 1782 484 1817 6
499 1782 536 1817 τὸ
551 1787 654 1827 σῶμα
667 1782 754 1827 λέγει
770 1782 866 1828 Ewp
943 1783 964 1817 7
978 1788 1020 1828 τῇ
1034 1783 1204 1817 alterum
1220 1793 1295 1817 om.
1307 1782 1341 1816 D
1425 1783 1447 1817 8
1460 1781 1613 1827 Λήμνῳ]
1630 1781 1743 1827 Glye.
1759 1781 1885 1828 p.530,

464 1830 565 1865 1488.
585 1833 724 1865 narrat
743 1830 821 1874 περὶ
847 1829 909 1875 τὴν
926 1830 1096 1876 Λέσβον
1120 1835 1227 1875 νῆσον
1246 1830 1494 1875 Euphemiae
1520 1840 1667 1874 eorpus
1692 1839 1782 1865 esse
1808 1840 1886 1865 sel·-

462 1882 622 1922 vatum3
649 1878 720 1913 sed
746 1878 909 1913 videtur
934 1878 1020 1923 ipse
1047 1877 1195 1922 Glycas
1222 1887 1388 1921 errasse,
1416 1878 1492 1912 nisi
1519 1878 1624 1912 forte
1650 1878 1752 1912 falso
1779 1878 1886 1913 testi-

462 1926 597 1960 monio
625 1924 791 1971 Georgii
817 1926 1004 1961 monaehi
1032 1926 1208 1960 auctoris
1236 1928 1286 1966 (v.
1306 1925 1396 1959 Duc
1423 1925 1475 1959 ad
1502 1925 1538 1959 h.
1556 1925 1579 1959 1.
1599 1924 1795 1966 Zonarae)
1822 1925 1887 1960 de-

462 1976 604 2018 ceptus
631 1976 709 2018 est3
735 1984 774 2008 v.
801 1973 979 2018 Theoph.
1007 1973 1024 2007 I
1050 1984 1087 2018 p.
1113 1973 1193 2016 439,
1221 1973 1277 2015 32,
1305 1971 1350 2007 G.
1376 1972 1426 2007 M.
1454 1984 1490 2018 p.
1517 1972 1596 2016 662,
1626 1971 1681 2017 14,
1709 1971 1822 2008 Cedr.
1851 1972 1888 2007 II

462 2032 498 2065 p.
525 2021 582 2064 20,
609 2020 667 2065 22,
707 2024 799 2056 acta
825 2020 1065 2056 Sanctorum
1093 2020 1158 2055 die
1183 2020 1275 2055 XVI
1305 2031 1354 2055 m.
1383 2019 1604 2065 Septembr.
1631 2023 1656 2055 t.
1683 2020 1717 2055 V
1742 2031 1779 2066 p.
1806 2020 1886 2055 260.

462 2069 532 2104 276
559 2070 605 2108 (C.
633 2068 654 2103 7
680 2069 748 2110 in.)
878 2068 899 2103 9
924 2069 1162 2103 κατατεθεϊναι
1189 2068 1236 2110 D,
1263 2068 1294 2103 E
1322 2078 1422 2103 corr.
1450 2078 1500 2103 ex
1526 2068 1770 2113 κατατεθῆναι,
1796 2067 1885 2113 W*p

510 2119 601 2162 post
627 2116 686 2151 καὶ
714 2116 805 2151 add.
832 2121 892 2151 τοῦ
917 2117 995 2151 υἶοῢ
1021 2116 1128 2161 αὐτῆς
1155 2115 1251 2161 pr
1367 2115 1411 2150 12
1436 2117 1571 2161 αἰχρῶς
1597 2115 1633 2150 D
1749 2115 1793 2151 13
1817 2115 1884 2160 ἐπὶ]

459 2164 558 2247 {pff-I
574 2170 645 2256 1203:-
666 2163 726 2255 34)
847 2163 892 2199 14
916 2165 1008 2209 τρισί
1029 2162 1197 2210 prDi,
1223 2164 1293 2199 τισί
1314 2162 1382 2198 ΑΒ
1410 2163 1474 2206 (de
1501 2163 1617 2199 simili
1643 2163 1742 2199 vitio
1769 2174 1807 2198 v.
1834 2163 1887 2198 ad

329 2328 373 2364 21
389 2341 516 2376 reque
533 2331 750 2375 miscendo,
774 2331 846 2366 sed
864 2332 951 2367 eius
969 2332 1194 2366 institutum
1214 2331 1399 2366 effectum
1419 2341 1501 2365 non
1520 2340 1619 2374 esse,
1646 2340 1736 2365 cum
1756 2330 1886 2366 ortho-

390 2378 486 2413 doxi
513 2389 561 2414 eo
590 2383 739 2414 conatu
763 2380 926 2424 cognito
953 2380 1140 2424 martyris
1168 2389 1314 2423 corpus
1339 2389 1361 2413 e
1388 2378 1519 2413 loculo
1550 2381 1779 2423 surreptum
1806 2378 1885 2412 alio

390 2426 689 2461 transtulissent
708 2430 747 2462 et
766 2437 913 2471 eorpus
932 2427 1101 2462 alterum
1122 2426 1438 2471 supposuissent,
1467 2425 1573 2470 quod
1594 2435 1618 2459 a
1635 2425 1793 2460 nefario
1818 2425 1884 2460 illo

330 2470 376 2505 22
391 2476 496 2508 esset
517 2477 749 2509 crematum.
776 2474 853 2509 Alii
868 2485 950 2509 non
966 2479 1196 2516 crematum,
1212 2474 1282 2509 sed
1297 2484 1379 2508 una
1395 2483 1485 2507 cum
1500 2472 1630 2508 loculo
1645 2473 1686 2507 in
1704 2473 1805 2507 mari
1821 2473 1885 2507 de-

330 2518 376 2553 23
391 2531 565 2556 mersum
595 2532 682 2556 esse
709 2532 856 2567 corpus
882 2522 1070 2566 martyris
1098 2522 1314 2562 affirmarim
1342 2531 1460 2565 quam
1489 2520 1628 2554 divina
1654 2520 1788 2565 gratia
1813 2530 1885 2565 gu-

391 2568 589 2604 bernante
615 2568 768 2604 Lemno
794 2570 951 2604 insulae
985 2579 1073 2604 esse
1100 2569 1311 2614 appulsam
1338 2571 1377 2603 et
1403 2578 1426 2602 a
1453 2567 1638 2602 fidelibus
1664 2567 1769 2602 illius
1808 2568 1885 2602 loci

331 2613 378 2648 24
392 2616 572 2660 agnitam
592 2617 671 2651 illie
690 2627 777 2652 esse
792 2620 1053 2660 asservatam,
1081 2619 1119 2651 et
1146 2617 1221 2651 sub
1248 2616 1365 2650 Irene
1393 2618 1432 2650 et
1448 2614 1711 2650 Constantino
1726 2615 1885 2650 honori-

392 2663 467 2698 fice
493 2667 532 2698 et
556 2665 772 2709 magnifice
797 2665 838 2699 in
864 2664 1114 2710 metropolim
1141 2674 1228 2699 esse
1253 2663 1432 2698 relatam.

331 2708 377 2743 25
512 2710 602 2746 Vita
615 2712 741 2756 igitur
767 2715 847 2747 tam
864 2712 982 2747 foede
1009 2714 1100 2746 acta
1118 2711 1406 2746 violentissime
1423 2710 1489 2745 ille
1502 2710 1662 2753 interiit,
1689 2712 1735 2744 ut
1748 2719 1884 2744 narra-

391 2760 475 2791 tum
513 2762 583 2802 est,
623 2769 712 2794 eum
745 2770 873 2794 annos
907 2762 1098 2804 quattuor
1134 2761 1173 2794 et
1198 2759 1364 2803 triginta
1391 2762 1430 2792 et
1456 2767 1613 2792 menses
1641 2760 1721 2792 tres
1748 2768 1883 2792 rerum

392 2806 543 2849 potitus
570 2812 684 2849 esset,
724 2807 756 2841 si
782 2807 830 2841 iis
856 2807 896 2841 id
932 2817 1095 2852 quoque
1122 2806 1329 2841 biennium
1364 2805 1455 2840 licet
1482 2815 1762 2848 annumerare,
1802 2815 1882 2849 quo

391 2850 645 2887 Artabasdus
671 2854 737 2888 illo
765 2855 949 2898 superior
975 2854 1202 2899 imperavit.
1564 2896 1568 2899 ⁴

510 2900 542 2935 9.
592 2900 748 2937 Potitus
772 2906 831 2938 est
857 2912 985 2948 regno
1013 2902 1100 2939 eius
1125 2901 1229 2938 filius
1254 2899 1346 2938 Lno
1374 2899 1555 2938 chazara
1580 2902 1712 2944 natus,
1739 2899 1882 2936 eodem
