2054 3282
495 282 741 323 ROMANVS
766 283 831 323 IV.
858 280 1120 324 DIOGENES
1145 281 1459 323 IMPERATOR.
1655 285 1726 323 689

229 407 399 462 ραιώθη
430 406 540 462 πρὸς
569 407 643 463 τὴν
671 406 797 463 ἑῴαν,
830 405 917 450 οὔτ’
940 407 1174 463 ἀξιόμαχον
1193 406 1454 463 ἑπαγόμενος
1475 408 1724 463 στράτευμα,

229 475 300 517 καὶ
331 476 356 517 ὃ
387 476 573 531 ἐπήγετο,
620 476 775 531 ἀπορίᾳ
812 476 883 518 καὶ
923 476 1068 519 ὅπλων
1105 476 1177 518 καὶ
1207 477 1350 518 ἵππων
1379 475 1451 518 καὶ
1480 479 1566 518 τῶν
1597 477 1724 531 ἀναγ-
1738 481 1934 518 WIII221

228 544 365 586 καίων
402 545 519 599 αὐτῷ
556 545 821 600 ἒτετρύχωτο.
883 545 931 586 ἐκ
973 548 1144 599 μακροῦ
1189 543 1270 600 γὰρ
1313 544 1726 599 κατολιγωρηθεῖσαν
1739 551 1762 586 8

227 611 302 666 τὴν
344 612 548 667 στρατιάν,
596 613 740 668 ὥσπερ
783 614 952 668 εἴρηται,
999 612 1165 668 ἀθρόον
1211 613 1500 668 ἀνακτηθῆναι
1547 613 1628 655 οὐκ
1671 612 1724 668 ἦν
1740 617 1770 655 C

0 666 19 735 ᾗ
191 686 214 722 5
228 681 405 735 εὐχερές.
468 681 787 735 ἀθροισθέντων
823 679 900 723 οὗν
938 685 1025 723 τῶν
1062 682 1200 728 οὕτως
1235 681 1420 736 ἐχόντων
1459 685 1726 737 στρατιωτῶν
1739 687 1763 723 9

227 749 333 790 κατὰ
364 748 411 791 τὸ
442 750 556 804 θέμα
587 753 674 791 τῶν
704 749 975 804 ἀνατολικῶν,
1008 751 1033 791 ὃ
1063 754 1136 805 τῆς
1165 749 1352 804 Φρυγίας
1383 750 1500 798 ἐστίν,
1533 751 1575 792 οἳ
1605 751 1649 792 ἓν
1650 766 1723 792 αν-

226 817 302 858 τίοι
338 817 549 872 μαθόντες
584 817 656 860 τὸν
693 818 863 872 βασιλέα
904 818 1058 860 ἐπιέναι
1097 818 1235 873 σφίσιν
1271 817 1399 860 αὐτὸν
1438 818 1509 860 καὶ
1539 823 1726 860 τοιοῦτον

0 865 55 957 {D
72 890 127 928 IV
143 890 214 926 207
228 884 328 927 εἶναι
359 885 422 932 ὡς
452 886 630 941 ἑτοίμως
659 887 998 941 προκινδυνεύειν
1028 890 1113 929 τῶν
1145 887 1365 942 ὑπηκόων,
1402 887 1551 942 ἀρηιόν
1581 904 1624 929 τε
1655 887 1726 929 καὶ

0 943 11 1003 {5
225 953 300 1008 τὴν
335 953 475 1008 ὁρμὴν
511 954 797 998 ἀνυπόστατον
836 954 901 1010 (τὰ
939 955 1019 1011 γὰρ
1056 960 1129 1011 τῆς
1167 959 1358 1011 στρατιᾶς
1396 956 1517 1002 ὅπως
1554 955 1725 998 διέκειτο

0 1036 13 1096 f
167 1027 213 1063 10
226 1022 306 1064 οὐκ
337 1023 541 1078 ἠκρίβουν
572 1024 612 1064 οἱ
641 1023 883 1078 βάρβαροι),
927 1024 1120 1079 εὐλαβῶς
1151 1024 1263 1079 εἶχον
1294 1025 1365 1066 καὶ
1409 1025 1579 1066 ὤκνουν
1619 1024 1725 1066 κατὰ

225 1091 433 1146 συστάδην
462 1092 743 1146 μαχέσασθαι.
806 1092 928 1134 ἔνθεν
958 1108 1020 1134 τοι
1051 1092 1076 1134 ὁ
1112 1092 1191 1147 μὲν
1228 1092 1406 1135 σουλτάν
1443 1094 1500 1139 εἷς
1538 1094 1725 1135 τούπίσω
1742 1098 1788 1134 10

223 1159 423 1215 πεποίητο
458 1159 533 1214 τὴν
570 1160 720 1244 ὁρμήν,
769 1161 847 1203 δύο
887 1161 934 1203 δὲ
970 1161 1124 1216 μοίρας
1159 1165 1233 1217 τῆς
1274 1162 1539 1246 βαρβαρικῆς
1579 1161 1727 1203 διελὼν

225 1231 415 1282 στρατιᾶς
451 1228 526 1284 τὴν
561 1228 639 1284 μὲν
675 1230 732 1276 εἷς
760 1229 835 1284 τὴν
865 1230 1115 1285 νοτιωτέραν
1139 1229 1281 1272 Ἀσίαν
1311 1230 1386 1285 τὴν
1416 1230 1522 1284 ἅνω,
1569 1246 1645 1284 την
1677 1229 1723 1271 δὲ
1742 1235 1777 1270 Ι)

224 1296 333 1351 πρὸς
363 1296 436 1351 τὴν
466 1298 733 1352 βορειοτέραν
763 1298 946 1353 ὅρμησαι
982 1302 1071 1345 τοῖς
1106 1302 1365 1354 προεστῶσιν
1402 1299 1544 1340 αὐτῶν
1582 1299 1725 1340 ἐνετεί-

168 1370 211 1406 15
224 1365 336 1407 λατο
385 1366 426 1407 οἱ
457 1365 503 1407 δὲ
534 1365 715 1413 ἐπιόντες
744 1365 792 1408 τὰ
813 1367 1101 1422 προστυχόντα
1122 1383 1164 1409 τε
1188 1366 1424 1422 ληιζόμενοι
1445 1367 1520 1422 τὴν
1542 1366 1724 1409 Νεοκαι-
1742 1372 1784 1407 11

225 1434 394 1488 σάρειαν
425 1435 632 1489 αἰφνίδιον
653 1435 960 1482 ἐπεισπεσόντες
982 1436 1089 1491 αὐτῇ
1109 1435 1404 1491 ἐξεπόρθησαν
1424 1435 1496 1477 καὶ
1518 1435 1726 1490 λαφύρων

225 1503 531 1558 ἐμπλησθέντες
574 1504 736 1546 ἐκεῖθεν
782 1503 980 1560 ἀπῄεσαν.
1043 1508 1164 1546 τοῦτο
1209 1508 1271 1558 τῷ
1318 1504 1480 1559 βασιλεῖ
1523 1502 1726 1558 ἀγγελθὲν
1742 1509 1786 1545 12

224 1571 413 1627 ἀθυμίαν
444 1573 643 1627 ἐνέσταξε,
675 1572 746 1614 καὶ
776 1571 873 1619 τοὺς
904 1573 1216 1628 εὖζωνοτέρους
1245 1572 1475 1628 ἀναλαβὼν
1503 1575 1578 1614 τοῦ
1600 1587 1723 1627 στρα-

295 1702 319 1737 2
345 1705 435 1748 post
459 1703 480 1737 ὂ
504 1702 595 1738 add.
620 1701 659 1738 δὲ
685 1702 792 1749 Ewp,
819 1702 851 1738 δ’
879 1703 911 1739 Ο
1031 1703 1184 1749 ἐπείγετο
1209 1703 1306 1749 Ewp
1428 1703 1450 1738 3
1475 1702 1593 1738 αὐτῶν
1620 1701 1718 1747 pr

343 1749 544 1796 ἕτετρύχετο
570 1750 600 1786 Ε
696 1751 719 1786 4
744 1750 890 1796 εἴρηται]
918 1750 1050 1787 XVIII
1076 1751 1110 1796 8,
1132 1751 1187 1786 18.
1216 1751 1271 1796 10,
1289 1750 1312 1786 4
1410 1754 1505 1786 ante
1531 1750 1599 1786 οὐκ
1627 1749 1722 1784 add.

297 1798 358 1833 καὶ
383 1797 423 1841 C,
450 1798 526 1833 del.
541 1797 603 1836 Cw
699 1798 722 1833 6
746 1799 836 1834 ἐστὶν
855 1797 935 1843 ΑΕ,
960 1799 1032 1834 ε’στὶ
1050 1798 1097 1843 D,
1124 1800 1174 1838 τίς
1199 1798 1269 1834 ἐστι
1294 1803 1403 1844 μοῖρα
1423 1797 1521 1844 pr
1619 1798 1641 1833 9
1668 1797 1726 1832 ἀλ-

297 1845 367 1891 κὴν
391 1843 611 1882 BCWolat.
817 1850 907 1893 post
931 1847 1168 1882 ἀνυπόστατον
1193 1847 1235 1882 in
1261 1857 1390 1892 marg.
1418 1845 1505 1882 cod.
1533 1845 1564 1881 E
1590 1847 1645 1887 (v.
1673 1845 1726 1880 ad

299 1904 431 1940 xv111
459 1905 513 1949 10,
539 1905 600 1950 21)
626 1894 701 1951 -ἑὲἑ
728 1906 891 1942 additur
917 1909 956 1942 et
982 1906 1259 1942 ascribuntur:
1299 1906 1459 1951 στρόφου
1491 1905 1636 1940 ὄπισθεν
1661 1905 1726 1940 δύο

300 1965 414 2010 φύλλα
439 1964 499 2000 καὶ
523 1965 635 2010 ἄρξον
659 1966 747 2000 ἔνθα
771 1965 841 2001 ἐστὶ
867 1965 904 2000 τὸ
929 1971 1074 2011 σημεῖον
1099 1966 1212 2004 οὕτως
1229 1953 1305 2011 ὶΙῆ-
1323 1965 1383 2000 καὶ
1401 1965 1498 2011 λέγε·
1525 1964 1564 2000 τὰ
1583 1964 1649 2010 γὰρ
1668 1970 1728 2008 τῆς

299 2017 460 2057 στρατιᾶς
485 2014 582 2051 ὅπως
607 2013 756 2047 διέκειτο
780 2013 847 2048 οὐκ
873 2013 1048 2059 ἠκρίβουν
1073 2014 1109 2047 οἱ
1130 2013 1306 2059 βάρβαροι
1469 2013 1637 2047 διέκειντο
1664 2011 1727 2047 BC

301 2060 343 2095 11
372 2059 518 2095 σουλτὰν
544 2059 711 2106 prDi‚
737 2061 884 2095 σουλτᾱν
908 2060 954 2105 Α,
982 2071 1019 2096 v.
1047 2060 1099 2096 ad
1124 2060 1234 2096 XVII
1262 2061 1319 2104 25,
1346 2060 1389 2096 21
1505 2060 1560 2095 1⁸2.
1586 2061 1631 2095 13
1657 2065 1728 2098 τοῖς

299 2108 493 2153 βαρβάροις
519 2134 839 2144 ..............
862 2109 868 2152 Ι
890 2108 931 2153 C,
958 2113 1017 2154 τῆς
1042 2110 1265 2154 βαρβαρικῆς
1291 2107 1418 2143 διελὼν
1436 2112 1597 2152 στρατιᾶς
1624 2118 1727 2142 corr.

301 2159 342 2191 et
367 2156 496 2202 suppl.
525 2155 554 2191 C
676 2156 720 2191 15
746 2155 786 2190 δὲ
812 2167 887 2191 om.
914 2155 1043 2201 Bpr
1165 2170 1200 2191 τε
1227 2166 1302 2191 om.
1330 2155 1366 2190 D
1492 2155 1535 2190 16
1560 2154 1670 2201 αὐτὴν
1698 2154 1727 2189 Β

305 2204 349 2238 17
374 2203 567 2248 ἒπανήεσαν
593 2202 759 2250 DE(wp)

231 2345 427 2381 equorum
456 2338 495 2370 et
520 2344 654 2370 rerum
682 2335 1002 2370 necessariarum
1025 2335 1164 2381 inopia
1182 2334 1405 2370 laborante.
1454 2333 1596 2379 Neque
1622 2333 1765 2371 enim8

231 2383 350 2419 facile
388 2387 475 2418 erat
513 2384 748 2425 exercitum,
788 2392 906 2428 quem
937 2392 1061 2428 supra
1093 2382 1268 2417 diximus
1299 2382 1369 2417 diu
1407 2392 1479 2428 per
1501 2382 1728 2416 socordiam

231 2431 460 2476 neglectum
497 2431 633 2473 fuisse,
671 2430 804 2465 subito
841 2430 881 2464 in
916 2430 1118 2475 integrum
1159 2430 1327 2465 rest-itui.
1378 2429 1568 2466 Militibus
1603 2430 1765 2474 igitur9

232 2478 307 2514 hoc
333 2478 453 2513 modo
478 2478 633 2513 affectis
659 2479 699 2512 in
727 2477 962 2513 orientalem
990 2478 1253 2523 provinciam,
1280 2487 1386 2523 quae
1403 2476 1607 2522 Phrygiae
1635 2486 1728 2522 pars

232 2530 304 2570 est,
342 2526 614 2571 congregatis,
653 2535 744 2560 cum
780 2525 914 2560 hostes
945 2525 1233 2570 cognovissent
1262 2525 1392 2570 ipsum
1420 2534 1558 2570 regem
1586 2524 1729 2559 adesse

232 2574 365 2618 talem,
392 2574 459 2619 qui
489 2573 667 2618 pericula
687 2583 759 2618 pro
786 2573 869 2607 suis
887 2572 1000 2607 adire
1020 2571 1127 2607 haud
1153 2572 1444 2615 reformidaret,
1472 2572 1600 2606 virum
1624 2572 1729 2607 belli-

233 2631 382 2665 cosum,
410 2621 526 2656 euius
552 2621 717 2666 impetui
746 2620 855 2655 nullo
883 2619 1002 2654 modo
1022 2622 1157 2665 posset
1176 2620 1314 2655 obsisti
1341 2620 1491 2664 (neque
1517 2619 1621 2655 enim
1642 2619 1729 2654 imr-

233 2669 320 2704 bari
347 2673 538 2704 accurate
564 2671 775 2711 noverant,
803 2667 943 2712 quales
969 2670 1104 2702 essent
1121 2668 1351 2710 exercitus),
1378 2670 1497 2702 caute
1523 2666 1727 2711 agendum

233 2726 321 2751 ease
347 2717 423 2752 rati
451 2717 538 2751 acie
564 2716 785 2751 ‹lecermre
815 2714 1069 2750 dubitabant.
1121 2714 1237 2749 Unde
1266 2714 1450 2749 sultanus
1476 2717 1584 2749 retro
1612 2715 1730 2749 cessit
1747 2716 1791 2751 10

233 2768 274 2799 et
298 2764 460 2799 duabus
485 2764 668 2809 partibus
696 2763 747 2798 ab
773 2763 956 2798 exercitu
984 2761 1250 2797 barbarorum
1285 2762 1525 2807 segregatis,
1564 2761 1730 2797 altenius

233 2811 357 2847 duces
384 2812 422 2847 in
450 2811 668 2846 australem
688 2811 993 2856 ‹temper-iorem
1016 2807 1359 2852 Asian1‚alterius
1382 2810 1420 2844 in
1451 2809 1728 2854 aquilonarem

234 2858 479 2894 contendere
518 2859 642 2893 iussit.
694 2858 769 2899 Qui
806 2858 928 2892 obvia
961 2866 1148 2902 quaeque
1176 2857 1355 2901 populati
1383 2867 1431 2892 ac
1461 2855 1786 2893 Neocaesarian

233 2907 368 2942 subita
411 2907 642 2941 incursione
686 2910 858 2946 vastata,
901 2904 1102 2939 manubiis
1143 2914 1293 2947 graves
1331 2904 1425 2939 inde
1464 2908 1728 2939 rocosum-unt.

233 2953 321 2989 Hoc
353 2954 496 2989 nuntio
531 2956 699 2998 accepto
726 2963 797 2988 rex
826 2956 1032 2998 permotus
1064 2951 1215 2994 dolore,
1254 2950 1575 2998 expeditioribus
1601 2952 1728 2987 militi
1746 2952 1790 2989 12

306 3024 463 3053 Zonaras
484 3023 633 3059 Epitome
654 3022 713 3052 111.
1479 3010 1525 3046 44
