2054 3282
482 273 692 316 BARDAS
719 275 935 317 PHOOAS.
985 275 1199 318 RVSSICA
1225 276 1485 318 VICTORIA.
1660 278 1730 319 527

233 400 481 454 παρεγένπο
512 400 583 442 καὶ
612 401 806 443 πέπεικεν
836 401 964 443 αὒτόν
998 406 1304 458 προσχωρῆσαι
1340 407 1403 458 τῷ
1438 403 1614 455 βασιλεῖ·
1659 403 1730 446 καὶ

232 469 520 523 προσελθόντα
559 469 760 525 κληρικόν
795 486 837 511 τε
868 470 1092 525 γενόμενον
1122 471 1180 518 εἰς
1209 470 1284 526 τὴν
1314 471 1423 513 Χίον
1452 473 1673 527 περιορίζει
1706 473 1731 514 ὁ

236 537 471 592 Τζιμισκής.
532 538 602 579 καὶ
634 538 658 578 ὁ
689 538 888 593 Σκληρός
923 537 1049 586 αὖθις
1086 539 1375 594 προστάττεται
1411 541 1641 596 μεταβῆναι
1674 542 1731 587 εἷς
1746 546 1790 581 14

233 605 282 647 τὰ
315 606 498 660 ἑσπέρια.

198 682 222 716 5
355 674 626 730 Νυμφεύεται
666 673 704 716 δ’
736 676 875 730 ἑαυτῷ
912 680 1087 731 γυναῖκα
1120 677 1145 718 ὁ
1174 677 1367 731 βασιλεὺς
1403 679 1570 735 σπουδῇ
1604 679 1790 721 Bam-15

233 743 345 785 λείου
375 747 449 785 τοῦ
479 745 871 798 παρακοιμαῃιένου
905 743 1138 798 Θεοδώραν
1169 747 1380 801 θυγατέρα
1412 747 1731 789 Κωνσταντίνου
1747 752 1795 789 W
1811 753 1867 789 III
1889 753 1958 788 169

233 815 307 853 τοῦ
341 811 766 867 Πορφυρογεννήτου.
830 814 905 854 ἔτει
938 813 983 855 δὲ
1021 814 1204 870 δευτέρῳ
1244 820 1317 871 τῆς
1353 816 1481 857 αὐτοῦ
1524 816 1732 871 βασιλείας
1745 821 1790 857 16

234 881 361 934 ἔαρος
397 880 724 934 ἀναλάμψαντος
759 881 1016 934 ἒκστρατεύει
1047 882 1152 924 κατὰ
1184 887 1269 925 τῶν
1295 883 1401 930 Ῥῶς
1431 883 1507 926 σὺν
1537 884 1730 938 στρατεύ-

232 964 335 1002 μασι
364 948 521 989 πλείοσι
547 949 617 990 καὶ
639 949 774 1003 στόλῳ
794 954 1032 1004 περιφανεῖ·
1066 951 1137 992 καὶ
1160 951 1317 994 ἀπιόντι
1340 956 1595 994 συναντῶσιν
1615 953 1732 1007 αὐτῷ
1749 960 1791 997 17

175 1024 222 1060 10
233 1017 480 1071 πρεσβευταὶ
512 1017 644 1071 ὄῆθεν
678 1021 764 1058 τῶν
794 1017 1004 1059 Σκυθῶν·
1049 1019 1088 1060 οἶ
1132 1019 1178 1061 δὲ
1221 1025 1478 1075 κατοπτῆρες
1516 1020 1623 1076 ἦσαν
1661 1021 1732 1063 καὶ

233 1089 307 1140 τῆς
336 1087 422 1125 τῶν
444 1085 668 1140 Ῥωμαίων
699 1086 843 1141 ἰσχύος
872 1087 1147 1142 κατάσκοποι,
1179 1089 1203 1129 ὃ
1235 1088 1336 1129 σι’·ὂὲ
1366 1089 1438 1130 τὸν
1468 1089 1637 1143 βασιλέα
1671 1089 1730 1131 ὃι-
1747 1095 1776 1132 C

234 1153 374 1195 έλαθε.
435 1155 674 1207 προστάξας
695 1154 772 1196 οὗν
791 1156 1069 1211 περιαχθῆναι
1102 1156 1254 1203 αὖτοὺς
1284 1156 1389 1198 κατὰ
1421 1161 1506 1199 πᾶν
1535 1157 1582 1199 τὸ
1608 1174 1730 1211 στρα-
1748 1165 1792 1200 18

41 1231 91 1268 ,1)
109 1231 163 1267 IV
176 1231 221 1268 97
233 1222 411 1264 τόπεόον
431 1222 502 1263 καὶ
531 1227 652 1264 τοῦτο
683 1224 956 1278 καταμαθεῖν,
989 1225 1201 1266 ἐκέλευσεν
1226 1225 1565 1267 ἀπαλλάττεσθαι.
1628 1227 1731 1268 ἒκεί-
1748 1234 1792 1269 19

234 1306 323 1332 νων
360 1290 406 1332 δὲ
436 1290 645 1333 ἀπιόντων
675 1292 746 1333 καὶ
778 1291 904 1338 αὐτὸς
939 1293 1153 1341 εὐζώνους
1188 1293 1452 1349 παραλαβὼν
1487 1294 1640 1343 πεζοὺς
1677 1296 1734 1340 εἷς

177 1372 222 1407 15
234 1359 421 1414 χιλιάδας
449 1359 569 1401 πέντε
597 1359 667 1401 καὶ
689 1360 865 1407 ἱππότας
885 1361 1229 1416 τετρακισχιλίους
1251 1362 1386 1404 ὀπίσω
1408 1365 1493 1404 τῶν
1512 1364 1734 1418 πρέσβεων

235 1426 357 1483 ἀπῄει
393 1427 463 1469 καὶ
499 1427 665 1482 ἀθρόον
695 1428 817 1483 ἔγγὺς
847 1434 919 1485 τῆς
948 1430 1133 1485 μεγάλης
1164 1429 1451 1486 Περσθλάβας
1484 1431 1629 1484 γίνεται
1662 1431 1732 1473 καὶ

233 1566 257 1602 ἴ)
286 1567 338 1602 ὅτι
367 1567 494 1613 ἔγημεν
524 1567 545 1602 ὖ
573 1567 735 1614 βασιλεὺς
767 1567 828 1614 τὴν
862 1568 1038 1614 θυγατέρα
1063 1573 1125 1604 τοῦ
1149 1569 1324 1614 βασιλέως
1350 1571 1441 1615 (βασ.
1468 1574 1530 1605 τοῦ
1555 1570 1601 1611 Ε)
1627 1571 1732 1606 Κων-

234 1615 414 1650 σταντίνου
440 1614 503 1652 CE
608 1615 629 1650 7
655 1616 706 1650 ὅτι
732 1616 978 1661 ἐξεστράτευσε
1003 1616 1221 1661 (ἐστράτευσε
1248 1616 1294 1659 Ε)
1319 1617 1410 1652 κατὰ
1436 1622 1507 1653 τῶν
1527 1618 1618 1657 Ῥῶς
1644 1617 1733 1663 (ῥὼς

236 1661 331 1705 ΟΕ)“
370 1663 430 1698 καὶ
466 1663 582 1702 πόλεις
619 1663 679 1699 καὶ
715 1664 870 1710 φρούρια
905 1664 963 1699 ὑπ’
989 1664 1106 1699 αὐτῶν
1140 1666 1357 1710 κατεχόμενα
1396 1666 1646 1710 (κατεχομένας
1672 1665 1732 1701 ὑπ’

234 1710 352 1746 αὐτῶν
378 1710 424 1754 Ε)
450 1711 573 1758 ἔλαβεν
599 1710 662 1747 OE

309 1830 327 1866 1
354 1830 450 1876 αὐτῷ
471 1831 477 1875 Ι
499 1829 535 1866 D
631 1831 665 1868 2.
679 1831 703 1867 3
726 1830 934 1877 προςελθὼν
950 1832 1122 1878 κληρικός
1140 1846 1175 1868 τε
1192 1833 1375 1878 γενόμενος
1400 1832 1448 1873 εἰς
1471 1833 1550 1878 χίον
1574 1832 1666 1878 (χῖον
1682 1830 1733 1872 D)

305 1879 471 1925 βασιλικῇ
495 1879 650 1916 κελεύσει
674 1881 914 1924 περιορίζεται.
942 1880 985 1916 Ο.
1130 1887 1210 1926 χῖον
1235 1881 1277 1925 Ε,
1306 1892 1342 1916 ν.
1369 1891 1463 1916 ann.
1490 1881 1672 1917 anteced.

307 1926 330 1962 3
354 1928 535 1973 ῐζιμισκῆς
573 1931 613 1963 et
650 1926 832 1973 τζιμισκὴς
872 1938 942 1973 per
979 1928 1142 1974 dittogr.
1168 1927 1214 1972 A,
1253 1928 1437 1974 τζιμισκὴς
1471 1929 1512 1972 Ε,
1552 1931 1734 1974 τζιμισκῆς

308 1973 441 2020 wpDi,
466 1985 504 2009 v.
530 1974 583 2010 ad
604 1973 714 2011 XVII
738 1975 800 2019 l‚l
900 1976 924 2011 3
947 1976 1036 2020 πρὸς
1062 1977 1263 2022 superseri
1297 1982 1337 2013 to
1364 1976 1507 2012 eadem
1534 1987 1656 2012 manu
1683 1978 1733 2015 εἰς

307 2020 355 2067 Α,
379 2022 429 2062 εἷς
454 2021 621 2068 prDi‚
646 2022 734 2067 πρὸς
761 2022 796 2057 D
982 2023 1004 2060 ὃ
1030 2023 1062 2059 δ’
1088 2024 1201 2068 ἑαυτῷ
1229 2023 1262 2058 R
1297 2022 1449 2070 ⁸wpDi,
1475 2023 1515 2059 δὲ
1536 2023 1633 2069 αὐτῷ
1660 2023 1733 2059 Al)

356 2069 460 2115 Bam]
485 2070 661 2116 βασιλείας
686 2072 846 2117 punctis
868 2074 1051 2107 notatum
1070 2070 1106 2106 D
1203 2071 1226 2106 6
1250 2071 1575 2116 παρακοιμωμένου
1594 2071 1636 2115 C,
1662 2071 1733 2107 sed

309 2127 432 2163 super
461 2131 556 2163 παρα
587 2118 827 2164 compendio
853 2119 1033 2155 sollemni
1061 2122 1273 2154 exaratum
1301 2130 1325 2154 a
1358 2119 1424 2155 Wo
1450 2118 1614 2155 additur
1637 2134 1733 2164 παρα

359 2170 449 2211 post
462 2165 558 2201 θεοῦ.
577 2165 667 2201 add.
683 2165 745 2212 τὴν
759 2165 857 2213 pr
947 2167 1141 2212 θυγατὲραν
1157 2167 1186 2201 Ε
1277 2167 1297 2203 7
1317 2171 1376 2212 τῆς
1389 2166 1565 2212 βασιλείας
1578 2166 1686 2203 αὐτοῦ
1701 2167 1733 2202 O

309 2214 333 2248 8
356 2211 430 2257 ῥὼς
457 2211 652 2259 DEwpDi
748 2214 770 2249 9
795 2219 1010 2250 συναντῶσιν
1034 2215 1102 2250 Rw
1136 2213 1202 2258 Di,
1229 2219 1422 2250 συναντῶσι
1442 2213 1489 2257 A,
1516 2225 1553 2250 v.
1571 2214 1623 2250 ad
1637 2214 1734 2249 XIII

254 2292 257 2293 ι
312 2261 343 2304 1,
369 2260 391 2296 5
491 2261 531 2296 ll
559 2265 630 2296 τῶν
657 2271 731 2297 om.
751 2262 783 2298 Ο
883 2262 927 2298 14
951 2262 1071 2308 λαβὼν
1097 2226 1133 2297 Β
1228 2261 1355 2302 πεζοὺς
1382 2272 1458 2297 om.
1486 2261 1515 2298 C
1611 2263 1660 2301 εἰς
1687 2261 1733 2306 Α,

308 2307 344 2347 ἐς
359 2306 526 2354 prDi‚
547 2319 582 2344 v.
597 2308 650 2344 ad
663 2307 754 2344 XIV
774 2309 827 2354 12,
845 2309 899 2354 14,
926 2310 976 2350 ὡς
991 2309 1025 2345 D
1127 2309 1170 2344 15
1195 2324 1284 2354 τετρ.
1298 2311 1443 2348 ἱππότας
1457 2309 1489 2345 O
1587 2310 1628 2344 16
1653 2323 1734 2354 περ·

308 2355 465 2401 σθλάβας
484 2354 651 2403 prDi‚
675 2358 920 2404 πρεσσθλάβας
940 2357 974 2393 Α
995 2359 1047 2402 (in
1056 2359 1115 2392 fra
1135 2361 1271 2401 recte),
1296 2357 1536 2402 περισθλάβας
1556 2357 1586 2393 Ε
1612 2357 1734 2399 (infra

310 2407 445 2448 recte),
470 2404 697 2450 περσθλάβης
723 2404 758 2440 D

238 2525 375 2570 suasit,
407 2528 452 2561 ut
485 2525 593 2572 regis
619 2524 710 2562 fidei
739 2536 782 2562 se
809 2526 1084 2568 committeret,
1124 2525 1239 2561 «euius
1265 2525 1378 2561 iussu
1407 2524 1576 2561 clericus
1603 2525 1734 2562 faetus

238 2576 278 2608 et
304 2573 343 2608 in
367 2572 506 2610 Chium
536 2573 617 2609 relo
651 2577 741 2609 atus
768 2579 837 2609 est.
889 2573 1049 2610 Selenis
1077 2574 1115 2608 in
1136 2573 1392 2609 occidentem
1421 2578 1479 2609 est
1507 2576 1734 2609 revocatus.
1752 2572 1794 2609 14

356 2620 442 2657 Rex
470 2621 603 2658 studio
662 2621 763 2657 asilii
790 2621 964 2657 cubiculi
993 2621 1211 2667 praepositi
1230 2620 1455 2665 Theodora,
1483 2620 1733 2657 Constantini
1750 2620 1794 2656 15

239 2667 576 2715 Porphyrogeniti
616 2668 708 2713 fllia,
750 2679 880 2705 uxore
919 2668 1052 2713 ducta,
1091 2679 1198 2704 anno
1235 2668 1414 2704 secundo
1454 2669 1569 2715 regni
1609 2669 1794 2704 vernolii

238 2720 420 2763 tompore
442 2726 531 2753 cum
558 2717 717 2763 magnis
745 2717 871 2764 copiis
897 2720 937 2752 et
963 2717 1091 2752 classe
1113 2716 1254 2751 illustri
1274 2716 1420 2752 belluni
1440 2715 1578 2752 nussis
1596 2716 1735 2760 infern,

239 2765 303 2800 cui
337 2765 441 2800 inter
471 2764 704 2800 abeundum
737 2764 977 2811 Scytharum
1010 2764 1284 2810 speculatores
1324 2763 1595 2799 Romanorum
1628 2764 1734 2799 viros
1750 2763 1794 2800 17

239 2810 487 2858 exploraturi
528 2822 599 2858 per
634 2813 808 2858 speciem
841 2812 1066 2858 legatorum
1103 2816 1378 2855 occurrerunt,
1419 2820 1520 2857 quos
1555 2820 1624 2847 rex
1663 2812 1795 2847 cui-18

239 2859 428 2895 adessent
457 2869 537 2895 non
570 2860 740 2906 ignarus
773 2870 844 2906 per
875 2859 1009 2895 omnia
1034 2862 1166 2894 castra
1193 2858 1438 2894 circumduci
1467 2860 1579 2894 iussit
1606 2859 1735 2904 iisque

240 2907 491 2953 perlustratis
516 2907 639 2943 abire.
689 2906 893 2954 Digressis
920 2906 993 2942 illis
1020 2912 1057 2942 et
1085 2907 1171 2953 ipso
1198 2916 1287 2942 culn
1314 2906 1594 2953 expeditorum
1623 2907 1735 2952 quin·
1750 2906 1795 2942 19

240 2964 319 3001 qno.
352 2959 390 2991 vt
423 2954 604 3002 equitum
637 2960 829 3002 quattuor
864 2954 1024 2990 milibus
1057 2957 1221 2990 secutus
1248 2964 1296 2990 ex
1326 2955 1543 3001 improviso
1572 2955 1623 2990 ml
1656 2964 1735 2992 ma·
