2054 3282
414 238 698 292 MranfiLts
722 244 904 291 MORES.
955 244 1169 289 BARDAE
1193 243 1471 288 ΡοΤΕΝΤῐΑ.
1619 244 1690 286 399

193 376 369 430 τοιούτῳ
399 376 509 430 μοι”
539 376 621 431 ἔφη
652 372 814 430 “ᾶγῶνι
845 375 930 416 ὄντι
961 373 1031 416 καὶ
1062 372 1134 415 τὸν
1162 373 1294 428 μέσον
1317 372 1541 427 εῧώνυμον
1561 387 1689 414 κατα-

193 445 426 500 στήσασθαι
453 444 670 486 σπεύδοντι
691 443 829 498 αὗτός,
861 443 1020 497 μάταιε,
1050 441 1145 496 περὶ
1165 441 1436 496 Σαρακηνῶν
1457 440 1691 495 ἐπιδρομῆς

194 512 360 568 διαλέγῃ
398 512 531 567 μοι;”
575 516 761 558 τοιοῦτος
791 512 816 553 ὁ
846 511 1087 565 θαυμάσιος
1126 510 1284 556 ἐκεῖνος
1313 509 1366 564 ἤν
1396 507 1589 564 βασιλεὺς
1619 507 1690 550 καὶ
1703 514 1726 550 8

193 581 306 623 οὕτω
337 581 431 635 περὶ
460 584 546 622 τῶν
570 584 726 622 κοινῶν
746 579 1008 634 πραγμάτων
1028 578 1099 621 καὶ
1119 582 1192 634 τῆς
1211 577 1419 634 βασιλείας
1440 577 1689 632 ἐφρόντιζεν.

157 658 181 694 5
307 648 494 691 Ἐκείνου
542 647 588 689 δὲ
629 651 776 689 τοῦτον
820 648 1083 702 διακειμένου
1125 646 1197 688 τὸν
1239 645 1409 701 τρόπον,
1454 645 1478 686 ὁ
1514 644 1692 699 Βάρδας
1705 652 1728 688 9

194 718 365 772 ἔστρεφε
384 715 434 757 τὰ
461 716 595 757 πάντα
626 715 696 757 καὶ
728 714 827 770 ἦγεν
857 715 940 770 ὅπῃ
972 715 1025 770 ἦν
1055 716 1172 770 αὐτῷ
1201 714 1310 769 πρὸς
1339 713 1510 770 βουλῆς,
1541 713 1613 756 καὶ
1635 714 1692 760 εἷς

193 785 267 840 τὴν
296 788 370 827 τοῦ
407 784 618 838 Καίσαρος
649 784 898 839 ἀναβεβήκει
934 783 1055 838 τιμὴν
1093 783 1164 825 καὶ
1200 784 1339 838 ἑαυτῷ
1374 782 1448 838 τὴν
1483 782 1693 838 βασιλείαν

195 854 347 909 ἐμνᾶτο
378 852 449 895 καὶ
486 852 700 907 εὐκαιρίαν
736 852 879 907 ἐζήτει,
924 850 973 894 ἵν’
1007 852 1135 906 αὐτῆς
1166 851 1427 900 ἕπιτεύξοιτο.
1490 850 1615 892 οὐδὲν
1646 849 1694 892 δέ
1708 858 1754 894 10

194 922 235 964 οἱ
265 922 455 976 εἴργαστο
486 920 652 975 ἀγαθὸν
683 922 708 975 ἢ
740 919 787 962 τὸ
818 923 904 962 τῶν
933 920 1074 975 λόγων
1105 919 1308 974 φροντίδα
1340 919 1495 960 θέσθαι
1520 918 1692 973 πολλήν.

136 1001 183 1037 10
194 990 376 1046 ἠμέλητο
407 989 488 1044 γὰρ
518 988 567 1029 τὰ
599 992 672 1043 τῆς
702 988 953 1043 φιλοσοφίας
983 988 1055 1030 καὶ
1086 988 1248 1042 ἀπέσβη
1280 986 1432 1042 σχεδὸν
1457 987 1500 1034 ἒς
1520 986 1566 1028 τὸ
1586 1002 1692 1028 παν-
1709 995 1748 1031 11

194 1058 316 1111 τελές,
362 1058 425 1104 ὡς
460 1055 561 1112 μηδ’
595 1057 783 1111 ἔναυσμά
819 1074 854 1098 τι
889 1057 1204 1112 περιλειφθῆναι
1237 1057 1374 1111 αὐτῆς.
1435 1059 1557 1097 τοῦτο
1589 1054 1635 1097 δὲ
1665 1055 1692 1110 ἡ

192 1130 279 1169 τῶν
308 1127 580 1180 κρατούντων
615 1127 805 1180 εἴργαστο
844 1126 1000 1180 ἀλογία.
1062 1125 1086 1167 ὁ
1119 1125 1165 1166 δὲ
1195 1125 1267 1166 καὶ
1299 1123 1511 1179 διατριβὰς
1541 1123 1692 1178 ἑκάστῃ
1710 1132 1754 1168 12

195 1195 386 1251 ἀφώρισε
416 1198 502 1236 τῶν
527 1195 767 1249 ἐπιστημῶν
787 1194 858 1236 καὶ
881 1194 1160 1240 διδασκάλους
1179 1194 1470 1248 προυστήσατο
1491 1192 1562 1234 καὶ
1583 1193 1692 1247 σιτή-

195 1279 277 1311 σεις
299 1264 504 1319 δημοσίας
524 1263 685 1305 τούτων
706 1263 870 1318 ἑκάστῳ
899 1263 1132 1317 ἀπένειμεν·
1165 1262 1231 1303 ἐπὶ
1250 1264 1351 1303 πᾶσι
1373 1261 1419 1303 δὲ
1442 1261 1694 1303 διδάσκαλον
1708 1270 1738 1306 Β

195 1395 219 1430 8
243 1394 341 1433 ὅπως
365 1393 446 1439 περὶ
470 1394 596 1439 λόγους
619 1393 833 1429 ἐσπούδασεν
858 1394 878 1429 δ
903 1393 1046 1437 Βάρὸας
1072 1391 1140 1429 AC
1238 1391 1283 1427 14
1307 1391 1387 1437 περὶ
1412 1395 1472 1427 τοῦ
1491 1391 1693 1437 φιλοσόφου

195 1443 346 1481 Λέοντος
371 1447 430 1477 τοῦ
455 1441 511 1476 ἐπὶ
528 1441 676 1487 ΝΙιχαὴλ
701 1446 763 1477 τοῦ
786 1442 865 1477 υἱοῦ
887 1441 1078 1486 Θεοδώρας
1101 1444 1175 1482 (τοῦ
1200 1439 1491 1484 ἐπὶ-θεοδώρας
1518 1449 1595 1474 om.
1611 1438 1692 1482 AC)

195 1489 256 1525 καὶ
281 1494 341 1525 τοῦ
366 1489 706 1536 αἰχμαλωτισθέντας
731 1488 837 1524 αὐτοῦ
861 1489 1027 1534 μαθητοῦ
1053 1488 1155 1533 (μαθ.
1181 1487 1288 1523 αὐτοῦ
1315 1486 1392 1530 ΟΕ)
1418 1486 1520 1524 ACE

271 1609 287 1644 1
316 1610 386 1645 ὄντι
410 1608 520 1655 ἀγῶνι
548 1607 646 1655 pr
755 1608 779 1645 3
804 1608 952 1654 διαλέγει
979 1607 1064 1654 w*p
1091 1607 1229 1643 invitis
1254 1605 1325 1642 ΑΒ,
1429 1605 1453 1641 4
1476 1606 1694 1652 πραγμάτων

267 1657 363 1692 folio
390 1660 567 1693 exeunte
594 1657 784 1692 extritum
812 1657 851 1692 in
879 1656 908 1692 C
1045 1656 1068 1691 6
1091 1656 1204 1691 πάντα
1231 1654 1311 1700 ΑΟ,
1335 1654 1522 1700 πράγματα
1549 1654 1644 1700 Ewp

313 1705 403 1750 εἶγεν
428 1704 477 1749 D,
506 1714 607 1740 corr.
634 1704 702 1742 Dw
920 1707 1010 1751 post
1034 1703 1097 1750 ἦγε
1122 1703 1215 1738 add.
1241 1702 1283 1738 τὰ
1306 1703 1418 1738 πάντα
1444 1702 1529 1748 w*p
1556 1702 1693 1738 invitis

266 1751 339 1788 AR
446 1753 534 1788 ὅπου
561 1752 609 1797 Ι),
636 1763 736 1788 corr.
765 1751 832 1790 Dw
945 1751 1053 1798 βολῆς
1080 1751 1127 1796 D,
1155 1761 1256 1787 corr.
1283 1750 1351 1789 Dw
1448 1750 1487 1800 ‚7
1513 1749 1619 1786 ἑαυτὰ
1644 1749 1692 1795 Ι),

267 1810 369 1836 corr.
397 1799 464 1838 Dw
597 1802 621 1835 8
645 1800 796 1845 ὖμνοῢιο
823 1799 869 1845 D,
898 1810 999 1836 corr.
1027 1799 1094 1837 Dw
1225 1799 1393 1843 εὐκαριάν
1419 1797 1467 1842 Ι),
1495 1808 1597 1833 corr.
1623 1796 1692 1835 Dw

313 1847 398 1883 αὐτὸ
423 1847 471 1892 D,
496 1847 604 1893 αὐτῆς
630 1858 730 1883 corr.
758 1847 826 1886 Dw
956 1847 1125 1889 ἐπιτεύξει
1152 1846 1190 1882 τὸ
1216 1846 1263 1891 Ι),
1291 1857 1392 1883 corr.
1420 1845 1487 1883 Dw
1612 1845 1634 1880 9
1659 1846 1696 1880 οἵ

268 1906 343 1931 om.
371 1894 451 1939 CD,
478 1895 569 1930 add.
596 1894 664 1933 Dw
809 1897 937 1932 θέσθαι
964 1896 1134 1941 φροντίδα
1161 1894 1205 1939 O,
1231 1894 1304 1930 sed
1331 1894 1478 1930 lineola
1505 1894 1692 1939 apposita

268 1944 431 1979 invertit
451 1942 486 1977 D
581 1942 694 1989 πολὴν
713 1942 760 1987 D,
784 1954 885 1979 corr.
906 1943 973 1981 Dw
1077 1943 1119 1978 10
1143 1942 1361 1988 ἠμελήτοσαν
1382 1941 1428 1986 Ι),
1455 1942 1608 1987 ἠμέλητο
1624 1940 1690 1986 γὰρ

270 2002 372 2027 corr.
391 1990 458 2028 Dw
557 1991 692 2036 ὑπέρβη
721 1993 880 2037 punctis
906 1994 1090 2027 notatum
1116 1989 1164 2035 D,
1190 1990 1326 2035 ἀπέσβη
1355 2000 1456 2025 corr.
1477 1989 1544 2026 Dw
1642 1989 1691 2027 εἰς

266 2037 409 2085 w*pDi
427 2038 563 2074 invitis
580 2038 662 2083 AR,
682 2049 719 2073 v.
734 2039 786 2074 ad
801 2038 892 2075 XIV
910 2039 965 2084 12,
981 2039 1025 2073 14
1124 2038 1165 2072 11
1192 2038 1305 2083 μηδεν
1324 2040 1461 2083 (super
1479 2051 1496 2071 ε
1513 2037 1689 2080 erasum)

264 2086 392 2131 ἅσμαιι
419 2085 467 2131 D,
494 2096 596 2122 corr.
624 2085 691 2124 Dw
819 2087 1084 2132 περιληφθῆναι
1110 2086 1196 2130 (sie)
1224 2086 1259 2120 A
1386 2085 1483 2120 αὐτοὶ
1510 2084 1557 2129 D,
1583 2084 1691 2130 αὐτῆς

266 2144 367 2169 corr.
394 2132 462 2172 Dw
587 2133 630 2168 12
654 2133 839 2179 κρατέρων
867 2139 927 2175 (ut
953 2134 1128 2175 videtur)
1157 2133 1203 2178 D,
1230 2143 1332 2169 corr.
1360 2131 1426 2170 Dw
1548 2133 1593 2167 13
1617 2132 1690 2167 ἐπι-

264 2182 409 2227 στήμων
427 2181 474 2226 D,
503 2191 606 2217 corr.
622 2180 688 2220 Dw
786 2182 1010 2217 διδασκαλεῖα
1028 2181 1059 2215 Β
1155 2181 1393 2226 προεστήσατο
1412 2180 1447 2215 Ι)
1547 2181 1591 2215 14
1609 2180 1690 2215 ἑκά·

265 2243 337 2265 στω
362 2229 496 2266 τούτων
521 2228 557 2264 Ι)
688 2229 838 2274 ἀπένεμε
866 2228 912 2272 Ι),
939 2239 1040 2266 corr.
1068 2227 1135 2267 Dw
1282 2232 1372 2274 post
1398 2228 1438 2263 δὲ
1463 2227 1554 2263 add.
1580 2228 1690 2273 μέγαν

265 2277 367 2323 (μέγα
393 2276 437 2320 C)
464 2277 525 2313 καὶ
550 2276 668 2313 κοινὸν
694 2277 791 2323 pr

196 2396 327 2442 inquit
350 2396 423 2432 “in
450 2396 517 2432 tali
543 2397 763 2433 certamine
789 2398 861 2433 sim
889 2400 928 2431 et
955 2397 1023 2442 qui
1051 2395 1208 2431 modius
1234 2399 1304 2439 ost,
1334 2404 1424 2431 eum
1454 2394 1506 2430 ad
1534 2395 1690 2430 laevam

196 2444 421 2491 propellere
440 2454 664 2491 properem,
686 2449 741 2490 tu,
760 2446 908 2491 inopte,
928 2445 978 2479 de
997 2443 1292 2480 Saracenorum
1312 2444 1544 2479 incursione
1563 2443 1691 2479 verba

194 2491 289 2527 mihi
316 2492 474 2528 facisP'·
501 2491 611 2527 'ralis
637 2499 725 2528 erat
751 2494 984 2539 praeclarus
1011 2493 1075 2527 iiie
1108 2502 1179 2527 rex
1216 2496 1256 2527 et
1288 2492 1342 2526 ita
1382 2491 1433 2526 de
1464 2491 1587 2526 rebus
1621 2495 1726 2537 pu·8

194 2539 309 2575 blicis
334 2545 374 2575 et
399 2550 528 2586 regno
554 2541 758 2576 sollicitus.

314 2587 370 2623 Eo
397 2592 532 2624 autem
559 2589 616 2623 sic
642 2589 788 2624 affecto
816 2587 970 2623 Bai-dns
1003 2587 1194 2622 versabat
1221 2587 1355 2622 omnia
1381 2595 1512 2632 eoque
1539 2590 1726 2632 portavi)

194 2633 326 2678 hebat,
353 2644 434 2681 quo
462 2640 550 2671 erat
577 2636 745 2681 libitum,
772 2641 812 2672 et
838 2636 890 2671 ad
910 2636 1094 2672 Caesaris
1122 2635 1327 2680 fastigium
1348 2640 1515 2670 evectus
1535 2634 1689 2679 imperii

195 2682 414 2718 invadendi
435 2685 775 2729 opportunitatem
796 2683 1064 2730 quaeritabat.
1108 2682 1211 2718 Nihil
1231 2689 1366 2717 autem
1387 2683 1563 2717 faciebat
1585 2683 1688 2725 honi,
1707 2685 1750 2721 10

193 2730 270 2765 nini
311 2730 421 2776 quod
459 2731 699 2767 eruditionis
746 2731 1033 2778 provehendae
1080 2739 1273 2776 magnum
1319 2730 1496 2765 studium
1537 2730 1687 2764 habuit.

192 2776 292 2813 Nam
319 2778 571 2825 phiiosophia
597 2780 784 2825 neglecta
810 2781 970 2815 iacebat
993 2790 1042 2814 ac
1062 2788 1187 2824 prope
1206 2778 1369 2813 omnino
1391 2778 1571 2813 extincta
1589 2781 1688 2821 ‹ei-at,
1705 2781 1746 2817 ιι

193 2828 238 2861 ut
263 2835 315 2861 ne
340 2826 512 2862 scintilla
538 2826 699 2872 quidem
727 2830 814 2864 eius
841 2834 1087 2873 superessem
1127 2827 1167 2861 in
1206 2835 1332 2861 causa
1358 2826 1490 2861 fuerat
1517 2826 1687 2871 impera·

192 2878 324 2909 torum
354 2874 523 2910 inscitia.
573 2874 653 2911 Sed
681 2876 742 2911 bie
769 2877 917 2922 cuique
955 2875 1192 2921 disciplinae
1216 2873 1374 2909 scholas
1399 2874 1607 2909 constituit
1647 2876 1749 2914 et12

193 2922 379 2959 doctores
405 2923 638 2970 designavit
654 2929 695 2960 et
712 2926 883 2973 singulis
901 2924 1065 2972 publiea
1084 2922 1287 2971 stipendia
1305 2922 1486 2959 decrevit
1504 2927 1543 2958 et
1564 2924 1688 2960 omni-
