2054 3282
328 236 399 271 6⁴20
677 235 858 273 ZONAR.
885 235 1015 270 EPIT.
1044 235 1155 270 XVII
1181 235 1237 279 21,
1266 235 1415 280 19-22,
1441 236 1476 272 5.

329 359 593 413 καταγωγήν,
639 360 702 400 ἵνα
736 357 856 412 ‘balad
888 357 996 411 πρὸς
1028 358 1187 412 ε’κείνην
1219 358 1343 411 ἀπίοι,
1389 358 1450 404 ὥς
1483 358 1533 413 δή
1566 376 1600 400 τι
1630 363 1715 401 τῶν
1747 360 1818 402 δο-

270 425 316 459 20
328 428 558 481 μουμένων
602 427 826 481 ὀψόμενος.
892 427 1011 480 μέχρι
1053 426 1131 480 μὲν
1175 425 1250 467 οὗν
1295 443 1403 472 τινος
1449 427 1707 482 ἕσκηνοποίει
1749 428 1820 470 τὸν

43 492 75 527 Ρ
86 492 244 528 11‘249A
270 493 465 549 Ἧέρωτα
503 495 574 537 καὶ
614 496 757 549 ὥσπερ
796 496 981 549 ἠρυθρία
1020 495 1129 548 πρὸς
1165 495 1211 536 τὸ
1244 495 1470 549 γινόμενον.
1532 495 1614 537 εἶτα
1646 496 1717 538 καὶ
1746 496 1820 551 τὴν

329 565 437 605 αἶδῶ
470 564 540 605 καὶ
571 564 644 618 τὴν
677 563 834 618 σκηνὴν
866 564 1104 605 ἀποτίθεται
1135 563 1206 605 καὶ
1235 568 1285 618 τῇ
1318 563 1478 617 γυναικὶ
1509 569 1637 619 συνῆν
1658 566 1737 620 οὐχ
1759 566 1820 611 ὡς

270 630 316 665 ‘22
328 634 521 687 παλλακῇ
544 630 634 674 οὐδ’
660 633 721 678 ὡς
746 633 960 687 ἡμιγάμῳ,
993 630 1078 676 ἀλλ’
1103 633 1165 679 ὡς
1196 633 1399 686 ἐμφανῶς
1431 633 1687 680 ξυνευνέτιὸι.
1749 631 1855 675 καὶὸ

329 702 434 755 αὐτῇ
466 702 512 742 ἐκ
544 704 628 742 τῶν
660 701 887 755 βασιλικῶν
916 702 1098 755 ταμείων
1119 699 1221 743 καθ’
1245 701 1422 756 ἑκάστην
1443 702 1606 756 ἐπέρρει
1635 701 1683 743 τὰ
1715 703 1818 757 χρή-

328 786 439 824 ματα
471 769 576 810 κατὰ
608 769 824 823 ποταμοὺς
855 770 925 810 καὶ
956 770 1108 824 φλέβες
1139 771 1442 824 ἀνεστομοῦντο
1474 771 1712 825 χρυσίτιδες,
1749 770 1821 812 καὶ

270 835 316 870 23
330 838 698 892 ἀπαρακαλύπτως
720 839 824 893 αὐτῇ
845 839 1101 893 προσεφοίτα
1125 839 1148 880 ὁ
1169 839 1373 893 βασιλεύς.
1412 838 1513 880 ἀλλὰ
1537 838 1671 881 δεινὸν
1692 839 1819 893 ἡγού-

328 923 455 961 μενος
486 908 523 948 εἰ
549 907 608 961 μὴ
642 906 713 948 καὶ
745 906 938 962 συμβιῴη
972 908 1076 962 αὐτῇ
1108 907 1178 948 καὶ
1203 908 1414 962 συνοικοίη
1439 907 1503 949 διὰ
1525 907 1692 960 παντός,
1723 924 1819 962 μετ-

330 976 417 1029 άγει
449 976 610 1017 ἐκεῖθεν
640 975 714 1030 τὴν
755 980 928 1030 γυναῖκα
966 976 1075 1029 πρὸς
1113 976 1161 1017 τὰ
1201 977 1397 1031 βασίλεια,
1442 981 1491 1031 τῇ
1521 976 1697 1031 βασιλίδι
1727 974 1883 1029 περὶῙΟ

329 1044 478 1085 τούτου
515 1044 721 1098 πρότερον
759 1045 1164 1099 κοινολογησάμενος
1201 1044 1272 1086 καὶ
1306 1045 1450 1091 πείσας
1479 1044 1538 1101 μὴ
1573 1045 1822 1099 δυσχερᾶναι

270 1111 317 1145 24
330 1111 438 1165 πρὸς
481 1111 527 1153 τὸ
573 1113 800 1167 γινόμενον.
861 1114 1020 1167 μᾶλλον
1055 1114 1195 1167 μέντοι
1231 1113 1302 1155 καὶ
1337 1113 1474 1168 φιλίας
1514 1113 1636 1167 ὅρκια
1667 1113 1822 1167 λέγεται

330 1179 446 1234 παρὰ
477 1185 563 1222 τοῖν
595 1182 778 1235 γυναίοιν
809 1182 969 1236 ἀμφοῖν
999 1183 1333 1237 τελεσθήσεσθαι,
1365 1186 1486 1224 τοῦτο
1517 1186 1591 1224 τοῦ
1613 1182 1821 1236 αὐτοκρά-

214 1248 245 1283 Β
272 1248 318 1283 ‘25
330 1265 454 1303 τορος
485 1251 751 1298 ἀξιώσαντος.
812 1251 997 1306 τετίμητο
1030 1251 1075 1293 δὲ
1106 1253 1131 1306 ἡ
1166 1251 1267 1305 γυνὴ
1300 1251 1505 1306 Σεβαστή,
1539 1252 1644 1306 αὐτῇ
1674 1251 1821 1306 πρώτῃ

331 1322 403 1371 τῆς
445 1318 597 1373 πρῴην
640 1320 854 1374 βασιλικῆς
898 1320 1235 1374 ἀπονεμηθείσης
1276 1325 1413 1374 τιμῆς·
1462 1319 1532 1361 καὶ
1579 1316 1871 1374 ὠνομάζετοῙ)
1893 1316 1943 1352 lV
1964 1317 2033 1351 1⁶0

271 1387 317 1421 26
333 1387 542 1429 δέσποινα.
606 1388 677 1428 καὶ
708 1390 733 1442 ἡ
765 1389 924 1443 βασιλὶς
949 1388 1015 1429 ἐπὶ
1045 1390 1204 1435 τούτοις
1236 1386 1320 1430 οὔτ’
1355 1389 1502 1443 ἒμηνία
1535 1385 1620 1430 οὔτ’
1653 1389 1821 1443 ἤχθετο,

331 1457 461 1509 μέσον
492 1457 536 1498 δὲ
560 1461 813 1511 σκηνοῦντος
834 1461 906 1498 τοῦ
929 1457 1134 1511 βασιλέως
1155 1458 1420 1510 ἑκατέρωθεν
1441 1458 1587 1511 ᾤκουν
1607 1456 1824 1511 παραλλὰξ

273 1525 356 1578 2ῖὴ
395 1525 553 1579 βασιλὶς
589 1525 660 1567 καὶ
697 1527 722 1580 ἡ
761 1525 966 1581 Σεβαστή.
1028 1525 1099 1567 καὶ
1138 1527 1289 1567 οὔποτε
1325 1527 1351 1580 ἡ
1385 1526 1607 1580 Αὔγούστα
1649 1524 1824 1580 προσῄει

331 1598 393 1647 τῷ
423 1594 592 1648 βασιλεῖ,
638 1595 675 1636 εἰ
706 1594 765 1649 μὴ
804 1599 876 1649 τῆς
913 1595 1130 1650 ἐρωμένης
1159 1595 1440 1649 μεμονῶσθαι
1469 1598 1615 1637 τοῦτον
1646 1595 1822 1649 ἀπηκρι-

404 1734 423 1768 1
450 1734 550 1776 θαμᾶ
574 1735 660 1775 (Sic)
686 1733 722 1768 A
819 1734 841 1769 2
866 1734 1047 1780 ἁψόμενος
1073 1735 1103 1769 Ε
1200 1734 1232 1769 6.
1252 1735 1273 1770 7
1298 1734 1502 1779 καθεκάστη
1531 1734 1616 1778 (Sic)
1645 1737 1739 1769 ante
1764 1734 1824 1770 καὶ

404 1781 463 1826 φλ.
477 1781 514 1815 D
588 1782 609 1817 7
626 1781 782 1826 ποταμὸν
795 1782 893 1828 pr
967 1783 1026 1817 καὶ
1041 1783 1152 1828 prius
1167 1781 1352 1828 RsswpDi,
1370 1793 1444 1817 om.
1458 1781 1493 1816 A
1509 1783 1694 1823 (fortasse
1709 1785 1825 1817 erant

403 1830 445 1864 in
472 1829 558 1864 cod.
587 1830 807 1875 archetypo
838 1830 995 1874 ποταμὸν
1022 1831 1041 1870 ς
1073 1841 1097 1864 a
1131 1831 1262 1866 scriba
1295 1831 1381 1865 cod.
1409 1828 1443 1863 A
1470 1840 1681 1875 perperam
1714 1830 1824 1864 intel-

402 1877 521 1918 lecta)
595 1877 617 1912 9
643 1877 701 1912 διὰ
718 1877 845 1916 παντὸς
862 1877 908 1922 A,
936 1879 1107 1922 διηνεκῶς
1121 1878 1219 1923 pr
1295 1877 1340 1913 10
1365 1878 1412 1916 εἷς
1430 1877 1526 1923 Ewp
1602 1878 1655 1912 10.
1673 1877 1715 1911 11
1740 1879 1824 1922 πρό-

403 1938 504 1968 τερον
530 1927 624 1960 ante
649 1925 729 1969 περὶ
756 1925 852 1970 Ewp
951 1926 996 1961 10
1020 1925 1111 1970 περὶ]
1138 1926 1198 1960 καὶ
1224 1925 1259 1960 D
1370 1926 1411 1959 11
1441 1925 1649 1970 δυςχεράναι
1676 1923 1822 1970 Apr,

405 1983 505 2007 corr.
532 1971 589 2007 Di
687 1973 732 2008 13
760 1974 941 2018 γυναίκοιν
967 1973 1053 2018 κνῆ)
1081 1974 1218 2008 invitis
1243 1972 1314 2008 AR
1411 1973 1455 2007 15
1480 1973 1664 2019 βασιλικῆς
1691 1983 1765 2008 om.
1793 1972 1822 2007 B

451 2026 551 2065 τιμῆς
576 2019 660 2064 AD,
690 2021 751 2055 καὶ
776 2021 875 2061 ἀξίας
901 2021 960 2056 καὶ
986 2022 1147 2066 κλήσεως
1172 2020 1270 2064 pr
1413 2021 1457 2056 18
1482 2021 1654 2066 αὐγοὺστα
1676 2019 1823 2065 Apr,

402 2068 535 2113 βασιλὶς
561 2067 641 2105 Cw:
678 2069 842 2103 “malim
877 2069 898 2114 ἦ
932 2069 1076 2115 βασιλὶς,
1116 2079 1209 2103 nam
1242 2068 1459 2104 Scleraena
1493 2071 1532 2103 et
1563 2067 1751 2114 Augusta
1786 2071 1825 2104 et

403 2116 564 2161 ἐρωμένη
591 2115 699 2151 fuit”
730 2117 797 2152 WO

273 2240 320 2275 ‘20
333 2244 510 2290 speciem
535 2244 812 2290 inspiciendae
839 2247 1066 2280 structurae
1081 2245 1242 2290 saepius
1262 2255 1349 2280 eam
1368 2245 1527 2280 viseret.
1578 2243 1638 2279 Ac
1655 2244 1707 2279 ad
1730 2246 1824 2280 tem-

273 2287 317 2322 21
333 2302 410 2337 pus
429 2292 543 2337 quasi
562 2292 845 2327 verecundans
872 2302 1048 2328 amorem
1068 2292 1157 2327 velo
1186 2293 1360 2337 quodam
1389 2292 1633 2337 obducebat3
1659 2291 1822 2326 tandem

334 2349 431 2374 vero
460 2342 498 2374 et
524 2339 680 2385 pudore
707 2343 746 2375 et
773 2340 1090 2375 dissimulatione
1116 2340 1285 2383 abiecta,
1323 2340 1529 2375 mulierem
1555 2350 1636 2374 non
1662 2342 1707 2374 ut
1733 2349 1823 2374 con-

334 2387 523 2422 cubinam
550 2389 589 2422 et
615 2397 665 2422 ex
685 2388 849 2423 semisse
875 2389 1100 2433 coniugem,
1129 2387 1199 2423 sed
1226 2387 1346 2433 plane
1364 2398 1436 2433 pro
1463 2397 1593 2422 uxore
1610 2387 1822 2422 tractabat.

273 2430 320 2465 22
333 2434 476 2479 Itaque
508 2435 563 2469 illi
597 2445 648 2470 ex
680 2436 879 2471 thesauris
905 2436 1028 2481 regiis
1054 2436 1262 2470 fluminum
1292 2436 1419 2470 instar
1452 2435 1617 2469 divitiae
1644 2434 1824 2479 quotidie

335 2482 555 2517 affluebant
582 2486 621 2517 et
647 2493 799 2518 aureae
825 2493 956 2518 venae
975 2483 1274 2528 aperiebantur,
1302 2484 1419 2518 etiam
1441 2485 1580 2527 aperte
1598 2492 1696 2527 rege
1715 2482 1823 2516 illam

274 2526 320 2560 23
335 2531 614 2565 conveniente.
666 2530 741 2572 Qui
767 2530 1019 2565 intolerabile
1046 2531 1120 2565 sibi
1147 2532 1235 2565 fore
1260 2533 1384 2575 ratus,
1412 2531 1487 2565 nisi
1515 2533 1711 2575 perpetua
1736 2530 1823 2565 eius

335 2577 628 2613 consuetudine
653 2579 868 2620 frueretur,
902 2588 946 2613 re
971 2578 1083 2623 prius
1110 2588 1199 2612 cum
1226 2578 1369 2623 regina
1402 2578 1697 2612 communicata
1724 2578 1824 2612 eius-

274 2621 320 2655 24
335 2635 414 2669 que
440 2635 639 2660 consensu
670 2626 895 2670 impetrato,
935 2624 1190 2661 Scleraenam
1222 2626 1263 2660 in
1295 2626 1449 2670 regiam
1481 2625 1667 2659 traducit.
1719 2624 1824 2666 Quin

335 2673 453 2707 etiam
474 2673 618 2707 foedus
638 2673 838 2707 amicitiae
856 2674 962 2708 inter
979 2673 1235 2708 mulierculas
1254 2683 1342 2708 esse
1357 2673 1479 2707 ictum
1500 2672 1549 2707 de
1570 2673 1823 2717 imperatoris

274 2716 320 2751 ‘25
335 2721 534 2754 sententia
568 2720 724 2755 dicitur.
775 2719 834 2755 Ac
868 2721 1011 2756 mulier
1041 2719 1253 2765 Augustae
1287 2720 1478 2755 honorem
1512 2720 1659 2764 adepta
1690 2723 1750 2754 est
1785 2722 1825 2754 et

335 2767 533 2812 dignitate
572 2771 611 2803 ct
643 2768 914 2813 appellatione
945 2768 1100 2813 pridem
1131 2768 1246 2813 regia
1279 2768 1321 2802 in
1348 2768 1515 2812 primam
1548 2777 1636 2802 eam
1668 2767 1823 2811 collata,

275 2811 426 2848 26011m
459 2814 621 2849 domina
653 2818 881 2850 vocaretur.
933 2815 1046 2857 Quae
1082 2816 1214 2851 omnia
1246 2815 1390 2860 regina
1422 2824 1497 2849 nec
1522 2815 1717 2849 iracunde
1749 2824 1824 2849 nee

335 2862 501 2897 moleste
533 2863 701 2907 ferebat,
742 2863 812 2897 sed
840 2873 929 2897 cum
962 2863 1130 2897 maritus
1156 2862 1311 2897 medius
1337 2862 1441 2896 inter
1466 2862 1594 2907 ipsam
1622 2865 1660 2897 et
1685 2860 1824 2907 Augu-

275 2906 321 2941 27
336 2911 437 2943 stam
463 2910 674 2954 habitaret,
712 2911 825 2956 prius
851 2920 942 2946 eum
969 2911 1112 2955 regina
1139 2910 1358 2945 convenire
1382 2920 1463 2945 non
1495 2909 1660 2954 solebat,
1702 2919 1823 2954 quam
