2020 3230
375 231 445 267 892

421 350 458 384 II
484 350 635 392 477,st
672 351 723 385 ab
750 350 891 386 codem
919 352 1086 386 necatur
1120 350 1124 397 Ι

419 397 571 442 477,15.

373 444 615 481 Ὀκταούϊοι
634 456 661 481 S.
677 446 863 491 Ὀκτάβιοι.
880 444 1083 489 —1.[Cn.]

422 493 615 528 Octavius
645 494 771 539 praef.
804 494 940 528 classis
980 493 1083 527 bello

420 541 581 576 Persico
606 541 644 575 II
663 541 741 584 273,
761 541 814 575 16.
842 541 921 584 274,
939 541 992 575 10.
1021 551 1085 575 oc-

422 589 526 623 cisus
552 588 703 632 279,14.

374 655 416 660 —
444 636 476 670 2.
516 635 584 680 [C.]
613 636 804 671 Octavius
831 639 945 681 pater
973 635 1085 670 Octa-

420 684 529 718 viani
556 683 594 717 II
621 684 701 727 339,
717 684 748 718 9.
768 684 821 719 17.

373 750 415 755 —-
443 732 476 765 3.
519 730 567 765 M.
616 731 807 766 Octavius
847 731 1084 766 Dolabellae

419 778 578 824 legatus
605 779 642 813 ΙΙ
669 779 797 823 358,1.

373 845 416 849 —
443 826 475 860 4.
504 825 544 861 C.
571 826 698 861 Iulius
725 826 874 862 Caesar
901 826 1083 861 Octavia-

419 884 496 908 nus
534 884 558 908 a
585 873 758 909 Caesare
783 874 1010 919 :adoptatus
1045 873 1082 907 II

419 921 571 963 337,14.
599 922 751 966 340,10.
780 924 818 956 et
843 923 934 960 Πιάς
961 922 1082 956 1101111-

419 972 538 1003 natus
566 972 653 1004 erat
676 970 780 1004 filius
812 970 961 1004 sororis
989 968 1083 1004 Cae-

419 1017 519 1051 saris
544 1017 624 1060 339,
640 1018 672 1052 9.
706 1017 817 1052 Attia
844 1018 930 1052 eius
956 1020 1083 1052 mater

419 1064 499 1106 339,
517 1064 570 1100 13.
614 1065 722 1110 apud
749 1064 962 1100 Caesarem
990 1064 1082 1099 edu-

419 1115 535 1147 catur
557 1112 638 1156 339,
655 1113 709 1147 12.
748 1113 828 1156 340,
846 1113 901 1147 10.
952 1112 1082 1157 prodi-

418 1160 487 1204 gia
514 1159 563 1195 de
591 1170 637 1195 eo
656 1160 735 1204 340,
752 1160 880 1195 3-10,
909 1159 1082 1195 Caesare

422 1208 552 1242 occiso
571 1207 737 1242 Romam
757 1209 869 1243 venit
894 1207 974 1252 340,
991 1208 1079 1241 16-

418 1254 474 1290 23.
523 1257 823 1291 controversiae
859 1256 945 1291 eius
993 1266 1082 1290 cum

418 1301 594 1338 Antonio
636 1303 718 1346 340,
741 1303 797 1338 23.
839 1303 918 1342 341,
945 1303 999 1338 14.
1027 1304 1080 1337 18.

418 1351 542 1385 multa
585 1351 625 1385 in
667 1351 851 1387 Caesaris
889 1351 1082 1386 honorem

418 1398 515 1433 facit
529 1398 610 1442 341,
622 1399 653 1433 6.
682 1399 819 1444 populi
835 1400 987 1433 amicus
1001 1398 1081 1442 341,

418 1445 473 1480 23.
525 1447 708 1481 exercitu
746 1450 888 1491 parato
915 1446 1082 1482 Romam

418 1494 529 1528 venit
554 1493 634 1538 342,
650 1494 777 1529 5—12.
826 1494 975 1529 bellum
1001 1493 1082 1528 Mu-

418 1542 574 1576 tinense
616 1543 722 1587 gerit
763 1542 842 1585 342,
859 1541 1032 1585 18—350‚
1048 1542 1081 1576 8.

417 1588 584 1623 Romam
604 1592 794 1634 properat
811 1589 892 1634 347,
909 1589 961 1623 12.
1003 1599 1080 1624 cos.

417 1636 497 1679 347,
514 1636 568 1671 18.
595 1637 676 1680 348,
691 1637 723 1672 7.
767 1637 807 1672 C.
835 1637 960 1671 Iulius
987 1636 1081 1672 Cae·

418 1694 484 1718 sar
499 1683 745 1719 Octavianus
765 1685 990 1730 appellatus
1000 1685 1079 1728 348,

419 1731 474 1766 18.
527 1742 616 1766 cum
643 1731 798 1777 Lepido
839 1735 878 1767 et
903 1731 1079 1767 Antonio

417 1780 601 1814 triumvir
642 1780 865 1823 350,,8-19.
915 1779 1079 1814 Antonii

416 1827 646 1872 privignam
674 1827 784 1862 ducit
809 1827 960 1871 350,19.
993 1828 1078 1862 eius

417 1875 730 1919 proscriptiones
761 1875 840 1919 351,
858 1875 1007 1918 1—354,
1025 1875 1078 1910 18.

415 1921 537 1957 bellat
552 1932 641 1956 cum
655 1921 780 1958 Bruto
797 1926 835 1958 et
847 1922 983 1958 Cassio
999 1922 1079 1967 355,

417 1969 461 2003 15
475 1969 590 2013 —365,
604 1970 656 2005 15.
694 1970 931 2015 Hispaniam
951 1973 990 2005 et
1003 1970 1078 2006 Nu-

415 2017 576 2051 midiam
587 2018 732 2063 accipit
740 2018 820 2062 367,
830 2018 862 2053 5.
874 2018 914 2052 in
923 2018 1080 2052 Italiam

417 2067 558 2100 contra
572 2064 806 2110 Pompeium
826 2066 910 2100 abit
927 2065 1007 2109 367,
1025 2066 1078 2100 11.

414 2110 580 2147 Antonii
618 2114 850 2158 privignam
891 2113 1080 2158 repudiat

414 2159 564 2201 367,15.
616 2161 741 2195 vincit
780 2160 824 2195 L.
860 2159 1079 2196 Antonium

415 2211 454 2242 et
464 2207 646 2243 Fulviam
661 2208 740 2251 368,
750 2208 901 2252 9—369,
916 2208 949 2244 3.
977 2213 1080 2254 post—

416 2264 535 2299 quam
555 2265 644 2290 cum
666 2254 702 2291 S.
717 2256 909 2301 Pompeio
929 2257 1080 2292 frustra

415 2303 509 2347 egit,
558 2301 783 2348 Agrippam
814 2306 954 2339 contra
988 2314 1079 2339 eum

413 2350 534 2384 mittit
547 2350 627 2394 369,
642 2350 793 2395 4—370,
808 2351 840 2386 3.
869 2350 1079 2386 Scribonia

415 2397 500 2432 eius
526 2408 632 2433 uxor
657 2398 736 2442 369,
751 2399 784 2433 8.
824 2398 995 2434 Galliam
1021 2402 1079 2434 te-

414 2447 483 2479 net
507 2445 587 2489 370,
602 2445 634 2480 2.
677 2445 875 2491 Lepidum
905 2447 947 2481 in
976 2445 1078 2481 Afri-

415 2502 502 2526 cam
539 2494 659 2528 mittit
695 2494 776 2538 370,
791 2493 822 2528 5.
875 2504 966 2529 cum
999 2493 1079 2529 An-

414 2540 524 2574 tonio
551 2541 593 2575 in
616 2542 789 2586 gratiam
816 2542 920 2576 redit
946 2545 985 2577 et
1010 2553 1078 2577 110-

414 2597 507 2621 vam
562 2591 761 2623 terrarum
820 2590 1078 2634 partitionem

414 2635 511 2669 facit
524 2635 604 2679 371,
620 2635 747 2671 5-22.
768 2640 908 2671 contra
919 2635 955 2672 S.
965 2637 1078 2672 Pom·

414 2682 549 2727 peium
574 2693 657 2718 una
684 2694 774 2718 cum
797 2683 972 2719 Antonio
1000 2684 1078 2720 bel-

414 2729 579 2765 landum
594 2734 730 2766 censet
743 2731 959 2775 372,1-11.
987 2742 1078 2767 cum

414 2776 451 2812 S.
481 2777 670 2823 Pompeio
697 2782 736 2814 et
761 2779 794 2814 is
821 2782 859 2814 et
876 2778 1077 2815 Antonius

414 2834 556 2869 pacem
571 2826 725 2861 faciunt
738 2826 818 2870 372,
835 2827 1008 2872 11—373,
1020 2827 1076 2862 19.

414 2871 463 2906 M.
491 2871 710 2918 [Claudius]
737 2873 950 2909 Marcellus
989 2875 1076 2910 eius

415 2920 562 2955 sororis
587 2921 614 2956 f.
640 2920 791 2965 373,14.
822 2921 981 2957 Liviam
1007 2922 1076 2958 du-

852 230 1047 268 Ὁκταούϊοι
1063 251 1105 257 -
1120 231 1391 277 Ὀμηρόκεντρα.

1207 351 1259 385 cit
1285 351 1497 395 gravidam
1516 351 1596 396 375,
1611 351 1738 387 8-21,
1777 362 1867 388 cum

1206 397 1243 434 S.
1282 399 1474 444 Pompeio
1516 399 1638 434 bellat
1675 399 1756 444 375,
1776 400 1868 435 22-

1205 447 1286 490 383,
1304 446 1357 480 14.
1409 446 1578 482 Octavia
1626 447 1712 482 eius
1754 458 1869 483 soror

1204 492 1368 528 Antonii
1396 504 1501 528 uxor
1526 494 1607 537 378,
1624 495 1678 529 11.
1710 499 1868 530 contro-

1205 542 1348 576 versiis
1369 552 1458 577 cum
1478 540 1652 577 Antonio
1676 543 1868 588 composi-

1205 590 1254 623 tis
1273 590 1522 634 principatus
1540 590 1581 624 in
1593 589 1625 625 V
1637 600 1765 625 annos
1780 600 1866 636 pro-

1204 640 1374 681 rogatur
1400 637 1480 680 378,
1495 637 1620 672 9-19.
1649 638 1792 673 milites
1810 642 1868 673 tu-

1204 684 1449 719 multuantes
1468 684 1582 719 sedat
1596 685 1677 728 383,
1694 685 1867 728 15—384,

1203 731 1237 766 4.
1264 732 1454 777 gentibus
1470 733 1674 768 nonnullis
1689 733 1866 768 subactis

1203 779 1435 814 Pannonios
1447 780 1498 814 ad
1511 780 1754 816 deditionem
1766 791 1868 815 com-

1203 827 1312 871 pellit
1337 828 1416 870 389,
1432 828 1558 862 7—21.
1587 838 1676 862 cum
1690 827 1866 863 Antonio

1204 875 1325 909 bellat
1339 875 1419 919 391,
1434 875 1490 910 12.
1504 875 1678 919 22-401,
1694 876 1749 910 21.
1776 885 1866 911 cum

1204 922 1417 968 Cleopatra
1432 923 1517 967 agit
1530 922 1610 966 400,
1622 923 1797 967 13-401,
1811 923 1866 958 15.

1203 981 1310 1005 mors
1349 969 1513 1005 Antonii
1569 971 1604 1005 ei
1657 971 1867 1006 nuntiatur

1202 1017 1354 1062 402,18.
1382 1017 1635 1063 Cleopatram
1662 1018 1866 1053 viventem

1204 1076 1349 1110 capere
1368 1067 1518 1100 frustra
1542 1065 1676 1101 studet
1700 1066 1781 1110 403,
1799 1066 1865 1100 1—

1201 1113 1282 1157 406,
1297 1113 1328 1148 2.
1357 1113 1527 1148 eandem
1548 1113 1686 1148 humat
1701 1113 1782 1157 406,
1796 1114 1864 1148 3—

1203 1161 1259 1196 15.
1311 1160 1502 1206 Antylum
1542 1160 1777 1206 [Antyllum]
1827 1164 1866 1196 et

1203 1208 1486 1244 Caesarionem
1537 1212 1655 1244 necat
1703 1208 1785 1252 406,
1809 1209 1864 1243 19.

1202 1255 1391 1302 Aegypto
1426 1257 1595 1291 subacta
1620 1257 1661 1291 in
1687 1255 1784 1291 Asia
1809 1257 1866 1290 hi-

1202 1305 1346 1339 bernat
1370 1303 1451 1348 407,
1469 1304 1486 1338 1
1500 1304 1594 1338 —10.
1638 1303 1864 1349 triumphus

1203 1353 1289 1387 eius
1315 1352 1467 1386 Romae
1498 1351 1744 1395 407‚11—22.
1794 1352 1865 1386 im-

1202 1400 1398 1445 peratoris
1430 1409 1577 1434 nomen
1604 1399 1679 1434 sibi
1706 1400 1867 1434 asciscit

1201 1447 1282 1489 408,
1309 1446 1481 1490 13—409‚
1510 1447 1565 1481 13.
1604 1466 1647 1471 ——
1687 1446 1705 1480 Ι
1730 1446 1811 1490 408,
1831 1446 1864 1481 6.

1200 1495 1280 1537 410,
1295 1495 1328 1529 3.
1367 1494 1447 1538 414,
1463 1495 1496 1529 7.
1532 1494 1684 1537 426,17.
1722 1493 1803 1537 427,
1818 1494 1865 1528 20

1201 1542 1327 1585 -428,
1350 1541 1405 1576 12.
1447 1541 1528 1586 429,
1550 1542 1606 1577 13.
1648 1541 1685 1576 II
1711 1541 1863 1586 384,17.

1201 1590 1346 1632 390,17.
1373 1590 1494 1634 391,1.
1510 1590 1541 1624 6.
1570 1589 1817 1634 ν.Αὕγουστος
1832 1589 1863 1622 1.

1154 1658 1197 1663 -
1224 1638 1256 1672 5.
1279 1638 1462 1681 Ὀκτάβιος
1477 1637 1634 1673 Claudii
1662 1641 1701 1672 et
1719 1636 1864 1671 Messa·

1200 1686 1306 1720 linae
1332 1686 1358 1719 f.
1384 1685 1402 1719 Ι
1429 1684 1509 1727 517,
1525 1684 1556 1719 9.

1154 1733 1300 1778 Ὀλβία
1319 1731 1530 1768 Sardiniae
1547 1732 1644 1767 urbs
1663 1731 1702 1766 Il
1718 1731 1795 1775 142,
1807 1731 1852 1766 16

1153 1781 1376 1826 Ὀλβιανός
1409 1779 1640 1814 Armeniaci
1678 1779 1863 1814 thematis

1201 1829 1283 1862 dux
1296 1828 1474 1862 Thomae
1489 1827 1613 1862 filium
1625 1827 1862 1872 adoptivum

1199 1880 1317 1910 necat
1343 1875 1401 1909 III
1428 1875 1509 1918 341,
1525 1875 1579 1909 12.

1152 1923 1275 1959 Ὀλδά
1313 1933 1418 1958 uxor
1453 1921 1602 1958 Selumi
1640 1922 1806 1957 fatidica
1843 1921 1863 1956 I

1199 1971 1277 2015 199,
1293 1972 1324 2006 7.

1152 2019 1420 2063 Ὀλοφέρνης
1451 2016 1862 2053 Nabuchodonosoris

1197 2067 1319 2149 13χίσῖ
1321 2066 1471 2148 ρξᾜόἕ
1483 2065 1665 2148 νῗῡέρῆῗ
1666 2065 1821 2110 α’ράπης
1843 2064 1861 2099 ¹

1151 2142 1280 2207 '0225'ss
1290 2175 1310 2205 ρ
1321 2175 1383 2199 ιος
1397 2140 1601 2196 P⁷lacidiad
1615 2169 1788 2205 sponsus
1801 2158 1860 2194 III

1149 2259 1186 2292 οἱ
1207 2257 1264 2295 τὰς
1284 2256 1576 2301 Ὀλυμπιάδας
1601 2255 1860 2300 ἀναγράφοντες

1197 2305 1235 2339 II
1261 2305 1341 2348 458,
1357 2304 1388 2339 3.

1143 2353 1364 2397 Ὄλυμπος
1406 2351 1438 2386 1.
1481 2350 1713 2386 Thessaliae
1744 2359 1860 2385 mons

1196 2400 1234 2434 ΙΙ
1260 2399 1412 2442 271,10.
1433 2398 1488 2434 15.

1149 2467 1193 2472 -—
1220 2448 1252 2482 2.
1279 2447 1433 2492 Mysiae
1458 2456 1572 2481 mons
1589 2445 1629 2480 II
1645 2444 1726 2490 265,
1741 2445 1773 2480 9.
1799 2444 1860 2479 III

1195 2495 1347 2539 488,18.
1375 2494 1454 2537 680,
1472 2494 1526 2528 16.

1149 2541 1425 2587 Ὀλυμπίασζιν
1447 2542 1488 2576 111
1507 2540 1636 2576 stadio
1656 2551 1747 2575 cum
1773 2540 1859 2575 aliis

1194 2590 1362 2635 regibus
1387 2588 1620 2624 Alexander
1645 2588 1694 2622 M.
1721 2588 1859 2623 decur-

1194 2647 1284 2673 rere
1310 2637 1397 2672 vult
1423 2637 1440 2670 Ι
1466 2636 1616 2680 330,18.

1143 2685 1372 2729 Ὀλυμπιάς
1398 2685 1430 2718 1.
1457 2682 1678 2718 Alexandri
1704 2682 1752 2717 M.
1778 2692 1858 2717 ma-

1194 2736 1256 2768 ter
1288 2732 1306 2767 I
1332 2731 1483 2776 226,11.
1516 2730 1857 2775 329,17-330,11.

1147 2847 1191 2852 —
1218 2827 1250 2862 2.
1266 2807 1444 2862 'Herodis
1470 2826 1551 2860 filia
1576 2825 1593 2860 1
1619 2824 1769 2870 453,10.

1143 2873 1676 2919 ὉμηρόκεντραΕΠᾶοοίἃθ
1701 2871 1759 2907 III
1779 2872 1857 2916 111,
