1968 3302
367 196 415 238 42
774 200 955 239 ZONAR.
982 201 1113 238 EPIT.
1140 202 1237 239 XIII
1262 202 1296 246 8,
1316 203 1466 241 17—28.

367 327 452 367 τῶν
483 325 643 366 ἐκείνου
674 324 768 378 περὶ
798 324 1017 378 τριάκοντα
1049 328 1185 366 πεσεῖν
1217 325 1415 381 χιλιάδας,
1449 327 1626 370 ἁπασῶν
1652 330 1860 385 ἀριθμου-

365 395 508 448 μένων
547 395 604 440 εἵς
642 394 915 448 ὀγδοήκοντα,
955 394 1001 434 ἐκ
1041 393 1086 434 δὲ
1124 396 1208 434 τῶν
1239 393 1501 449 Μαγνεντίου
1539 398 1757 451 τριάκοντα
1791 400 1862 442 καὶ

365 464 412 511 ἒξ
443 463 585 504 οὐσῶν
616 463 814 517 χιλιάδων
847 463 1135 517 διαφθαρῆναι
1160 461 1232 508 τὰς
1253 464 1381 506 εἴκοσι
1401 465 1510 519 πρὸς
1529 471 1616 513 ταῖς
1636 468 1861 522 τέσσαρσιν.

308 529 353 564 18
366 532 511 573 αὐτίκα
544 532 680 574 τοίνυν
711 531 807 578 τοὺς
827 531 905 586 μὲν
927 532 1219 586 ἀνῃρημένους
1239 535 1324 574 τῶν
1343 534 1558 577 πεσόντων
1578 540 1714 591 ταφῆς
1735 537 1861 586 ἅξιω-
1880 590 1882 592 v

365 601 493 655 θῆναι
523 601 681 647 πάντας
713 601 913 648 ἐκέλευσε,
945 599 1004 654 μὴ
1041 601 1374 655 διακρινομένων
1405 606 1490 645 τῶν
1522 605 1689 647 οἰκείων
1719 608 1745 661 ἢ
1777 609 1898 649 τῶνὸ

364 670 591 724 πολεμίων,
630 669 726 716 τοὺς
759 669 795 711 δ’
832 670 885 710 ἔτι
918 669 1174 723 ἐμπνέοντας
1206 670 1436 725 ἐπιμελείας
1466 677 1601 728 τυχεῖν
1632 673 1704 716 καὶ
1735 675 1859 730 ἰατρι-

365 742 444 793 κῆς
475 739 716 792 θεραπείας.

249 802 279 841 C
306 804 351 839 19
485 806 670 860 Διαόράς
702 807 759 855 δέ,
804 808 866 853 (ὃς
898 809 1064 862 εἴρηται,
1112 809 1370 863 ΆιῙαγνέντιος
1400 811 1498 857 τούς
1529 828 1570 853 τε
1600 813 1860 866 περισωθέν-

363 891 436 922 τας
475 876 522 917 ἔκ
561 879 647 918 τῶν
686 877 853 918 οἰκείων
891 877 1067 931 ἤθροιζε
1106 877 1177 919 καὶ
1213 878 1365 925 ἄλλους
1403 881 1592 935 συνέλεγε
1628 882 1700 923 καὶ
1736 881 1861 929 αὖθις

304 942 351 978 20
365 944 725 1000 ἐπαναλαμβάνειν
756 945 905 987 ἑαυτὸν
936 946 1137 1000 ἐπειρᾶτο.
1186 947 1332 989 ἔστειλε
1355 947 1400 990 δὲ
1421 949 1492 990 καὶ
1512 949 1618 1004 πρὸς
1640 949 1712 992 τὸν
1737 950 1859 993 Κων-
1875 954 1921 989 10

364 1013 549 1055 στάντιον
593 1014 866 1069 συγκλητικόν
908 1031 995 1057 τινα
1039 1016 1362 1071 πρεσβεύσοντα,
1410 1018 1458 1059 ὃν
1503 1018 1527 1060 ὁ
1571 1005 1862 1067 Κωνστάντιος

364 1081 522 1136 οἰηθεὶς
552 1087 615 1137 τῷ
644 1088 716 1138 τῆς
747 1084 969 1138 πρεσβείας
1001 1084 1172 1139 ὀνόματι
1203 1087 1578 1141 κατασκοπήσοντα
1606 1088 1678 1130 καὶ
1697 1088 1746 1130 τὰ
1768 1086 1859 1130 κατ’

303 1148 347 1183 21
363 1150 491 1193 αὐτὸν
528 1152 918 1207 περιεργασάμενον,
957 1155 1215 1208 περιώρισεν.
1268 1155 1293 1196 ὁ
1326 1155 1370 1197 δὲ
1403 1156 1662 1210 Μαγνέντιος
1693 1157 1859 1199 ἐπισκό-

362 1236 457 1266 ποις
488 1219 613 1267 αὗθις
644 1222 701 1267 εἷς
731 1222 956 1276 πρεσβείαν
989 1223 1209 1277 ἐχρήσατο,
1259 1226 1669 1280 συγγνωμονηθῆναι
1708 1227 1858 1281 ζητῶν,

303 1286 412 1330 92ἴν’
446 1290 490 1330 ἓν
521 1290 774 1343 στρατιώτου
805 1291 935 1345 μοίρᾳ
966 1297 1028 1345 τῷ
1058 1293 1220 1346 βασιλεῖ
1246 1294 1573 1347 συστρατεύοιτο.
1626 1293 1712 1337 ἀλλ’
1737 1295 1860 1337 οὐδὲν
1876 1295 1922 1331 15

362 1357 471 1411 πρὸς
491 1358 565 1413 τὴν
585 1360 808 1414 πρεσβείαν
829 1360 981 1415 ταύτην
1002 1361 1328 1414 ἀνταπεκρίνατο
1345 1362 1369 1403 ὃ
1390 1362 1688 1412 Κωνστάντιος,
1721 1364 1861 1419 ἀφῆκε

303 1425 349 1461 23
364 1426 410 1468 δὲ
440 1426 537 1474 τοὺς
566 1428 759 1483 πρέσβεις
791 1429 1033 1484 ἀπράκτους
1065 1430 1272 1472 ἀπελθεῖν.
1328 1432 1521 1478 κάκεῖνος
1543 1432 1665 1487 ἀπῄει
1688 1433 1910 1488 κινήσαςΙ)
1928 1439 1965 1474 II

366 1581 383 1616 l
410 1582 562 1627 χαλεπὸν
586 1584 703 1622 πάθος
729 1584 751 1629 ἦ
775 1585 954 1626 πλεονεξία
982 1585 1012 1620 Ε
1208 1586 1230 1621 8
1256 1587 1306 1621 ὅτι
1333 1586 1394 1622 καὶ
1419 1586 1525 1627 αὖθις
1549 1586 1637 1632 πρὸς
1662 1588 1816 1634 πόλεμον
1840 1588 1860 1623 ὃ

362 1630 580 1676 ΙΙῙαγνέντιος
605 1631 811 1677 ἡτοιμάζετο
839 1631 868 1669 C

434 1783 453 1818 1
480 1784 631 1829 χιλιάδες
657 1784 787 1831 BEwp
902 1785 1050 1830 ἀριθμῶ
1076 1785 1118 1821 οὗ
1143 1786 1261 1830 μένων
1287 1786 1334 1830 D,
1363 1797 1463 1822 corr.
1491 1787 1559 1826 Dw
1672 1788 1694 1824 3
1720 1794 1792 1828 ταῖς
1817 1789 1859 1825 in

433 1831 469 1866 D
495 1833 552 1868 ita
584 1835 645 1868 est
676 1835 901 1875 exaratum,
939 1836 984 1869 ut
1017 1834 1206 1869 videatur
1236 1838 1421 1870 notatum
1453 1846 1541 1871 esse
1572 1836 1719 1871 lineola
1750 1837 1858 1872 infra

433 1881 637 1926 apposita;
664 1881 756 1917 ideo
776 1881 868 1916 add.
883 1882 951 1919 Dw
965 1882 1006 1916 in
1025 1893 1152 1927 marg.
1172 1883 1318 1917 iterum
1336 1889 1408 1921 ταῖς
1490 1884 1672 1928 τέσσαρσιν
1688 1883 1856 1930 Βννρῦἱ,

432 1928 592 1972 τέσσαρσι
612 1928 656 1972 A,
684 1940 721 1964 V.
749 1929 800 1964 ad
826 1929 923 1964 ΧῘῙῙ
950 1930 981 1974 1,
1008 1930 1029 1964 5
1126 1929 1149 1965 4
1173 1929 1237 1974 μὲν
1264 1941 1338 1966 om.
1366 1930 1401 1965 D
1499 1932 1521 1967 8
1547 1933 1567 1966 ὁ
1591 1935 1685 1967 ante
1710 1933 1856 1977 μαγνέν-

432 1990 502 2015 τιος
528 1977 619 2011 add.
651 1977 746 2023 pr
857 1977 879 2012 9
907 1978 1033 2023 ἤθριζε
1059 1977 1142 2021 DW‚
1172 1989 1272 2013 corr.
1301 1990 1324 2024 p
1433 1979 1478 2014 10
1502 1979 1591 2024 πρὸς
1617 1983 1711 2015 ante
1737 1980 1858 2016 ἑαυτὸν

433 2060 524 2096 add.
552 2061 583 2096 E
732 2062 772 2096 11
799 2062 1058 2108 πρεσβεύσοντα
1084 2061 1165 2105 AR,
1199 2041 1413 2108 πρεσβεὺσνοτι
1439 2063 1486 2107 Ι),
1523 2063 1618 2099 inde
1644 2074 1858 2110 perperam

430 2109 692 2155 πρεσβεύσαντα
717 2121 780 2155 wp
939 2109 985 2145 12
1010 2110 1324 2155 κατασκοπήσαντα
1350 2110 1397 2155 D,
1426 2121 1526 2146 corr.
1554 2111 1622 2149 Dw
1767 2115 1859 2158 post

431 2171 579 2192 κατασκ.
607 2157 699 2192 add.
725 2159 826 2203 ἥκειν
852 2156 1009 2203 prDi
1132 2158 1176 2192 13
1200 2158 1280 2202 περὶ
1304 2158 1536 2204 ἐργασάμενον
1561 2157 1607 2203 A,
1632 2161 1857 2206 περιεργαζό-

430 2219 536 2250 μενον
561 2205 609 2250 D,
636 2216 738 2241 corr.
764 2205 834 2244 Dw
933 2205 976 2241 15
1003 2206 1222 2251 στρατεύοιτο
1245 2206 1276 2241 Ε
1375 2207 1419 2243 17
1444 2207 1649 2243 ἐπανελθεῖν
1674 2207 1772 2254 pr

302 2360 347 2396 18
360 2361 527 2406 periisse
554 2364 747 2406 quattuor
779 2365 819 2398 et
853 2363 997 2404 vig-inti
1025 2363 1144 2397 milia.
1195 2362 1304 2398 illico
1341 2363 1466 2407 igitur
1500 2363 1735 2399 interfectos
1771 2364 1858 2408 qui-

360 2409 451 2444 dem
478 2409 663 2454 sepulcro
691 2410 853 2455 dignari
881 2413 1047 2445 cunctos
1074 2411 1189 2446 iussit
1216 2411 1302 2446 sive
1329 2421 1424 2446 suos
1447 2411 1533 2446 sive
1551 2411 1697 2453 hostes,
1724 2411 1859 2447 adhue

360 2458 561 2502 spirantes
587 2460 723 2493 autem
751 2468 873 2493 curae
902 2458 1120 2503 participes
1147 2458 1233 2493 fieri
1260 2469 1308 2493 ae
1335 2458 1569 2504 diligentiae
1596 2458 1856 2494 modicorum.

301 2504 346 2539 19
479 2504 660 2550 Hapsus,
687 2509 733 2540 ut
759 2506 910 2540 dietum
937 2508 1007 2548 est,
1034 2506 1291 2551 Magnentius
1317 2509 1355 2541 et
1374 2507 1507 2541 salvos
1527 2517 1622 2542 suos
1641 2507 1858 2552 colligebat

300 2552 347 2587 20
361 2555 400 2587 et
426 2552 525 2587 alios
553 2553 819 2597 conquirebat
852 2556 891 2588 et
925 2553 1059 2589 denuo
1086 2564 1332 2599 recuperare
1365 2554 1472 2589 vires
1505 2555 1741 2590 conabatur.
1791 2553 1858 2590 At-

362 2609 441 2644 que
473 2601 578 2635 misit
610 2602 731 2636 etiam
764 2601 816 2636 ad
849 2600 1127 2637 Constantium
1160 2605 1388 2637 senatorem
1425 2602 1628 2646 quendam
1666 2602 1856 2647 legatum,

363 2657 481 2691 quem
509 2647 767 2684 Constantius
793 2652 906 2684 ratus
931 2649 1147 2693 leg-ationis
1173 2649 1336 2683 nomine
1359 2650 1667 2694 exploraturum
1693 2650 1858 2694 suisque

302 2695 346 2730 21
362 2695 484 2729 rebus
521 2706 563 2730 se
603 2697 868 2732 immisturum
907 2697 1073 2741 expulit.
1124 2695 1176 2732 At
1201 2696 1460 2739 Magnentius
1494 2698 1692 2742 episeopis
1719 2707 1858 2732 rursus

361 2741 507 2787 legatis
545 2744 674 2779 missis
714 2745 872 2779 veniam
913 2744 1130 2790 impetrare
1168 2744 1331 2785 studuit,
1370 2747 1415 2778 ut
1448 2755 1520 2788 pro
1554 2744 1676 2780 milite
1707 2745 1782 2779 sub
1809 2755 1856 2780 eo

300 2784 347 2820 22
362 2799 460 2834 rege
492 2791 691 2827 militaret.
743 2792 884 2837 Neque
917 2802 1014 2827 vero
1049 2792 1264 2837 quicquain
1298 2791 1492 2836 legationi
1527 2792 1619 2827 huie
1650 2792 1858 2837 respondit

302 2833 348 2871 23
363 2835 632 2880 Constantius,
659 2839 727 2874 sed
756 2839 903 2874 (limisit
929 2839 1097 2885 legatos,
1124 2843 1169 2875 ut
1194 2850 1237 2874 re
1263 2839 1414 2874 infecta
1439 2839 1628 2875 redirent.
1669 2839 1771 2875 Tum
1793 2840 1856 2875 ille

363 2885 462 2923 abiit
487 2889 595 2923 moto
623 2887 806 2924 exercitu
831 2887 975 2934 multis,
1014 2888 1083 2935 qui
1108 2887 1184 2925 sub
1210 2886 1445 2934 Magnentio
1478 2891 1724 2933 meruerunt,
1764 2887 1856 2924 defi-
