2054 3282
138 0 270 40 ’,πη
287 0 301 27 5
395 0 398 1 ⁷

485 238 694 282 SEDITIO
719 240 1066 283 ARMENIORVM
1090 243 1158 282 ΕΤ
1183 240 1483 283 NAVTARVM.
1660 242 1730 282 511

23 268 36 294 ,ῃῖ

235 366 368 421 βολὴν
398 367 591 423 ἀλληλων
620 367 691 410 καὶ
722 368 860 422 θροῦν
889 367 959 409 καὶ
987 367 1141 423 κρότον
1160 367 1293 410 πολὺν
1313 367 1384 410 καὶ
1405 367 1540 422 φόνον
1560 367 1732 422 ἀνδρῶν

22 407 91 488 ᾖ)
109 440 221 477 1Ῡ86
235 435 511 490 ἑκατέρωθεν.
572 452 645 491 της
683 436 729 478 δὲ
765 451 914 491 φημης
949 435 996 478 τὸ
1032 435 1203 491 γεγονὸς
1232 440 1316 483 τοῖς
1347 437 1392 478 ἐν
1420 441 1471 492 τῇ
1500 436 1658 478 πόλει
1645 436 1752 491 πρὸ
1744 439 1767 474 3

27 524 30 525 ’
233 520 306 558 της
337 504 547 546 ἐπανόδου
578 508 650 546 τοῦ
681 505 887 559 βασιλέως
917 505 1256 560 καταγγειλάσης,
1287 505 1329 547 οἱ
1357 507 1431 546 τοῦ
1464 505 1604 560 δημου
1632 505 1730 547 ἀτά-

235 572 384 615 σθαλοι
415 572 522 615 κατὰ
553 573 792 628 συμμορίας
822 572 1035 627 γενόμενοι
1065 573 1280 628 πολλαχοῦ
1307 572 1378 615 καὶ
1399 577 1484 620 τοῖς
1502 573 1732 628 Ἀρμενίοις

199 640 471 682 ὗὲπανιοῦσιν
508 641 823 690 ὑπαντιάζοντες
859 641 997 689 ξύλοις
1035 642 1220 687 ἐκείνους
1255 642 1522 684 συνέκοπτον.
1583 642 1646 688 ὡς
1685 642 1767 683 δὲ4

233 709 304 751 καὶ
335 709 360 750 ὖ
390 708 582 764 βασιλεὺς
614 710 794 764 ἐφθάκει
832 709 937 752 κατὰ
978 709 1052 764 τὴν
1095 709 1256 764 ἀγορὰν
1298 713 1384 751 τῶν
1408 709 1730 764 Ἀρτοπρατίων,

233 778 375 832 ὕβρεις
416 778 613 820 κάκείνου
649 779 847 833 κατέχεον
884 778 955 820 καὶ
996 778 1187 833 ’θόρυβος
1225 777 1328 832 ἦρτο
1359 778 1430 820 καὶ
1459 779 1562 833 βοαί
1587 795 1630 820 τε
1659 778 1731 820 καὶ

235 846 481 900 συνδρομαί,
526 846 596 888 καὶ
634 847 675 888 οἶ
708 846 787 900 μὲν
824 846 971 892 λίθους
1002 847 1156 901 ἠφίουν
1186 846 1292 887 κατὰ
1323 850 1397 887 τοῦ
1427 846 1647 901 βασιλέως,
1691 847 1732 888 οἶ

235 913 281 955 δὲ
311 914 428 956 κόνιν
459 915 633 956 ἔπαττον
662 913 753 957 κατ’
781 916 910 956 αὐτοῦ
941 915 1013 957 καὶ
1043 915 1319 970 ἐδυσφήμουν
1349 914 1477 956 αὐτὸν
1505 917 1630 971 μέχρι
1659 920 1776 971 τῆςΒ

178 985 222 1020 10
235 982 407 1036 ἀγορᾶς,
439 983 524 1037 ἥτις
555 983 754 1037 ἔστρωται
785 987 873 1030 ταῖς
901 983 1024 1032 πλαξὶ
1055 983 1127 1025 καὶ
1158 983 1229 1024 τὸν
1259 983 1379 1025 κίονα
1411 984 1528 1038 φέρει
1558 984 1630 1025 τὸν
1654 1000 1729 1026 κυ-

234 1050 411 1105 κλοτερῆ
446 1066 488 1091 τε
524 1050 595 1092 καὶ
625 1055 892 1106 πορφυροῦν.
953 1052 1023 1093 καὶ
1054 1053 1093 1093 εἰ
1117 1052 1178 1107 μή
1210 1068 1313 1098 τινες
1342 1055 1428 1093 τῶν
1459 1052 1767 1107 ἕντιμοτέρωνῇ

233 1119 414 1160 πολιτῶν
456 1119 587 1161 ἐκεῖσε
629 1119 700 1162 τὸν
736 1120 905 1174 βασιλέα
947 1120 1165 1175 δεξάμενοι
1200 1119 1298 1166 τοὺς
1334 1120 1414 1174 μὲν
1444 1121 1732 1175 ἕφεπομένους

234 1186 352 1240 αὐτῷ
394 1187 464 1229 καὶ
509 1187 836 1243 δυσφημοῦντας
878 1189 1016 1235 ἄλλως
1058 1205 1099 1230 τε
1143 1189 1422 1235 ἀτακτοῦντας
1460 1189 1730 1244 ἀνεχαίτισαν,

235 1254 394 1297 ἐκεῖνον
426 1256 471 1297 δὲ
502 1256 649 1311 κύκλῳ
679 1257 970 1312 περιλαβόντες
1000 1257 1223 1312 εὐφήμουν
1253 1257 1324 1298 καὶ
1356 1258 1492 1304 οὕτως
1523 1257 1651 1299 αι”τὸν
1674 1258 1732 1303 εἷς

177 1325 221 1361 15
234 1321 283 1364 τὰ
314 1324 498 1378 βασίλεια
532 1324 798 1379 διεσώσαντο,
842 1326 946 1380 τάχα
984 1325 1036 1367 ἄν
1065 1342 1100 1367 τι
1130 1326 1238 1380 μέγα
1270 1326 1422 1381 συνέβη
1454 1325 1603 1368 κακόν.
1665 1326 1729 1367 ἒν-
1744 1332 1767 1368 6

234 1392 381 1434 τεῦθεν
413 1393 630 1435 διαδέδοτο
660 1393 785 1448 λόγος
816 1393 878 1440 ὡς
909 1394 953 1435 ἕν
983 1394 1245 1449 ἱπποδρομίᾳ
1276 1394 1301 1435 ὁ
1332 1394 1523 1449 βασιλεὺς
1545 1395 1732 1448 ἕγκοτιῦν

233 1465 294 1515 τῷ
327 1460 454 1516 δήμῳ
489 1461 626 1515 μέλλει
665 1461 792 1504 αὐτὸν
829 1462 1085 1517 ἀμύνασθαι.
1148 1463 1322 1518 ἁμίλλης
1365 1462 1441 1504 οὖν
1483 1463 1765 1518 τελουμένηςῖ

238 1590 281 1626 15
305 1591 402 1630 ὅπως
428 1595 490 1626 τοῦ
514 1591 630 1637 δήμου
657 1592 879 1638 φοβηθέντος
904 1606 964 1628 και
989 1592 1030 1628 ἔκ
1058 1597 1117 1629 τοῦ
1139 1593 1292 1638 θεάτρου
1310 1592 1634 1638 ἀποδιδράσκοντας
1650 1593 1731 1628 πολ-

233 1637 287 1674 λοι
311 1639 558 1685 διεφθάρησαν
585 1638 648 1676 CE

307 1746 329 1781 ἴ)
354 1745 501 1786 ἐκείνοις
526 1746 574 1793 D,
601 1757 703 1784 corr.
729 1746 798 1786 Dw
942 1761 1053 1794 αρτοπ
1077 1748 1185 1784 ατίων
1209 1747 1318 1784 ARW
1373 1747 1460 1784 cod.
1479 1747 1597 1786 Coisl.
1615 1747 1731 1785 Cedr.

307 1794 589 1879 (Scylitz.)118p
593 1795 697 1840 .,371
714 1795 769 1839 14,
787 1795 1048 1841 ἅρτοπρατείων
1100 1795 1165 1841 Di,
1181 1807 1218 1831 v.
1234 1796 1286 1831 ad
1341 1795 1500 1841 1V2‚22
1597 1796 1619 1833 7
1643 1797 1731 1832 ἐκεί-

307 1856 370 1878 νου
396 1841 428 1878 Ο
541 1805 733 1889 ὃρέβαλλον
759 1843 899 1889 (ἔβαλον
913 1843 958 1886 Β)
984 1843 1073 1880 κατὰ
1099 1849 1159 1879 τοῦ
1184 1849 1395 1889 κρατοῦντος
1421 1843 1452 1880 Ο
1566 1845 1589 1879 9
1613 1845 1731 1880 ἔπλατ-

308 1903 366 1925 τον
391 1889 428 1925 Ῑ)
563 1891 608 1926 10
631 1891 867 1937 κατέστρωται
895 1891 927 1927 Ο
1062 1892 1104 1927 ll
1132 1906 1166 1927 τε
1193 1902 1269 1928 om.
1296 1890 1327 1927 Ο
1465 1892 1672 1937 πορφύρεον
1699 1892 1730 1928 O

311 1938 356 1973 12
378 1938 519 1973 πολλῶν
546 1938 594 1983 D,
617 1939 769 1974 πολιτῶν
797 1949 899 1975 corr.
925 1938 994 1977 Dw
1139 1943 1234 1976 ante
1259 1939 1372 1974 ἐκεῖσε
1397 1939 1489 1975 add.
1516 1944 1586 1974 τῶν
1611 1939 1647 1974 D

312 1985 356 2021 13
379 1990 469 2031 post
493 1986 711 2031 ἀνεχαίτισαν
736 1986 830 2022 add.
854 1986 916 2023 καὶ
940 1987 1163 2033 ἀπεσόβησαν
1187 1987 1295 2023 OWo
1321 1987 1387 2022 lat.
1518 1987 1564 2022 14
1587 1988 1730 2033 περιβα-

307 2033 423 2073 λόντες
449 2034 726 2080 (περιβαλλόντες
745 2033 794 2077 D,
820 2044 922 2070 corr.
943 2033 1025 2077 Dw)
1044 2034 1076 2070 Ο
1176 2035 1230 2070 14.
1251 2034 1296 2070 15
1319 2035 1423 2079 μέχρι
1450 2039 1521 2070 τῶν
1542 2036 1730 2080 βασιλείων

307 2080 509 2127 προήγαγον
526 2081 635 2118 OWo
653 2081 731 2122 lat..
758 2082 842 2127 ἄχρι
868 2086 929 2117 τοῦ
953 2082 1121 2118 nazario„
1145 2082 1379 2128 προέπεμψαν
1404 2082 1519 2119 Cedr.
1539 2081 1729 2128 (Seylitz.)

309 2128 346 2164 II
372 2138 410 2174 p.
435 2129 516 2173 371,
546 2129 589 2164 19
688 2130 731 2164 16
757 2130 935 2164 διεδέδοτο
962 2129 1060 2175 pr
1159 2131 1202 2166 17
1227 2130 1404 2174 ἀμυνεῖται
1431 2130 1537 2166 αὐτόν
1562 2129 1594 2166 Ο

238 2249 348 2285 tione
375 2258 466 2284 cum
492 2259 642 2295 magno
669 2259 875 2285 murmure
901 2253 941 2285 et
975 2249 1148 2284 tumultu
1174 2249 1278 2285 inter
1304 2259 1348 2285 se
1382 2249 1730 2294 congrederentur

237 2300 276 2333 et
301 2297 505 2342 utrimque
530 2297 683 2342 aliquot
706 2297 781 2332 viri
808 2296 1011 2332 caderent.
1061 2297 1150 2339 Quo
1177 2301 1271 2333 ante
1297 2296 1470 2332 reditum
1496 2297 1606 2343 regis
1638 2297 1766 2333 civi-3

237 2345 313 2381 bus
339 2345 537 2389 nuntiato,
573 2345 789 2380 temeraria
817 2344 930 2390 plebs
956 2345 996 2379 in
1023 2345 1208 2380 cohortes
1237 2344 1474 2390 plerumque
1505 2344 1634 2380 divisa
1660 2343 1731 2380 Ar-

237 2393 390 2428 menios
416 2391 644 2436 redeuntes,
684 2392 844 2427 obviam
882 2402 1058 2438 egressa,
1098 2392 1272 2428 fustibus
1299 2392 1497 2427 caedebat
1526 2396 1565 2427 et
1599 2392 1610 2426 i
1642 2392 1767 2428 sum4

238 2450 375 2486 regem
394 2441 471 2476 iam
492 2440 532 2475 in
551 2440 682 2475 forum
702 2440 914 2485 panarium
934 2449 1192 2485 progressum
1211 2439 1433 2475 maledictis
1455 2440 1607 2475 insecta
1638 2443 1731 2475 atur

238 2492 408 2533 ortoque
435 2487 609 2523 tumultu
635 2491 674 2523 et
702 2497 903 2523 concursu
930 2489 1037 2522 facto
1065 2491 1104 2523 et
1130 2487 1305 2523 clamore
1330 2487 1502 2531 sublato,
1540 2487 1607 2522 alii
1635 2487 1730 2533 lapi·

238 2535 358 2573 (libus
374 2545 513 2582 regem
540 2539 694 2581 petunt,
720 2535 787 2570 alii
807 2535 1014 2581 pulverem
1035 2535 1073 2570 in
1100 2545 1192 2570 eum
1218 2539 1416 2581 spargunt
1443 2539 1483 2571 et
1508 2534 1730 2571 maledictis

236 2593 367 2629 usque
398 2583 439 2618 in
471 2584 604 2619 forum
639 2582 807 2628 lapideis
842 2582 989 2618 tabulis
1024 2586 1192 2618 stratum
1232 2586 1542 2628 prosequuntur,
1581 2582 1621 2618 in
1649 2591 1730 2627 quo

238 2630 424 2667 columna
443 2630 618 2666 rotunda
638 2630 921 2676 porphyretica
947 2631 1023 2665 sita
1050 2634 1120 2665 est.
1170 2629 1229 2665 Ae
1254 2630 1330 2665 nisi
1357 2629 1521 2675 quidam
1539 2640 1590 2665 ex
1611 2629 1766 2666 hono-5

237 2678 456 2715 ratim-ibus
473 2678 631 2714 civibus
650 2687 747 2724 rege
763 2678 841 2713 illic
867 2680 1054 2723 suscepto
1081 2678 1324 2713 insectantes
1342 2687 1433 2713 eum
1453 2682 1492 2713 et
1517 2677 1730 2713 maledicta

238 2727 471 2771 ingerentes
502 2725 696 2771 nulloque
731 2725 872 2761 ordine
907 2725 1199 2761 tumultuantes
1228 2726 1513 2771 repressissent
1538 2725 1730 2770 illumque

238 2783 389 2810 corona
423 2774 598 2809 cinctum
633 2783 723 2809 cum
755 2774 898 2808 faustis
927 2772 1286 2808 acclamationibus
1316 2773 1356 2807 in
1392 2773 1546 2818 regiam
1576 2783 1730 2809 servas-

238 2825 338 2864 sent,
365 2822 534 2857 fortasse
560 2831 752 2867 magnum
781 2820 983 2866 quoddam
1011 2820 1160 2855 malum
1190 2820 1417 2856 exstitisset.
1470 2819 1567 2856 Inde
1594 2821 1766 2856 rumen-6

239 2869 443 2904 emanavit
481 2869 590 2914 regis
628 2870 726 2904 iram
766 2868 870 2904 ludis
903 2868 1158 2913 equestribus
1191 2868 1229 2903 in
1258 2868 1394 2914 populi
1422 2867 1614 2903 ultionem
1642 2877 1730 2904 eru-

240 2920 411 2964 pturam.
460 2915 679 2962 Aliquanto
707 2916 831 2962 igitur
858 2921 946 2962 post
974 2925 1063 2951 cum
1091 2919 1293 2952 certamen
1321 2919 1509 2962 equestre
1529 2915 1764 2964 odoratum?
