2054 3282
385 210 686 248 TRIVMPHVS
713 211 743 247 B
750 210 986 248 ELISARH.
1037 209 1138 246 BEL
1145 210 1249 246 [ΝΜ
1277 210 1598 247 GOTTHICVM.
1690 212 1757 248 165

250 350 367 390 νησιν
399 335 679 389 ἀπονείμαντα
711 334 783 376 τὸν
804 334 848 375 Γ
843 334 1010 389 ελίμερα
1042 333 1269 388 καταγωγὴ
1305 334 1464 388 δέχεται
1489 333 1662 388 λαμπρὰ
1685 333 1757 375 καὶ

251 404 456 457 θεραπεία
499 402 690 458 βασιλικὴ
735 404 1115 458 προετοιμασθεῖσα
1160 404 1288 457 αὐτῷ.
1357 402 1457 458 μεθ’
1504 404 1667 458 ἡμέρας
1711 403 1758 445 δέ
1771 405 1818 441 42

251 488 362 519 τινας
393 471 518 519 αὖθις
549 472 800 527 ῖππηλασίας
832 473 1042 527 ἀγομένης
1073 472 1179 514 κατὰ
1211 472 1257 514 τὸ
1289 472 1481 526 θέατρον,
1513 472 1562 513 τὰ
1584 472 1755 527 λάφυρα

251 545 324 583 τοῦ
367 542 556 596 πολέμου
596 541 662 583 διὰ
697 542 830 596 μέσης
860 547 933 596 τῆς
962 541 1129 588 πόλεως
1159 541 1420 596 κομιζόμενα
1453 542 1667 596 εἰσήγοντο
1699 542 1757 587 εἰς

213 609 297 652 5τὸ
328 610 523 664 Στάόιον,
568 611 738 652 ἀκόντια
775 610 847 652 καὶ
884 611 1035 665 θρόνοι
1065 611 1137 653 καὶ
1168 614 1320 666 φορεῖα
1352 614 1582 665 καταστεγῆ
1615 625 1755 664 γυναι-

250 684 354 728 κεῖα,
393 683 554 735 χρυσοῦ
587 679 636 721 τὰ
667 680 802 722 πάντα
834 682 1094 735 πεποιημένα
1126 680 1198 722 καὶ
1229 679 1363 726 λίθοις
1394 679 1637 734 τιμαλφέσιν
1668 679 1754 720 ε’πι-

249 749 537 804 κοσμούμενα,
578 749 650 791 καὶ
693 750 809 805 κλίνη
855 750 982 805 ὁμοία
1028 749 1099 791 καὶ
1144 749 1428 804 χρυσόπαστοι
1471 749 1647 803 τάπητες
1684 748 1756 789 καὶ
1770 750 1816 787 43

250 818 378 873 σκεύη
411 817 459 859 τὰ
490 821 578 865 ταῖς
608 819 830 872 τραπέζαις
860 819 1194 874 ὗπηρετούμενα,
1226 818 1275 859 τὰ
1306 818 1385 872 μὲν
1417 818 1465 859 ἐκ
1487 821 1649 872 χρυσοῦ
1671 818 1753 871 εἰρ-

250 888 449 941 γασμένα,
480 887 528 929 τὰ
562 887 599 930 δ’
623 889 669 936 ἐξ
699 888 888 943 ἀργύρου
920 888 1194 943 πεποιημένα,
1227 887 1299 929 καὶ
1332 888 1563 941 ἐκπώματα
1595 887 1754 942 χρύσεά

190 961 236 996 10
248 972 290 997 τε
321 957 391 998 καὶ
422 957 698 1012 λιθοκόλλητα
730 957 801 999 καὶ
831 958 1048 1012 ἁλουργεῖς
1070 957 1243 1012 ἐσθῆτες
1263 956 1335 998 καὶ
1355 957 1505 998 πέπλοι
1525 955 1755 1010 παρόμοιοι

248 1025 319 1067 καὶ
339 1026 537 1080 βασίλειοι
558 1027 754 1082 στέφανοι
774 1027 846 1069 καὶ
867 1026 1021 1082 κόσμοι
1044 1030 1256 1080 γυναικῶν
1281 1025 1464 1067 ὄιάλιθοί
1482 1041 1523 1066 τε
1546 1024 1617 1066 καὶ
1638 1040 1753 1077 περι-
1769 1027 1805 1062 D

245 1094 459 1149 μάργαροι
490 1094 561 1137 καὶ
593 1095 695 1137 ἄλλα
726 1096 891 1138 πλεῖστα
924 1095 995 1137 καὶ
1028 1095 1215 1150 ἀριθμὸν
1248 1094 1399 1150 σχεδὸν
1431 1094 1753 1148 ὑπερβαίνοντα,

246 1163 318 1204 καὶ
339 1163 403 1205 ἐπὶ
426 1167 525 1206 πᾶσι
547 1164 753 1218 λάρνακες
775 1164 875 1207 ἔπτὰ
897 1165 1073 1220 χρυσίου
1095 1164 1240 1219 μεσταὶ
1262 1163 1333 1205 καὶ
1354 1163 1491 1218 βίβλοι
1512 1166 1598 1204 τῶν
1620 1163 1753 1204 θείων
1767 1166 1813 1202 44

246 1232 511 1287 εὐαγγελίων,
556 1233 704 1288 χρυσῷ
739 1233 1100 1289 περιλαμπόμεναι
1131 1233 1345 1274 πάντοθεν
1376 1232 1447 1274 καὶ
1478 1232 1615 1273 λίθων
1645 1247 1752 1273 παν-

188 1309 233 1345 15
246 1301 370 1348 τοίοις
413 1302 544 1356 γένεσι
585 1302 910 1357 ποικιλλόμεναι.
972 1302 1020 1344 τὰ
1059 1303 1140 1357 μὲν
1178 1301 1255 1343 οὖν
1286 1306 1360 1343 τοῦ
1392 1301 1612 1356 θριάμβου
1644 1300 1752 1356 ἦσαν

245 1370 290 1411 ἐν
319 1370 492 1417 τούτοις.
555 1370 800 1426 Βελισάριος
832 1372 878 1414 δὲ
908 1371 979 1413 καὶ
1011 1372 1206 1418 ὑπατείας
1238 1371 1404 1426 ἠξίωτο.
1763 1374 1810 1410 45

352 1437 464 1494 ”Han
499 1439 544 1482 δὲ
575 1444 648 1482 τοῦ
669 1443 756 1482 τῶν
777 1439 1042 1495 Οὗανόήλων
1071 1441 1261 1495 πολέμου
1293 1439 1603 1485 καταλυθέντος
1635 1439 1746 1481 στέλ-
1762 1438 1788 1481 8

241 1507 348 1550 λεται
368 1507 485 1563 παρὰ
506 1513 580 1551 τοῦ
601 1509 808 1564 βασιλέως
829 1510 885 1556 εἰς
901 1509 1084 1565 Ῥώμην,
1117 1509 1269 1565 ταύτην
1290 1525 1331 1550 τε
1362 1508 1433 1550 καὶ
1464 1512 1604 1550 πᾶσαν
1631 1509 1748 1563 αὐτῷ
1761 1512 1811 1548 W
1825 1513 1882 1549 111
1896 1513 1943 1550 55

241 1657 298 1692 2
287 1657 366 1702 περὶ
393 1662 452 1703 τῆς
477 1663 548 1693 τῶν
573 1658 748 1704 λαφύρων
772 1664 914 1704 πομπῆς
941 1658 1004 1694 ΟΕ
1104 1659 1147 1694 17
1174 1659 1225 1693 ὅτι
1251 1659 1272 1693 ό
1295 1658 1504 1703 Βελισάριος
1532 1658 1603 1699 (sic
1621 1658 1743 1693 etiam

242 1705 284 1749 E,
309 1716 346 1740 v.
374 1705 427 1741 ad
451 1705 544 1741 XIV
571 1707 604 1751 7,
625 1706 685 1750 21)
711 1707 759 1745 εἰς
785 1706 846 1752 τὴν
869 1707 1012 1742 Ἰταλίαν
1036 1707 1173 1752 ἐστάλη,
1213 1707 1340 1752 ταύτην
1366 1720 1402 1742 τε
1428 1720 1488 1741 και
1515 1705 1578 1751 τὴν
1599 1706 1744 1751 Ῥώμην

240 1753 426 1795 ὗποτάξων
451 1754 639 1797 (ἱποτάξον
666 1755 713 1800 Ε)
740 1761 790 1800 τῶ
815 1755 956 1801 βασιλεῖ
978 1755 1046 1790 ὑπὸ
1073 1756 1220 1791 Γότθων
1245 1755 1484 1800 κατεχομένην
1509 1753 1573 1790 ΟΕ

312 1897 336 1933 2
358 1899 526 1944 βασιλικῇ
543 1899 630 1941 (sie)
645 1897 680 1934 A
776 1899 799 1934 4
829 1903 919 1945 post
937 1901 1154 1944 κομιζόμενα
1174 1899 1266 1934 add.
1285 1899 1346 1934 καὶ
1363 1900 1618 1944 θεατριζόμενα
1643 1899 1742 1944 pr

313 1945 335 1981 6
359 1946 578 1991 τημαλφέσιν
603 1950 642 1982 et
667 1947 873 1992 τιμαλφέσιν
900 1958 972 1993 per
998 1947 1160 1993 dittogr.
1189 1947 1218 1983 C
1322 1948 1345 1983 8
1370 1948 1434 1992 εἶρ)
1436 1949 1578 1991 ασμένα
1606 1958 1681 1982 om.
1711 1948 1742 1983 O

315 1993 360 2028 10
376 1993 587 2030 λιθοκόλυτα
601 1995 632 2029 E
710 1995 891 2040 ἁλουργεῖς
906 1996 990 2038 (sic)
1007 1994 1091 2038 AD,
1110 1995 1306 2041 ἀλιουργεῒς
1321 1995 1352 2030 Ε
1434 1996 1478 2030 13
1492 2009 1552 2031 και
1545 1995 1681 2041 βίβλοι
1699 2016 1740 2020 -

314 2040 359 2076 14
383 2041 556 2077 πάντοθεν
581 2043 641 2077 καὶ
668 2053 743 2078 om.
767 2042 802 2077 A
830 2045 969 2083 (unum
998 2054 1172 2087 versum,
1201 2054 1237 2078 v.
1265 2044 1319 2078 B·
1329 2045 1383 2086 W,
1420 2044 1517 2102 Byz.
1544 2042 1740 2079 Zeitschr.

313 2089 643 2136 a 1892p.220)
767 2091 812 2126 13
837 2091 959 2136 θείων]
987 2093 1094 2136 ἱερῶν
1123 2090 1155 2127 Ο
1284 2091 1329 2127 15
1355 2091 1396 2127 τὰ
1419 2090 1485 2136 μὲν
1513 2091 1588 2136 οὖν]
1616 2091 1676 2127 καὶ
1702 2091 1742 2127 τὰ

310 2136 375 2183 μὲν
401 2136 437 2172 D
495 2101 580 2174 ΡΠ
605 2143 667 2174 τοῦ
694 2149 769 2174 om.
796 2137 826 2175 C
925 2139 970 2175 18
995 2153 1029 2174 τε
1054 2139 1151 2175 αὐτῶ
1177 2139 1238 2175 καὶ
1262 2144 1377 2175 πᾶσαν
1402 2139 1433 2174 Β

240 2282 364 2328 regiis
382 2281 611 2318 ministeriis
629 2283 707 2318 iam
728 2286 822 2318 ante
843 2284 1096 2329 praeparatis
1116 2284 1327 2329 excipitur.
1366 2283 1462 2320 Post
1481 2283 1566 2319 dies
1585 2284 1740 2329 aliquot
1754 2281 1801 2317 42

241 2340 331 2365 cum
358 2330 502 2365 iterum
532 2330 615 2365 ludi
643 2333 851 2376 equestres
887 2332 927 2365 in
955 2331 1111 2366 theatro
1151 2334 1384 2377 agerentur,
1428 2331 1556 2377 spolia
1598 2331 1740 2367 bellica

241 2388 313 2423 per
339 2377 510 2413 mediam
538 2378 679 2414 urbem
701 2380 956 2414 ostentatain
973 2379 1146 2414 stadium
1161 2380 1404 2422 inferuntur,
1431 2380 1576 2424 iacula,
1605 2379 1738 2422 sellae,

239 2425 456 2462 muliebres
481 2426 659 2470 lecticae,
694 2427 828 2461 omnia
854 2436 981 2462 aurea
1008 2431 1047 2462 et
1075 2427 1258 2472 pretiosis
1286 2427 1428 2472 lapillis
1456 2430 1666 2471 exornata,
1700 2431 1740 2463 et
1753 2425 1800 2460 43

240 2473 396 2519 sponda
423 2473 603 2510 eiusdem
630 2475 793 2520 generis
812 2475 1027 2520 auratique
1055 2478 1211 2520 tapetes
1238 2478 1276 2510 et
1303 2475 1492 2510 utensilia
1506 2485 1737 2510 mensarum

240 2522 383 2567 partim
412 2531 538 2557 aurea
560 2523 705 2568 partim
726 2526 933 2568 argentea,
962 2522 1108 2568 pocula
1136 2523 1228 2558 item
1257 2532 1384 2558 aurea
1398 2523 1567 2568 gemmis
1594 2526 1739 2558 ornata

240 2578 554 2615 purpureaeque
580 2573 713 2606 vestes
739 2574 778 2606 et
805 2570 923 2616 pepla
950 2570 1129 2605 eiusdem
1157 2571 1330 2616 generis,
1364 2570 1524 2616 regales
1552 2581 1739 2614 coronae,

241 2621 479 2653 ornamenta
505 2617 717 2654 mulierum
745 2619 914 2664 gemmis
940 2622 979 2653 et
1005 2619 1237 2662 margaritis
1265 2619 1534 2664 interpuncta,
1575 2618 1737 2664 aliaque

241 2664 412 2710 plurima
430 2668 470 2700 et
488 2675 618 2711 paene
633 2666 955 2710 innumerabilia,
983 2669 1023 2702 et
1043 2669 1131 2712 post
1157 2666 1257 2701 haee
1285 2666 1419 2700 omnia
1445 2667 1569 2701 cistae
1584 2668 1736 2711 septem
1751 2665 1798 2701 44

240 2722 340 2747 auro
367 2712 512 2758 plenae
539 2717 578 2748 et
603 2713 694 2748 libri
720 2724 928 2749 saelorum
957 2714 1264 2760 evangeliorum
1291 2714 1472 2759 undique
1500 2724 1600 2748 auro
1615 2714 1737 2750 reful-

239 2763 383 2806 gentes
409 2764 449 2796 et
471 2761 599 2796 omnis
613 2762 775 2807 generis
790 2762 933 2808 lapillis
948 2762 1136 2797 distincti.
1186 2760 1246 2797 Ae
1264 2727 1491 2807 triumplhus
1508 2761 1735 2797 huiusmodi

239 2808 325 2843 fuit.
374 2807 570 2843 Belisario
597 2813 732 2844 autem
761 2810 880 2844 etiam
908 2809 1144 2845 consulatus
1171 2812 1231 2844 est
1258 2809 1428 2845 delatus.
1751 2809 1797 2845 45

358 2855 391 2891 8.
442 2855 552 2891 Bello
580 2856 801 2892 Vandalico
830 2858 907 2892 iam
929 2858 1113 2893 confecto
1140 2857 1245 2893 idem
1262 2857 1428 2893 Romam
1457 2867 1594 2903 arege
1620 2859 1736 2893 mitti-

240 2906 316 2948 tur,
354 2907 399 2939 ut
425 2914 513 2939 eain
547 2908 755 2950 totamque
782 2904 936 2940 Italiam
977 2906 1027 2940 ab
1056 2905 1214 2940 (mtthis
1242 2908 1480 2951 occupatam
1514 2906 1735 2951 subigeret,
