1968 3302
251 210 319 249 124
648 216 830 255 ZONAR.
857 215 988 254 EPIT.
1017 215 1109 252 XIV
1135 215 1167 262 1,
1197 214 1347 254 12—23.

189 334 234 371 13
249 337 299 395 ἧς
339 339 528 395 ἐγένοντο
567 341 684 396 αὐτῷ
721 341 950 395 θυγατέρες
988 340 1079 390 δύο,
1118 340 1314 397 Ἀριάδνη
1347 341 1418 384 καὶ
1448 341 1640 386 Λεοντία·
1685 341 1749 386 ὧν

246 408 320 464 τὴν
350 410 429 465 μὲν
456 415 518 464 τῷ
541 410 708 465 Ζήνωνι
729 411 1003 465 κατηγγύησε,
1036 410 1110 465 τὴν
1143 410 1188 452 δὲ
1209 410 1410 454 Λεοντίαν
1441 414 1657 463 συνέζευξε
1687 420 1750 470 τῷ

246 480 452 533 πατρικίῳ
484 479 741 534 ΙΙῙαρκιανςὸ,
786 481 869 534 υἱῷ
893 479 1119 534 Ἀνθεμίου
1157 485 1231 522 τοῦ
1270 482 1589 536 βασιλεύσαντος
1626 484 1669 526 ἓν
1698 489 1749 540 τῇ

241 547 396 602 Ῥώμῃ·

188 612 233 648 14
359 616 454 658 Ἐπὶ
484 617 633 659 τούτου
665 622 738 659 τοῦ
770 618 977 672 βασιλέως
1003 619 1169 673 γέγονεν
1191 620 1234 661 ἓν
1255 625 1305 675 τῇ
1326 621 1399 675 νέᾳ
1416 621 1559 677 Ῥώμῃ
1582 638 1747 676 φρικω-
1763 618 1786 654 5

247 685 440 732 ὂέστατος
472 686 733 741 ἕμπρησμός,
767 688 814 734 ὃς
846 687 930 729 ἀπὸ
962 688 1180 743 θαλάσσης
1202 689 1285 736 ἕως
1306 689 1536 745 θαλάσσης,
1569 690 1654 733 ἀπὸ
1675 695 1749 733 τοῦ

200 750 443 808 Βᾶρκτῳου
477 755 637 810 δηλαδὴ
670 756 829 810 μέρους
860 757 943 802 ἕως
973 761 1046 798 τοῦ
1078 759 1380 812 μεσημβρινοῦ,
1413 758 1487 813 τὴν
1517 759 1636 802 πόλιν
1668 759 1748 802 ὄιέ-

246 824 393 877 ζωσεν,
427 824 484 870 εἷς
514 828 654 878 μῆκος
687 825 731 866 δὲ
765 825 980 880 διεξῆλθεν
1012 825 1095 868 ἀπὸ
1121 830 1195 868 τοῦ
1218 826 1489 881 Βοοσπορίου
1520 829 1644 883 μέχρι
1674 833 1748 871 τοῦ

245 896 350 934 ναοῦ
381 896 454 934 τοῦ
488 893 607 947 ἁγίου
634 893 836 936 Ἰωάννου
868 899 941 936 τοῦ
973 894 1227 950 Καλυβίτου,
1271 896 1380 949 πρὸς
1418 896 1463 938 δὲ
1502 897 1623 940 νότον
1663 897 1747 940 ἀπὸ

243 964 317 1002 τοῦ
354 966 459 1003 ναοῦ
499 966 573 1004 τοῦ
613 963 733 1016 ἁγίου
773 963 1008 1005 ἀποστόλου
1047 963 1188 1019 Θωμᾶ
1229 965 1354 1019 μέχρι
1396 969 1470 1007 τοῦ
1513 971 1619 1008 ναοῦ
1661 970 1747 1010 τῶν
1761 964 1808 999 10

185 1026 229 1061 15
242 1030 440 1084 μεγάλων
469 1031 702 1085 μαρτύρων
732 1031 914 1086 Σεργίου
947 1032 1017 1074 καὶ
1048 1032 1245 1087 Βάκχου·
1280 1034 1324 1075 ἕν
1357 1034 1402 1076 δὲ
1432 1040 1494 1089 τῷ
1523 1036 1644 1090 μέσῳ
1674 1040 1747 1091 τῆς

242 1099 407 1145 πόλεως
439 1099 523 1141 ἀπὸ
554 1103 639 1142 τῶν
670 1099 847 1142 Λαύσου
879 1101 963 1148 ἕως
993 1106 1066 1143 τοῦ
1102 1102 1268 1156 Ταύρου
1305 1102 1354 1144 τὰ
1387 1103 1431 1145 ἒν
1460 1104 1581 1158 μέσῳ
1611 1105 1745 1146 πάντα

184 1165 228 1199 16
242 1168 510 1210 κατέκαυσεν.
575 1169 641 1210 ὅτε
684 1170 839 1223 λέγεται
882 1170 953 1211 καὶ
997 1171 1021 1212 ὁ
1039 1170 1215 1225 ,Ἅσπαρ
1261 1171 1442 1214 ὃιαθέειν
1484 1171 1557 1219 τὰς
1600 1173 1746 1227 ἀγυιὰς

243 1237 408 1291 ἀγγεῖον
444 1238 598 1284 ὕδατος
633 1238 789 1293 πλῆρες
826 1239 891 1280 ἐπὶ
929 1243 1014 1281 τῶν
1052 1240 1189 1294 ὤμων
1225 1241 1373 1294 φέρων
1404 1241 1474 1282 καὶ
1504 1241 1576 1283 τὸν
1609 1242 1746 1297 δῆμον

241 1306 505 1360 παρακαλῶν
537 1307 699 1361 ὁμοίως
729 1312 871 1356 ποιεῖν,
904 1309 968 1350 ἵνα
997 1307 1043 1350 τὸ
1065 1313 1150 1363 πῦρ
1172 1310 1475 1364 κατασβέσωσι,
1508 1310 1580 1352 καὶ
1602 1311 1744 1358 διδοὺς
1761 1309 1804 1346 15

183 1371 228 1408 17
241 1375 406 1429 ἑκάστῳ
445 1375 551 1429 ὑπὲρ
582 1377 742 1430 μισθοῦ
774 1376 957 1432 νόμισμα
991 1378 1214 1431 ἀργυροῦν.
1279 1379 1471 1433 διήρκεσε
1504 1379 1549 1421 δὲ
1579 1379 1626 1421 τὸ
1657 1384 1743 1434 πῦρ

242 1443 374 1486 έκεῖνο
405 1444 479 1499 τὴν
509 1445 629 1487 πόλιν
659 1445 891 1500 νεμόμενον
922 1443 990 1501 ἐφ’
1023 1447 1198 1501 ἡμερῶν
1233 1448 1467 1502 τετρακτύν,
1512 1448 1584 1490 καὶ
1621 1450 1741 1491 κατέ-

241 1586 263 1622 5
287 1586 367 1631 περὶ
392 1592 452 1624 τοῦ
476 1588 664 1634 γενομένου
690 1588 900 1634 ἐμπρησμοῦ
925 1589 980 1624 ε’πὶ
1005 1594 1064 1635 τῆς
1089 1590 1264 1635 βασιλείας
1289 1591 1363 1631 (τοῦ
1379 1590 1553 1636 βασιλέως
1572 1590 1617 1634 Ε)
1635 1591 1742 1627 Λέον-

241 1649 298 1675 τος
323 1634 385 1672 ΟΕ

313 1764 336 1800 3
361 1765 603 1810 βασιλεύοντος
629 1764 658 1801 C
798 1765 820 1801 5
846 1771 906 1801 τοῦ
932 1766 1105 1812 βασιλέως
1133 1777 1208 1802 om.
1236 1766 1332 1812 pr
1478 1767 1538 1803 νέα
1563 1767 1667 1813 ῥώμη
1694 1766 1741 1813 A,

313 1812 418 1858 ῥώμη
446 1813 487 1857 Ε,
525 1814 623 1848 πόλει
653 1812 694 1858 Β,
735 1815 1091 1850 κωνσταντινουπόλει
1118 1814 1215 1860 pr
1373 1815 1396 1850 8
1421 1816 1637 1860 βοοσπορίου
1662 1814 1741 1861 AC,

311 1862 505 1907 βοσποριόυ
531 1861 574 1906 Β,
599 1861 682 1906 βοὸς
696 1863 843 1907 σπορίου
858 1861 905 1905 D,
931 1863 1110 1907 βοσπόρου
1125 1862 1293 1908 Ewap
1392 1863 1414 1898 9
1439 1869 1500 1898 τοῦ
1527 1866 1620 1899 ante
1643 1864 1742 1909 ἇγιόυ

315 1919 390 1944 0111.
407 1909 490 1955 W*p
506 1909 643 1945 invitis
657 1908 728 1944 AR
825 1910 1005 1956 καλιβίτου
1020 1910 1055 1944 D
1155 1910 1200 1946 10
1226 1915 1285 1946 τοῦ
1303 1916 1388 1946 ναοῦ
1416 1914 1510 1947 ante
1527 1916 1588 1946 τοῦ
1615 1922 1690 1947 om.
1706 1912 1742 1947 D
1758 1908 1773 1922 ⁹

315 1956 358 1991 11
386 1959 481 1993 ante
504 1957 668 2002 μεγάλων
695 1957 786 1992 add.
813 1958 922 2003 ἁγίων
949 1957 1012 1993 ΟΕ
1127 1958 1171 1994 13
1197 1958 1392 1994 κατέκαυσε
1418 1957 1579 2005 prDi
1604 1960 1742 1995 invitis

313 2003 395 2048 AR,
423 2015 460 2039 v.
487 2004 540 2040 ad
565 2005 663 2040 XIII
691 2006 723 2047 1,
750 2005 772 2040 5
868 2005 989 2051 ἀγυιὰς
1014 2005 1183 2052 prDi,
1210 2006 1318 2052 ἀγυὰς
1344 2005 1445 2043 ABC
1544 2007 1589 2042 14
1613 2008 1742 2054 πλῆρες

313 2053 440 2092 ὕδατος
466 2052 568 2099 pr
667 2054 790 2099 φέρων
819 2057 914 2089 ante
940 2054 994 2088 ε’πί
1024 2054 1055 2089 Ε
1154 2055 1199 2089 17
1225 2055 1415 2100 τετρακτήν
1440 2054 1475 2089 D

183 2179 227 2214 13
242 2183 348 2219 duae
375 2185 411 2220 ei
438 2188 559 2220 natae
585 2188 679 2221 sunt
705 2185 821 2229 filiae,
857 2184 1037 2221 Ariadne
1063 2188 1102 2221 et
1128 2185 1309 2230 Leontia‚
1344 2197 1515 2231 quarum
1541 2187 1647 2222 illam
1674 2187 1741 2222 Ze-

240 2232 337 2267 noni
379 2232 604 2278 despondit,
643 2233 854 2269 Leontiam
895 2236 1029 2269 autem
1068 2234 1279 2269 coniunxit
1312 2234 1517 2270 Marciano
1558 2235 1739 2280 patricio,

240 2279 321 2315 filio
349 2278 553 2316 Anthemii
579 2282 688 2326 regis
714 2281 897 2317 Romani.

182 2323 228 2358 14
360 2326 444 2363 Sub
477 2328 554 2364 hoe
579 2339 679 2374 rege
711 2330 862 2364 factum
890 2332 950 2365 est
976 2329 1128 2365 Romae
1161 2340 1294 2364 novae
1327 2330 1573 2366 horrendum
1606 2331 1740 2365 incen-

241 2375 362 2419 dium,
403 2376 513 2420 quod
540 2387 564 2411 a
589 2378 691 2412 mari
718 2377 770 2412 ad
796 2387 908 2412 mare
942 2377 966 2412 i.
997 2387 1029 2412 e.
1063 2387 1087 2412 a
1119 2377 1424 2422 septentrionali
1457 2380 1572 2423 parte
1609 2388 1740 2423 usque

241 2423 293 2458 ad
319 2423 584 2459 meridianam
611 2425 754 2459 urbem
780 2425 996 2469 succinxit;
1029 2425 1105 2460 hoe
1131 2425 1171 2459 in
1198 2425 1493 2469 longitudinem
1521 2436 1545 2459 a
1570 2426 1739 2470 regione

239 2470 478 2516 Bosporana
502 2482 634 2516 usque
661 2472 713 2507 ad
740 2473 882 2508 aedem
902 2471 938 2509 S.
957 2472 1121 2507 Ioannis
1139 2471 1360 2516 Calybitae,
1386 2474 1427 2507 in
1453 2473 1659 2508 meridiem
1687 2473 1740 2508 ab

241 2518 342 2554 aede
370 2518 406 2554 S.
435 2520 607 2563 apostoli
633 2520 813 2555 Thomae
845 2529 974 2565 usque
1005 2520 1057 2555 ad
1091 2520 1283 2565 templum
1317 2531 1559 2566 magnorum
1592 2524 1740 2566 marty-

182 2563 226 2597 15
240 2576 328 2601 rum
357 2565 488 2612 Sergii
520 2570 559 2602 et
584 2567 733 2603 Bacchi
766 2571 1037 2613 pervagatum
1070 2571 1140 2611 est,
1178 2568 1219 2602 in
1251 2568 1384 2602 media
1418 2571 1553 2603 autem
1585 2569 1688 2603 urbe
1715 2579 1738 2604 a

240 2613 376 2649 Lauso
411 2625 541 2660 usque
573 2615 625 2650 ad
652 2615 833 2650 Taurum
866 2625 915 2651 ea
948 2626 1054 2660 quae
1086 2617 1127 2650 in
1162 2615 1294 2651 medio
1328 2619 1443 2650 erant
1476 2616 1610 2651 omnia
1637 2626 1739 2651 com-

181 2658 226 2693 16
241 2661 380 2697 bussit.
432 2662 518 2703 Quo
552 2666 734 2708 tempore
766 2663 913 2699 dieitur
938 2662 1070 2708 Aspar
1102 2673 1175 2698 vas
1208 2673 1340 2708 aquae
1374 2663 1537 2708 plenum
1563 2664 1739 2698 humeris

241 2709 375 2744 ferens
401 2710 489 2744 vias
516 2711 764 2755 percurrisse
793 2714 831 2746 et
854 2711 1048 2756 populum
1068 2711 1282 2753 monuisse,
1309 2714 1354 2745 ut
1373 2721 1489 2746 suum
1509 2711 1738 2756 exemplum

241 2757 368 2791 secuti
394 2757 531 2802 ignem
558 2759 877 2802 exstinguerent,
909 2761 948 2794 et
974 2758 1133 2794 dedisse
1159 2758 1329 2801 singulis
1355 2769 1428 2803 pro
1456 2758 1642 2793 mercede
1667 2768 1738 2793 nu-

182 2801 226 2837 17
240 2813 348 2838 mum
377 2808 628 2849 argenteum.
679 2806 750 2841 Ille
781 2806 888 2851 ignis
918 2806 1060 2841 urbem
1094 2815 1166 2851 per
1200 2805 1285 2840 dies
1325 2809 1518 2850 quattuor
1545 2806 1737 2850 depastus

241 2854 300 2886 est
327 2854 366 2886 et
391 2856 554 2896 praeter
581 2856 715 2889 cetera
741 2854 960 2889 combussit
987 2853 1149 2889 domum
1175 2853 1283 2887 illam
1309 2853 1527 2887 maximam
1553 2854 1669 2888 sitam
1695 2854 1737 2888 in

241 2897 404 2944 Senatu,
433 2901 502 2945 qui
525 2900 682 2946 dicitur,
710 2911 790 2947 quo
818 2904 858 2938 et
883 2904 1092 2938 senatores
1119 2903 1158 2937 et
1185 2900 1327 2936 delecti
1355 2901 1653 2936 conveniebant
1673 2900 1735 2937 de·

1738 2978 1750 3012 i
