1968 3302
396 225 736 264 THEODOSIVS.
787 225 1091 264 AMBROSIVS.
1142 226 1451 266 GREGORIVS.
1632 229 1679 267 89

176 348 202 393 δ
237 347 466 398 Θεοδόσιος
495 349 730 406 μαλαχθεὶς
759 353 845 398 τοῖς
874 350 1120 402 Βυζαντίοις
1151 368 1194 394 τε
1230 351 1360 407 ἆνῆκε
1396 350 1443 395 τὸ
1481 351 1680 408 ἐπιτίμιον

175 420 247 463 καὶ
277 419 529 475 συναγωγὴν
560 419 674 467 ἐντὸς
704 424 777 476 τῆς
806 421 1018 476 βασιλίδος
1043 423 1128 464 τῶν
1148 420 1316 463 πόλεων
1332 420 1433 469 τοὺς
1454 419 1681 470 Ἰουδαίους

175 490 283 545 ἔχειν
313 489 527 544 ἀπείρηκε.

301 558 394 606 Τοῖς
425 557 668 614 Ἀντιοχεῦσι
706 559 751 602 δὲ
790 560 942 615 φόρων
981 559 1289 615 ἐπιταχθέντων
1327 560 1450 613 νέων,
1495 560 1681 615 κινηθεὶς
1694 554 1742 591 30

142 628 203 671 55
235 627 372 684 δῆμος
402 629 460 675 εἷς
490 628 769 684 ἀγανάκτησιν
801 627 867 671 διὰ
899 628 946 671 τὸ
977 627 1123 671 καινὸν
1143 632 1216 684 τῆς
1237 629 1495 683 εἰσπράξεως
1516 629 1682 677 εἰκόνας

177 701 250 753 τῆς
283 691 492 751 προτέρας
530 702 710 753 γαμετῆς
747 702 821 740 τοῦ
861 698 1067 753 βασιλέως
1103 696 1335 740 Θεοδοσίου
1374 698 1418 740 ἐν
1455 702 1506 754 τῇ
1543 699 1682 754 ἀγορᾷ

176 769 250 822 τῆς
284 765 451 812 πόλεως
488 766 629 808 αὐτῶν
668 767 889 822 ἱσταμένας
931 767 1164 808 κατέσπασε
1207 765 1278 808 καὶ
1321 767 1468 821 ἔσυρεν
1507 767 1552 809 ἐν
1593 771 1682 814 ταῖς

179 834 398 889 δημοσίαις
435 834 563 882 ὁδοῖς.
628 834 772 888 διόπερ
811 834 1022 890 ὀργισθεὶς
1059 835 1217 882 ἐκεῖνος
1253 835 1302 876 τά
1339 852 1382 878 τε
1425 836 1564 878 δίκαια
1608 840 1682 892 τῆς
1694 830 1740 867 31
1758 830 1790 868 P
1804 830 1843 867 ῙῙ
1857 827 1951 867 36Α

176 903 343 950 πόλεως
373 903 562 959 ἀφείλετο
592 903 663 946 καὶ
694 909 744 959 τῇ
772 905 820 946 ἐκ
852 904 1047 958 γειτόνων
1069 903 1299 959 Λαοδικείᾳ
1323 905 1476 960 ’ταύτην
1505 906 1682 955 ὑπέταξε

119 974 165 1010 10
176 972 248 1014 καὶ
278 971 374 1019 τοὺς
405 973 534 1027 αὐτῆς
563 973 732 1020 πολίτας
764 972 980 1028 διαθήσειν
1011 973 1162 1028 ἠπείλει
1199 976 1365 1021 κακῶς·
1410 974 1482 1016 καὶ
1520 975 1681 1017 διέθετο

176 1041 241 1095 ἄν,
279 1042 318 1083 εἷ
343 1040 403 1096 μὴ
442 1041 679 1096 Φλαβιανὸς
710 1042 735 1084 ὁ
765 1042 855 1084 τότε
885 1047 958 1098 τῆς
989 1040 1232 1097 Ἀντιοχείας
1263 1043 1479 1098 ἀρχιερεὺς
1509 1049 1571 1099 τῴ
1601 1045 1679 1099 βα-

177 1110 280 1152 σιλεῖ
310 1110 564 1165 προσελθὼν
602 1111 853 1166 ἐπρέσβευσε
889 1111 960 1153 καὶ
992 1112 1184 1154 ἐνδοῦναι
1215 1111 1343 1154 αὐτὸν
1372 1113 1575 1168 πεποίηκε
1605 1117 1679 1155 τοῦ

176 1178 333 1234 θυμοῦ.
396 1179 463 1221 ὅτε
494 1179 565 1221 καὶ
596 1180 621 1222 ὁ
650 1181 784 1234 μέγας
813 1179 952 1235 πατὴρ
978 1180 1003 1222 ὁ
1029 1179 1337 1236 Χρυσόστομος
1359 1179 1554 1237 Ἰωάννης
1583 1181 1680 1229 τοὺς
1693 1177 1740 1213 32

176 1245 439 1302 Ἀνδριάντας
470 1248 836 1304 ἐπιγραφομένους
866 1249 1018 1303 λόγους
1054 1250 1305 1304 συνέγραψε,
1349 1255 1422 1306 τῆς
1454 1251 1498 1292 ἒν
1529 1249 1678 1293 Ἀντιο-

118 1316 162 1353 15
176 1317 266 1372 χείᾳ
299 1317 521 1372 ἐκκλησίας
550 1318 770 1372 τυγχάνων
800 1319 1096 1374 πρεσβύτερος.

304 1385 407 1429 Τότε
443 1386 515 1428 καὶ
545 1386 570 1428 ὁ
600 1386 731 1434 πολὺς
767 1388 812 1429 ἐν
847 1388 1046 1443 θεολογίᾳ
1077 1388 1122 1429 Γ
1115 1388 1326 1444 ρηγόριος,
1371 1389 1680 1444 κεκρυμμένως
1696 1379 1751 1422 19

174 1452 327 1511 πρῴην
359 1455 574 1498 διδάσκων
603 1455 700 1503 τοὺς
732 1456 999 1511 ὄρῦοδόξους
1028 1457 1072 1499 ἐν
1098 1462 1161 1512 τῷ
1181 1461 1254 1513 τῆς
1275 1457 1395 1512 ἁγίας
1416 1455 1681 1506 Ἀναστασίας

174 1594 198 1630 9
220 1593 302 1640 περὶ
326 1598 386 1641 τῆς
410 1593 447 1630 ἐν
467 1594 653 1642 Ἀντιοχείᾳ
677 1596 866 1643 γενομένης
892 1595 1036 1639 ἀταξίας
1065 1596 1128 1634 ΟΕ

247 1726 266 1762 1
295 1740 330 1762 τε
356 1737 433 1763 om.
460 1725 557 1773 OWp
644 1728 666 1763 8
693 1729 875 1773 δημοσίοις
902 1728 931 1765 C
1017 1729 1050 1765 8.
1077 1729 1100 1765 9
1125 1730 1166 1765 τά
1191 1744 1226 1765 τε
1252 1744 1279 1765 τ.
1304 1730 1441 1770 πόλεως
1466 1730 1530 1775 ᾶφ.
1557 1731 1679 1767 δίκαια

248 1774 346 1820 pr
443 1775 465 1810 9
490 1774 695 1820 ε’γγειτόνων
720 1777 752 1812 Ε
853 1775 990 1822 ’ταύτην
1015 1778 1110 1813 ὖπέτ.
1135 1778 1318 1814 λαοδικεία
1344 1778 1376 1813 Ε
1475 1778 1522 1814 10
1546 1779 1678 1824 ἠπείλει

248 1822 434 1868 διαθήσειν
460 1822 562 1869 pr
703 1824 759 1860 13.
786 1825 832 1860 14
858 1826 879 1860 ὁ
900 1825 1008 1870 μέγας
1033 1825 1148 1871 πατὴρ
1174 1827 1195 1861 ὅ
1218 1827 1464 1872 χρυσόστομος
1489 1826 1642 1872 ι’ωάννης
1671 1825 1676 1873 Ι

246 1869 327 1909 τοὺς
347 1870 659 1916 ἀνδριανδριάντας
685 1873 906 1917 (ἀνδριάντας
920 1873 966 1915 Ε)
991 1874 1297 1919 ἐπιγραφομένους
1312 1873 1422 1918 Α(Ε),
1449 1876 1470 1910 ὅ
1493 1875 1680 1920 πάμμεγας

248 1918 400 1964 ι’ωάννης
417 1919 439 1953 ὅ
452 1921 696 1964 χρυσόστομος
713 1920 793 1959 τοὺς
810 1921 1113 1967 ἐπιγραφομένους
1138 1921 1347 1967 ἀνδριάντας
1374 1921 1472 1968 pr
1572 1923 1618 1958 14
1643 1923 1680 1958 ἐν

246 1966 421 2051 ἇντιοχείὲ
445 1966 528 2011 AR,
552 1967 746 2014 ἀντιοχέων
771 1968 873 2016 pr
989 1969 1034 2005 15
1061 1970 1233 2016 ὑπάρχων
1260 1969 1289 2006 C
1406 1970 1452 2007 17
1477 1976 1547 2011 τοῖς
1573 1971 1679 2017 ὀρθο-

246 2015 364 2057 δόξοις

173 2146 340 2182 multam
374 2149 414 2183 et
451 2157 710 2194 synagogam
748 2148 855 2185 intra
894 2150 1078 2196 reginam
1117 2151 1278 2187 urbium
1311 2151 1487 2188 Iudaeos
1525 2152 1679 2189 habere

173 2195 314 2230 vetuit.

294 2239 635 2278 Antiochensibus
662 2247 797 2279 autem
825 2254 915 2280 cum
942 2245 1095 2281 tributa
1122 2246 1379 2293 imposuisset
1404 2258 1525 2293 nova,
1552 2258 1678 2294 popu·
1691 2240 1740 2277 30

173 2289 235 2325 lus
262 2290 313 2325 ob
345 2291 569 2326 exactionis
600 2292 823 2327 novitatem
859 2292 1095 2339 indignatus
1126 2294 1326 2340 imagines
1359 2296 1505 2341 prioris
1537 2296 1677 2331 uxoris

173 2337 284 2383 reg-is
312 2337 530 2373 Theodosii
556 2339 596 2374 in
625 2340 712 2374 foro
747 2339 906 2375 urbano
937 2341 1088 2386 positas
1122 2342 1269 2378 deiecit
1304 2346 1343 2378 et
1375 2344 1501 2379 traxit
1533 2343 1573 2378 in
1607 2354 1678 2389 pu-

174 2385 287 2420 blicis
307 2385 392 2420 viis.
444 2385 702 2432 Quapropter
731 2387 859 2423 iratus
889 2388 954 2424 ille
990 2389 1132 2424 urbem
1167 2393 1206 2425 et
1240 2391 1464 2436 privilegiis
1499 2391 1677 2436 privavit
1691 2385 1735 2421 31

174 2436 212 2468 et
239 2433 399 2468 vicinae
423 2432 654 2470 Laodiceae
681 2435 853 2471 subiecit
888 2439 926 2471 et
958 2446 1000 2471 se
1027 2437 1130 2472 male
1158 2447 1245 2473 esse
1272 2441 1540 2474 tractaturum
1568 2439 1677 2475 cives

173 2480 423 2526 minabatur3
451 2484 490 2516 et
515 2482 620 2517 male
641 2493 710 2518 eos
729 2486 954 2527 tractasset,
981 2485 1056 2519 nisi
1076 2483 1306 2529 Flavianus,
1333 2485 1573 2522 Antiochiae
1591 2490 1677 2522 tum

173 2528 514 2574 archiepiscopus,
549 2540 687 2576 regem
716 2531 882 2567 adiisset
907 2531 1068 2576 legatus
1095 2535 1134 2567 et
1162 2533 1372 2576 effecisset,
1411 2537 1455 2568 ut
1487 2534 1586 2569 iram
1618 2545 1677 2570 re-

174 2575 358 2611 mitteret.
409 2576 497 2618 Quo
524 2580 705 2623 tempore
733 2582 772 2614 et
805 2589 980 2624 magnus
1011 2584 1127 2625 pater
1154 2580 1327 2616 Ioannes
1354 2578 1738 2627 chrysostomus,32

174 2622 455 2659 Antiochensis
482 2625 677 2661 ecclesiae
703 2627 926 2672 presbyter,
967 2628 1172 2663 orationes
1198 2639 1267 2664 eas
1295 2630 1532 2675 composuit,
1571 2640 1677 2676 quae

174 2671 449 2707 inscribuntur
473 2672 496 2685 “
506 2671 673 2709 Statuae
684 2673 715 2709 ³³.

295 2718 351 2754 19.
402 2718 505 2755 'rum
532 2721 652 2756 ctiam
672 2721 896 2767 Gregorius
924 2723 1188 2768 peritissimus
1210 2723 1450 2770 theologiae,
1478 2725 1547 2770 qui
1574 2725 1676 2760 clam

175 2765 329 2811 pridem
361 2766 534 2803 docebat
562 2769 810 2805 orthodoxos
836 2770 877 2805 in
904 2775 1069 2805 sanctae
1096 2770 1338 2807 Anastasiae
1372 2772 1475 2807 aede
1508 2773 1559 2808 ob
1585 2772 1677 2808 hae-

174 2814 391 2849 reticorum
441 2815 733 2861 impudentiam
784 2822 823 2853 et
874 2818 1107 2862 audaciam,
1159 2829 1250 2854 cum
1302 2830 1374 2854 rex
1422 2819 1676 2856 Theodosius

174 2861 364 2897 ecclesias
391 2861 627 2899 orthodoxis
663 2865 889 2910 aperuisset
918 2864 1172 2912 Arianosque
1207 2870 1444 2912 persecutus
1479 2871 1595 2912 esset,
1635 2869 1672 2903 li-

174 2907 270 2946 bere
309 2908 575 2948 denuntiabat
614 2912 738 2949 sslium
781 2912 961 2949 ciusdem
1005 2923 1093 2950 esse
1136 2916 1308 2951 naturae
1351 2925 1441 2952 cum
1482 2919 1597 2964 patre
1636 2920 1676 2952 ct
