2054 3282
351 233 356 236 ’
419 235 776 276 THEOCTISTVS
802 236 1012 277 FRAVDE
1035 235 1250 276 BARDAE
1275 235 1529 276 NECATVR.
1650 237 1718 275 391
1757 239 1761 243 ’

229 360 297 406 διὰ
327 361 516 419 σπουδῆς
547 362 664 418 αὐτῷ
693 361 762 419 ἦν·
804 360 1026 418 βασιλειῶν
1062 360 1143 416 γὰρ
1179 360 1379 404 ἐδεδοίκει
1408 364 1556 403 τοῦτον
1587 361 1651 408 ὥς
1681 361 1722 403 οἱ

225 431 336 487 πρὸς
364 430 544 487 τοῦργον
573 430 931 486 ἀντιστησόμενον.
993 435 1055 486 τῷ
1083 430 1246 486 βασιλεῖ
1276 430 1413 473 τοίνυν
1447 429 1721 485 παιδαγωγὸς
1734 430 1780 468 25

226 500 293 557 ἦν,
325 501 552 555 ἀνδράριόν
581 516 617 542 τι
647 500 812 555 φαῦλον
842 499 913 542 καὶ
942 499 1145 555 πονηρόν,
1177 500 1227 542 ὃν
1258 497 1310 542 δι’
1341 500 1528 554 ἐφέσεως
1559 498 1665 554 εἶχεν
1696 498 1721 541 ὁ

225 569 417 625 βασιλεὺς
444 569 648 624 ἀξιώματι
678 572 764 611 τῶν
794 568 1100 623 λαμπροτὲρων
1130 569 1299 624 τιμῆσαί
1324 584 1410 622 τινι,
1443 566 1515 610 καὶ
1546 568 1721 610 ἐποιεῖτο

191 637 321 693 ὅπερὶ
361 637 512 680 τούτου
553 636 663 691 πρὸς
699 636 774 692 τὴν
809 637 970 692 μητέρα
1001 637 1183 686 ἀξίωσιν.
1245 637 1270 679 ὁ
1302 636 1348 679 δὲ
1384 635 1630 684 Θεόκτιστος
1659 636 1719 692 μὴ
1735 638 1781 674 26

227 706 312 749 δεῖν
350 707 462 761 ἔλεγε
498 706 657 761 μείζονι
697 705 769 747 τὸν
804 704 1078 760 παιδαγωγὸν
1120 710 1192 761 τῆς
1235 706 1385 748 ἑαυτοῦ
1427 705 1723 752 καταστάσεως

224 775 451 831 τιμηθῆναι
486 779 596 830 τιμῇ,
640 775 705 816 ἵνα
740 773 801 830 μὴ
834 774 1042 828 ἀτιμοῒντο
1072 773 1121 816 τὰ
1153 775 1383 830 ἀξιώματα.
1445 774 1637 817 ἐντεῦθεν
1668 771 1719 817 δι’
1734 775 1781 812 27

226 844 386 900 ἔχθρας
406 843 459 899 ἦν
479 848 541 898 τῷ
560 843 825 898 παιδαγωγῷ
845 843 870 885 ὅ
891 841 1147 890 Θεόκτιστος.
1198 847 1320 886 τοῦτο
1341 843 1479 886 τοίνυν
1500 844 1524 886 ὁ
1546 843 1723 898 Βάρδας
1737 845 1783 882 28
1808 842 2008 882 P11157A

225 917 298 968 τῆς
329 913 484 960 οἰκείας
513 912 703 967 σπουδῆς
732 912 1024 966 προυστήσατο
1056 911 1248 954 σύστασιν
1278 912 1350 954 καὶ
1382 911 1449 955 διὰ
1474 915 1548 954 τοῦ
1569 912 1721 954 παιδα-

169 983 215 1020 10
226 985 370 1036 γωγοῧ
401 980 591 1028 ποικίλας
628 980 828 1035 διαβολὰς
866 980 1001 1035 ἐνήχει
1037 984 1122 1028 τοῖς
1164 985 1238 1023 τοῦ
1281 981 1487 1035 βασιλέως
1529 980 1609 1024 ὠσὶ
1651 980 1723 1023 καὶ

224 1049 299 1105 τὴν
330 1050 533 1105 ἐλαφρίαν
563 1049 693 1091 αὐτοῦ
729 1048 835 1091 κατὰ
874 1053 948 1091 τοῦ
985 1047 1234 1092 Θεοκτίστου
1271 1049 1463 1099 ὗπέκνιζε
1500 1049 1572 1092 καὶ
1607 1049 1723 1096 τέλος

225 1118 273 1161 ἐκ
303 1119 437 1173 μέσου
468 1117 596 1160 αὐτὸν
626 1118 884 1172 ποιήσασθαι
914 1118 1148 1173 ὑποτίθησι.
1210 1122 1332 1160 τοῦτο
1363 1118 1409 1161 δὲ
1428 1119 1488 1174 μὴ
1512 1120 1564 1161 ἂν
1584 1118 1782 1165 ἅλλως29

225 1187 473 1243 γενήσεσθαι
515 1186 705 1241 ἀνυστόν,
749 1187 788 1229 εἷ
825 1186 886 1241 μὴ
925 1186 1163 1242 ἀναιρεθείη
1202 1187 1227 1229 ὁ
1263 1187 1518 1241 ἄνθρωπος·
1564 1187 1723 1236 ζῶντος

226 1254 306 1310 γὰρ
337 1255 596 1305 ἀνθέξεσθαί
624 1271 666 1297 τε
703 1256 832 1298 αὐτοῦ
869 1254 944 1310 τὴν
980 1255 1171 1310 βασιλίδα
1209 1255 1281 1297 καὶ
1322 1256 1598 1310 περιέξεσθαι.
1661 1255 1723 1302 ὡς
1735 1256 1783 1292 30

166 1325 212 1361 15
226 1328 329 1379 γοῦν
359 1324 384 1366 ὁ
414 1328 488 1366 τοῦ
520 1323 676 1379 ἀνδρὸς
707 1324 926 1379 κεκύρωτο
957 1324 1155 1378 θάνατος,
1189 1325 1450 1380 ἔπιτετήρητο
1476 1325 1523 1366 ἐκ
1544 1327 1630 1366 τῶν
1650 1328 1723 1380 τῆς

225 1392 437 1448 βασιλίδος
467 1392 590 1442 ἐξιὼν
626 1392 839 1448 θαλάμων
884 1392 954 1448 (ἦν
985 1392 1065 1447 γὰρ
1097 1393 1328 1447 ἀναφέρων
1358 1393 1464 1448 αὐτῇ
1494 1392 1589 1447 περὶ
1620 1394 1721 1435 ἀνα-

225 1465 379 1517 φορῶν
408 1477 451 1504 τε
480 1460 552 1504 καὶ
584 1459 849 1516 διοικήσεων)
882 1461 1082 1503 κάκεῖθεν
1113 1460 1258 1511 ἐξιόντι
1288 1462 1485 1503 καθιᾶσιν
1513 1461 1630 1516 αὐτῷ
1650 1460 1723 1503 τὸν

225 1530 403 1586 σφαγέα.
465 1530 491 1573 ὁ
522 1529 568 1573 δὲ
604 1529 764 1585 γυμνὸν
801 1529 906 1572 ἰδὼν
943 1529 989 1573 τὸ
1029 1530 1151 1586 ξίφος
1194 1530 1378 1586 ἠρμένον
1420 1527 1523 1572 καθ’
1556 1530 1722 1585 ἑαυτοῦ,
1735 1531 1780 1568 31

298 1702 318 1738 1
344 1700 392 1747 οἱ]
419 1702 515 1746 αὐτῷ
541 1701 574 1738 Ο
669 1702 693 1738 2
717 1702 864 1748 τοῦργον
888 1700 987 1747 ABS,
1013 1701 1161 1748 τοῦργον
1178 1700 1346 1748 prDi‚
1373 1712 1410 1738 V.
1437 1702 1488 1737 ad
1516 1701 1588 1738 XV
1616 1702 1646 1747 1,
1677 1703 1722 1738 12

294 1749 329 1785 2.
356 1750 380 1786 3
403 1756 454 1796 τῷ
478 1750 816 1796 βασιλεῖ-πονηρόν
843 1761 918 1786 om.
946 1750 977 1786 E
1073 1751 1096 1786 3
1121 1749 1172 1795 ὃν]
1199 1751 1221 1785 δ
1243 1750 1305 1786 καὶ
1330 1750 1367 1785 D
1464 1749 1488 1785 4
1511 1750 1662 1786 ἕπτοεΐτο
1690 1751 1720 1786 Β

294 1797 318 1834 5
343 1803 434 1844 post
458 1798 581 1833 τούτου
606 1797 698 1833 add.
725 1798 788 1844 τὴν
811 1797 909 1844 Bwp
1005 1799 1028 1833 8
1051 1799 1270 1844 παιδαγωγῷ
1288 1796 1457 1843 prDi‚
1482 1796 1666 1844 παιῖγωγῶ
1687 1799 1720 1834 Α

341 1850 463 1881 τοῦτον
487 1845 519 1880 Β
618 1845 661 1881 11
692 1845 915 1891 Θεοκτίστου]
945 1846 1119 1892 βασιλέως
1145 1845 1174 1882 C
1273 1845 1319 1880 14
1343 1845 1450 1881 αὐτοῦ
1476 1851 1566 1892 post
1593 1845 1658 1891 γὰρ
1683 1846 1719 1881 D

340 1893 559 1938 περιέξεσθαι
586 1892 754 1939 prDz'‚
779 1893 1002 1939 περιέζεσθαι
1028 1892 1063 1929 Α
1163 1893 1207 1930 15
1231 1893 1295 1929 οὖν
1321 1893 1416 1939 Ewp
1513 1893 1720 1938 ἐκεκύρωτο

295 1940 392 1987 Ewp
530 1940 584 1976 15.
613 1941 658 1977 16
681 1940 787 1983 ἐξιὼν
811 1941 853 1976 ἐκ
879 1945 951 1977 τῶν
976 1942 1212 1978 δεσποινικῶν
1235 1941 1412 1987 θαλάμων
1440 1940 1471 1977 O
1612 1942 1656 1979 18
1682 1942 1720 1978 τὸ

294 1989 399 2035 ξίφος
423 1987 512 2024 ἰδὼν
537 1988 568 2024 Β
671 1989 826 2035 ᾗρμένον
851 1988 986 2036 wap
1012 1990 1150 2025 invitis
1175 1987 1256 2034 AR,
1283 1999 1322 2025 v.
1348 1988 1400 2024 ad
1427 1988 1518 2025 XVI
1543 1989 1576 2034 2,
1604 1990 1623 2025 1

223 2155 420 2202 singulari
446 2156 646 2202 voluptati
678 2156 755 2192 fuit
787 2160 827 2192 et
852 2155 1126 2192 Theoctistum
1160 2158 1280 2194 etiam
1315 2166 1507 2193 amovere
1542 2156 1716 2202 studuit;

223 2213 315 2240 nam
344 2213 435 2239 cum
461 2204 577 2249 regni
604 2203 826 2250 cupiditate
852 2204 1055 2249 flagraret,
1089 2205 1307 2246 metuebat,
1347 2215 1399 2241 ne
1425 2204 1476 2240 ab
1504 2203 1569 2239 illo
1596 2204 1717 2250 impo-

223 2251 387 2287 diretur.
439 2250 540 2296 Regi
568 2255 704 2287 autem
730 2251 999 2297 paedagogus
1025 2255 1112 2287 erat
1139 2252 1353 2288 homuncio
1389 2252 1479 2287 vilis
1505 2255 1544 2287 et
1570 2248 1776 2297 immo-‘25

223 2299 317 2343 bus;
356 2308 475 2344 quein
511 2309 600 2334 cum
629 2298 868 2335 adulescens
894 2298 1110 2335 illustriore
1144 2300 1342 2345 dignitate
1369 2302 1555 2335 ornatum
1584 2299 1714 2343 vellet,

224 2346 300 2382 hac
326 2346 377 2382 de
401 2356 445 2382 re
466 2350 631 2382 matrem
652 2346 762 2382 adiit.
812 2346 959 2382 Verum
980 2346 1235 2382 Theoctistus
1262 2347 1441 2393 negabat
1468 2346 1714 2393 paedagogo
1729 2344 1776 2380 26

223 2393 479 2430 tribuendam
519 2393 770 2439 dignitatem,
810 2404 916 2440 quae
954 2394 1060 2429 iliius
1098 2394 1369 2430 conditionem
1402 2398 1626 2440 superaret,
1664 2404 1716 2430 ne

224 2441 442 2487 dignitates
465 2441 708 2485 indignitate
726 2442 993 2477 afficerentur.
1044 2441 1101 2477 Ex
1122 2452 1171 2478 eo
1190 2441 1444 2478 Theoctistus
1471 2441 1714 2488 paedagogo
1729 2439 1775 2476 27

222 2492 311 2525 erat
335 2489 503 2532 invisus,
530 2489 653 2535 idque
671 2488 829 2525 Bai-dae
857 2493 1203 2535 peropportunum
1223 2489 1369 2525 accidit
1387 2489 1439 2525 ad
1466 2489 1710 2525 desiderium
1728 2487 1776 2523 28

222 2546 339 2572 suum
378 2536 695 2582 exsequendum.
763 2536 841 2573 Per
888 2536 1175 2583 paedagogum
1222 2537 1347 2582 igitur
1393 2537 1528 2572 varias
1572 2540 1714 2573 contra

223 2583 496 2620 Theoctistum
527 2584 748 2620 calumnias
775 2585 883 2629 rogis
909 2585 1078 2619 auribus
1103 2584 1267 2620 instillat
1285 2585 1453 2630 eiusque
1480 2585 1712 2621 facilitatem

222 2631 263 2667 in
302 2631 412 2667 illum
445 2633 631 2676 eoncitat,
671 2632 847 2678 denique
886 2632 973 2667 eius
1012 2632 1227 2668 amovendi
1267 2633 1309 2668 fit
1347 2637 1477 2668 autor.
1529 2631 1574 2667 Id
1615 2643 1713 2668 vero
1727 2631 1775 2666 ‘29

221 2678 338 2715 aliter
365 2688 485 2725 posse
509 2679 595 2715 fieri
622 2680 812 2726 negabat,
839 2690 960 2725 quam
988 2680 1019 2714 si
1048 2679 1165 2715 homo
1193 2679 1462 2718 occideretur:
1502 2687 1594 2715 nam
1621 2690 1713 2715 eum

222 2726 426 2762 viventem
453 2737 478 2762 a
503 2737 547 2762 re
579 2727 647 2762 ina
681 2727 891 2763 defensum
932 2727 979 2762 iri
1012 2731 1052 2763 et
1090 2727 1331 2763 auctoritato
1357 2727 1587 2763 valiturum.
1638 2726 1713 2763 De·
1727 2726 1774 2762 30

222 2777 333 2810 creta
359 2774 435 2810 viri
470 2784 543 2810 cae
574 2785 595 2810 e
634 2775 876 2811 observatur
914 2774 1001 2810 eius
1027 2784 1050 2809 e
1075 2774 1259 2809 thubunis
1297 2775 1465 2820 reginae
1503 2784 1711 2820 egressum

221 2831 315 2856 nam
347 2821 400 2857 ad
432 2831 519 2857 eam
559 2824 597 2857 et
627 2832 734 2868 quae
771 2827 861 2858 acta
901 2826 1035 2858 essent
1073 2827 1112 2857 ct
1150 2832 1257 2867 quac
1295 2822 1458 2867 agenda
1495 2822 1710 2858 referebat.

222 2868 458 2914 Egredienti
486 2879 699 2916 percussor
717 2870 952 2905 immittitur.
1003 2869 1101 2906 Cum
1121 2873 1255 2905 autom
1283 2869 1348 2905 ille
1375 2870 1556 2906 strictum
1577 2880 1711 2906 ensem
1726 2869 1770 2906 31

224 2919 366 2953 contra
390 2927 435 2954 se
459 2917 607 2954 elatum
634 2923 830 2963 cerneret,
857 2927 1064 2954 scanmum
1091 2917 1230 2964 subiit3
1270 2927 1484 2964 percussor
1510 2928 1646 2955 ensem
1672 2918 1714 2954 in
