<?xml version="1.0" encoding="UTF-8"?>
<!DOCTYPE html PUBLIC "-//W3C//DTD XHTML 1.0 Transitional//EN"
    "http://www.w3.org/TR/xhtml1/DTD/xhtml1-transitional.dtd">
<html xmlns="http://www.w3.org/1999/xhtml" xml:lang="en" lang="en">
 <head>
  <title>
</title>
<meta http-equiv="Content-Type" content="text/html;charset=utf-8" />
  <meta name='ocr-system' content='tesseract 3.04.00' />
  <meta name='ocr-capabilities' content='ocr_page ocr_carea ocr_par ocr_line ocrx_word'/>
</head>
<body>
  <div class='ocr_page' id='page_1' title='image "./corpusscriptorum31niebuoft/corpusscriptorum31niebuoft_0474.png"; bbox 0 0 2054 3282; ppageno 0'>
   <div class='ocr_carea' id='block_1_1' title="bbox 358 228 1496 279">
    <p class='ocr_par' dir='ltr' id='par_1_1' title="bbox 358 228 1496 279">
     <span class='ocr_line' id='line_1_1' title="bbox 358 228 1496 279; baseline 0.002 -11"><span class='ocrx_word' id='word_1_1' title='bbox 358 232 430 268; x_wconf 86' lang='lat'><em>448</em></span> <span class='ocrx_word' id='word_1_2' title='bbox 720 230 900 270; x_wconf 75' lang='lat' dir='ltr'>ZONAR.</span> <span class='ocrx_word' id='word_1_3' title='bbox 928 229 1060 269; x_wconf 77' lang='grc' dir='ltr'><strong>ΕΡΙΤ.</strong></span> <span class='ocrx_word' id='word_1_4' title='bbox 1086 228 1177 269; x_wconf 83' lang='lat' dir='ltr'><em>Xv1</em></span> <span class='ocrx_word' id='word_1_5' title='bbox 1204 230 1258 277; x_wconf 86' lang='lat'><em>13,</em></span> <span class='ocrx_word' id='word_1_6' title='bbox 1287 231 1436 279; x_wconf 80' lang='lat'><strong>19—14,</strong></span> <span class='ocrx_word' id='word_1_7' title='bbox 1465 232 1496 270; x_wconf 90' lang='lat'><em>1.</em></span> 
     </span>
    </p>
   </div>
   <div class='ocr_carea' id='block_1_2' title="bbox 67 353 2031 1640">
    <p class='ocr_par' dir='ltr' id='par_1_2' title="bbox 355 353 1852 545">
     <span class='ocr_line' id='line_1_2' title="bbox 355 353 1852 410; baseline 0.001 -15"><span class='ocrx_word' id='word_1_8' title='bbox 355 355 594 409; x_wconf 88' lang='grc' dir='ltr'><em>προείρηται</em></span> <span class='ocrx_word' id='word_1_9' title='bbox 636 354 751 407; x_wconf 86' lang='grc' dir='ltr'><em>παρὰ</em></span> <span class='ocrx_word' id='word_1_10' title='bbox 789 357 862 395; x_wconf 77' lang='grc' dir='ltr'><em>τοῦ</em></span> <span class='ocrx_word' id='word_1_11' title='bbox 901 353 1035 408; x_wconf 80' lang='grc' dir='ltr'><em>Δαβὶδ</em></span> <span class='ocrx_word' id='word_1_12' title='bbox 1072 353 1303 409; x_wconf 79' lang='grc' dir='ltr'><em>εἰρηκότος·</em></span> <span class='ocrx_word' id='word_1_13' title='bbox 1347 354 1442 396; x_wconf 69' lang='grc' dir='ltr'><em>Ἥσα</em></span> <span class='ocrx_word' id='word_1_14' title='bbox 1481 355 1788 410; x_wconf 82' lang='grc' dir='ltr'><em>ἕπονηρεύσατο</em></span> <span class='ocrx_word' id='word_1_15' title='bbox 1826 356 1852 397; x_wconf 83' lang='grc' dir='ltr'><strong><em>ὅ</em></strong></span> 
     </span>
     <span class='ocr_line' id='line_1_3' title="bbox 356 422 1852 478; baseline 0.002 -16"><span class='ocrx_word' id='word_1_16' title='bbox 356 422 512 476; x_wconf 67' lang='grc' dir='ltr'><em>ἐχθρὸς</em></span> <span class='ocrx_word' id='word_1_17' title='bbox 544 423 587 464; x_wconf 78' lang='grc' dir='ltr'><em>ἓν</em></span> <span class='ocrx_word' id='word_1_18' title='bbox 617 427 677 476; x_wconf 77' lang='grc' dir='ltr'><em>τῷ</em></span> <span class='ocrx_word' id='word_1_19' title='bbox 717 423 823 476; x_wconf 84' lang='grc' dir='ltr'><em>ἁγίῳ</em></span> <span class='ocrx_word' id='word_1_20' title='bbox 861 438 951 475; x_wconf 86' lang='grc' dir='ltr'><em>σου,</em></span> <span class='ocrx_word' id='word_1_21' title='bbox 996 422 1067 463; x_wconf 87' lang='grc' dir='ltr'><em>καὶ</em></span> <span class='ocrx_word' id='word_1_22' title='bbox 1111 422 1442 477; x_wconf 82' lang='grc' dir='ltr'><em>ἒνεκαυχήσαντο</em></span> <span class='ocrx_word' id='word_1_23' title='bbox 1480 424 1520 465; x_wconf 83' lang='grc' dir='ltr'><em>οἱ</em></span> <span class='ocrx_word' id='word_1_24' title='bbox 1554 424 1770 478; x_wconf 82' lang='grc' dir='ltr'><em>μισοῦντές</em></span> <span class='ocrx_word' id='word_1_25' title='bbox 1806 440 1852 466; x_wconf 90' lang='grc' dir='ltr'><em>σε</em></span> 
     </span>
     <span class='ocr_line' id='line_1_4' title="bbox 356 490 1851 545; baseline 0.002 -14"><span class='ocrx_word' id='word_1_26' title='bbox 356 492 400 531; x_wconf 73' lang='grc' dir='ltr'><em>ἓν</em></span> <span class='ocrx_word' id='word_1_27' title='bbox 430 491 549 544; x_wconf 84' lang='grc' dir='ltr'><em>μέσῳ</em></span> <span class='ocrx_word' id='word_1_28' title='bbox 581 495 653 545; x_wconf 85' lang='grc' dir='ltr'><em>τῆς</em></span> <span class='ocrx_word' id='word_1_29' title='bbox 684 490 830 544; x_wconf 77' lang='grc' dir='ltr'><em>ἑορτῆς</em></span> <span class='ocrx_word' id='word_1_30' title='bbox 870 491 974 532; x_wconf 74' lang='grc' dir='ltr'><em>σου.’</em></span> <span class='ocrx_word' id='word_1_31' title='bbox 1035 491 1120 531; x_wconf 72' lang='grc' dir='ltr'><em>ἴσθι</em></span> <span class='ocrx_word' id='word_1_32' title='bbox 1159 490 1247 545; x_wconf 83' lang='grc' dir='ltr'><em>οὗν,</em></span> <span class='ocrx_word' id='word_1_33' title='bbox 1292 491 1475 545; x_wconf 82' lang='grc' dir='ltr'><em>βασιλεῦ,</em></span> <span class='ocrx_word' id='word_1_34' title='bbox 1521 492 1582 538; x_wconf 85' lang='grc' dir='ltr'><em>ὡς</em></span> <span class='ocrx_word' id='word_1_35' title='bbox 1613 491 1698 534; x_wconf 81' lang='grc' dir='ltr'><em>ἀπὸ</em></span> <span class='ocrx_word' id='word_1_36' title='bbox 1728 492 1851 534; x_wconf 84' lang='grc' dir='ltr'><em>τοῦδε</em></span> 
     </span>
    </p>

    <p class='ocr_par' dir='ltr' id='par_1_3' title="bbox 67 558 1887 750">
     <span class='ocr_line' id='line_1_5' title="bbox 67 558 1851 614; baseline 0.003 -18"><span class='ocrx_word' id='word_1_37' title='bbox 67 561 265 598; x_wconf 80' lang='lat' dir='ltr'><strong>P11179A</strong></span> <span class='ocrx_word' id='word_1_38' title='bbox 292 562 338 597; x_wconf 89' lang='grc'><em>20</em></span> <span class='ocrx_word' id='word_1_39' title='bbox 352 559 506 613; x_wconf 83' lang='grc' dir='ltr'><em>χρόνον</em></span> <span class='ocrx_word' id='word_1_40' title='bbox 527 558 781 612; x_wconf 80' lang='grc' dir='ltr'><em>βασιλεύσεις</em></span> <span class='ocrx_word' id='word_1_41' title='bbox 804 558 1019 613; x_wconf 82' lang='grc' dir='ltr'><em>δεκαετῆ.”</em></span> <span class='ocrx_word' id='word_1_42' title='bbox 1079 559 1149 600; x_wconf 84' lang='grc' dir='ltr'><em>καὶ</em></span> <span class='ocrx_word' id='word_1_43' title='bbox 1172 559 1195 600; x_wconf 85' lang='grc' dir='ltr'>ὁ</span> <span class='ocrx_word' id='word_1_44' title='bbox 1217 560 1341 614; x_wconf 87' lang='grc' dir='ltr'><em>λόγος</em></span> <span class='ocrx_word' id='word_1_45' title='bbox 1362 561 1486 614; x_wconf 80' lang='grc' dir='ltr'><em>ἔργον</em></span> <span class='ocrx_word' id='word_1_46' title='bbox 1516 561 1691 614; x_wconf 73' lang='grc' dir='ltr'><em>ἐγένετο·</em></span> <span class='ocrx_word' id='word_1_47' title='bbox 1724 561 1851 602; x_wconf 75' lang='grc' dir='ltr'><em>ἔθανε</em></span> 
     </span>
     <span class='ocr_line' id='line_1_6' title="bbox 353 626 1887 683; baseline 0.002 -17"><span class='ocrx_word' id='word_1_48' title='bbox 353 626 432 680; x_wconf 76' lang='grc' dir='ltr'><em>γὰρ</em></span> <span class='ocrx_word' id='word_1_49' title='bbox 455 627 478 667; x_wconf 87' lang='grc' dir='ltr'>ὁ</span> <span class='ocrx_word' id='word_1_50' title='bbox 500 626 627 667; x_wconf 83' lang='grc' dir='ltr'><em>Λέων</em></span> <span class='ocrx_word' id='word_1_51' title='bbox 650 626 752 681; x_wconf 82' lang='grc' dir='ltr'><em>μετὰ</em></span> <span class='ocrx_word' id='word_1_52' title='bbox 787 627 889 668; x_wconf 82' lang='grc' dir='ltr'><em>δέκα</em></span> <span class='ocrx_word' id='word_1_53' title='bbox 923 627 1134 673; x_wconf 70' lang='grc' dir='ltr'><em>ἐνιαυτοὺς</em></span> <span class='ocrx_word' id='word_1_54' title='bbox 1165 626 1255 669; x_wconf 75' lang='grc' dir='ltr'><em>κατ’</em></span> <span class='ocrx_word' id='word_1_55' title='bbox 1289 628 1418 683; x_wconf 81' lang='grc' dir='ltr'><em>αὐτὴν</em></span> <span class='ocrx_word' id='word_1_56' title='bbox 1448 628 1521 683; x_wconf 84' lang='grc' dir='ltr'><em>τὴν</em></span> <span class='ocrx_word' id='word_1_57' title='bbox 1552 629 1715 683; x_wconf 79' lang='grc' dir='ltr'><em>ἡμέραν</em></span> <span class='ocrx_word' id='word_1_58' title='bbox 1745 626 1887 671; x_wconf 73' lang='grc' dir='ltr'><em>καθ’ἴ)</em></span> 
     </span>
     <span class='ocr_line' id='line_1_7' title="bbox 351 694 1047 750; baseline 0.001 -15"><span class='ocrx_word' id='word_1_59' title='bbox 351 697 403 749; x_wconf 78' lang='grc' dir='ltr'><em>ἢν</em></span> <span class='ocrx_word' id='word_1_60' title='bbox 435 694 591 749; x_wconf 71' lang='grc' dir='ltr'><em>ἐπλήγη</em></span> <span class='ocrx_word' id='word_1_61' title='bbox 624 694 713 735; x_wconf 84' lang='grc' dir='ltr'><em>τότε</em></span> <span class='ocrx_word' id='word_1_62' title='bbox 743 695 817 749; x_wconf 78' lang='grc' dir='ltr'><em>τὴν</em></span> <span class='ocrx_word' id='word_1_63' title='bbox 847 695 1047 750; x_wconf 80' lang='grc' dir='ltr'><em>κεφαλήν.</em></span> 
     </span>
    </p>

    <p class='ocr_par' dir='ltr' id='par_1_4' title="bbox 290 762 2031 956">
     <span class='ocr_line' id='line_1_8' title="bbox 291 762 1846 819; baseline 0.003 -17"><span class='ocrx_word' id='word_1_64' title='bbox 291 767 331 802; x_wconf 93' lang='grc'><em>21</em></span> <span class='ocrx_word' id='word_1_65' title='bbox 466 762 519 804; x_wconf 85' lang='grc' dir='ltr'><strong><em>Ὁ</em></strong></span> <span class='ocrx_word' id='word_1_66' title='bbox 549 763 630 817; x_wconf 80' lang='grc' dir='ltr'><em>ἤδη</em></span> <span class='ocrx_word' id='word_1_67' title='bbox 665 762 710 804; x_wconf 86' lang='grc' dir='ltr'><em>δὲ</em></span> <span class='ocrx_word' id='word_1_68' title='bbox 742 762 888 817; x_wconf 73' lang='grc' dir='ltr'><em>ῥηθεὶς</em></span> <span class='ocrx_word' id='word_1_69' title='bbox 909 763 1127 817; x_wconf 81' lang='grc' dir='ltr'><em>Σαμωνᾶς</em></span> <span class='ocrx_word' id='word_1_70' title='bbox 1157 764 1273 818; x_wconf 80' lang='grc' dir='ltr'><em>παρὰ</em></span> <span class='ocrx_word' id='word_1_71' title='bbox 1304 770 1366 818; x_wconf 78' lang='grc' dir='ltr'><em>τῷ</em></span> <span class='ocrx_word' id='word_1_72' title='bbox 1396 765 1557 819; x_wconf 86' lang='grc' dir='ltr'><em>βασιλεῖ</em></span> <span class='ocrx_word' id='word_1_73' title='bbox 1581 765 1740 819; x_wconf 84' lang='grc' dir='ltr'><em>μεγάλα</em></span> <span class='ocrx_word' id='word_1_74' title='bbox 1774 765 1846 806; x_wconf 87' lang='grc' dir='ltr'><em>δυ-</em></span> 
     </span>
     <span class='ocr_line' id='line_1_9' title="bbox 352 831 1847 888; baseline 0.002 -17"><span class='ocrx_word' id='word_1_75' title='bbox 352 831 531 885; x_wconf 86' lang='grc' dir='ltr'><em>νάμενος</em></span> <span class='ocrx_word' id='word_1_76' title='bbox 561 831 741 872; x_wconf 77' lang='grc' dir='ltr'><em>πλοῦτόν</em></span> <span class='ocrx_word' id='word_1_77' title='bbox 771 847 813 872; x_wconf 85' lang='grc' dir='ltr'><em>τε</em></span> <span class='ocrx_word' id='word_1_78' title='bbox 846 832 1003 886; x_wconf 76' lang='grc' dir='ltr'><em>δαψιλῆ</em></span> <span class='ocrx_word' id='word_1_79' title='bbox 1033 833 1373 887; x_wconf 80' lang='grc' dir='ltr'><em>περιβαλόμενος,</em></span> <span class='ocrx_word' id='word_1_80' title='bbox 1410 833 1480 874; x_wconf 84' lang='grc' dir='ltr'><em>καὶ</em></span> <span class='ocrx_word' id='word_1_81' title='bbox 1519 837 1666 874; x_wconf 82' lang='grc' dir='ltr'><em>τοῦτον</em></span> <span class='ocrx_word' id='word_1_82' title='bbox 1702 833 1847 888; x_wconf 82' lang='grc' dir='ltr'><em>λαβὼν</em></span> 
     </span>
     <span class='ocr_line' id='line_1_10' title="bbox 290 899 2031 956; baseline 0.002 -17"><span class='ocrx_word' id='word_1_83' title='bbox 290 904 336 939; x_wconf 86' lang='grc'><em>22</em></span> <span class='ocrx_word' id='word_1_84' title='bbox 351 900 408 944; x_wconf 75' lang='grc' dir='ltr'><em>εἷς</em></span> <span class='ocrx_word' id='word_1_85' title='bbox 438 899 534 944; x_wconf 81' lang='grc' dir='ltr'><em>τοὺς</em></span> <span class='ocrx_word' id='word_1_86' title='bbox 560 899 830 954; x_wconf 78' lang='grc' dir='ltr'><em>Ἀγοιρηνούς,</em></span> <span class='ocrx_word' id='word_1_87' title='bbox 875 900 978 941; x_wconf 70' lang='grc' dir='ltr'><em>ὅθεν</em></span> <span class='ocrx_word' id='word_1_88' title='bbox 1009 901 1197 956; x_wconf 81' lang='grc' dir='ltr'><em>ὥρμητο,</em></span> <span class='ocrx_word' id='word_1_89' title='bbox 1239 902 1552 955; x_wconf 81' lang='grc' dir='ltr'><em>ἀπεδίδρασκεν.</em></span> <span class='ocrx_word' id='word_1_90' title='bbox 1615 899 1701 943; x_wconf 82' lang='grc' dir='ltr'><em>ἀλλ’</em></span> <span class='ocrx_word' id='word_1_91' title='bbox 1735 901 1896 943; x_wconf 83' lang='grc' dir='ltr'><em>ἑάλωΙ)</em></span> <span class='ocrx_word' id='word_1_92' title='bbox 1916 905 2031 956; x_wconf 19' lang='grc' dir='ltr'><strong>ΙΣΤ4»</strong></span> 
     </span>
    </p>

    <p class='ocr_par' dir='ltr' id='par_1_5' title="bbox 289 967 1908 1640">
     <span class='ocr_line' id='line_1_11' title="bbox 349 967 1908 1024; baseline 0.002 -16"><span class='ocrx_word' id='word_1_93' title='bbox 349 967 420 1008; x_wconf 86' lang='grc' dir='ltr'><em>τὸν</em></span> <span class='ocrx_word' id='word_1_94' title='bbox 444 968 567 1009; x_wconf 77' lang='grc' dir='ltr'><em>Ἅλυν</em></span> <span class='ocrx_word' id='word_1_95' title='bbox 612 968 840 1021; x_wconf 83' lang='grc' dir='ltr'><em>διαπερῶν·</em></span> <span class='ocrx_word' id='word_1_96' title='bbox 886 968 910 1008; x_wconf 86' lang='grc' dir='ltr'>ὁ</span> <span class='ocrx_word' id='word_1_97' title='bbox 948 969 992 1010; x_wconf 84' lang='grc' dir='ltr'><em>δὲ</em></span> <span class='ocrx_word' id='word_1_98' title='bbox 1032 970 1088 1015; x_wconf 81' lang='grc' dir='ltr'><em>εἷς</em></span> <span class='ocrx_word' id='word_1_99' title='bbox 1125 970 1196 1011; x_wconf 83' lang='grc' dir='ltr'><em>τὸν</em></span> <span class='ocrx_word' id='word_1_100' title='bbox 1234 970 1277 1011; x_wconf 73' lang='grc' dir='ltr'><em>ἓν</em></span> <span class='ocrx_word' id='word_1_101' title='bbox 1308 970 1459 1024; x_wconf 80' lang='grc' dir='ltr'><em>Σιριχᾶ</em></span> <span class='ocrx_word' id='word_1_102' title='bbox 1498 969 1677 1024; x_wconf 86' lang='grc' dir='ltr'><em>σταυρὸν</em></span> <span class='ocrx_word' id='word_1_103' title='bbox 1714 969 1848 1024; x_wconf 79' lang='grc' dir='ltr'><em>ἔλεγεν</em></span> <span class='ocrx_word' id='word_1_104' title='bbox 1863 976 1908 1010; x_wconf 91' lang='grc'><em>10</em></span> 
     </span>
     <span class='ocr_line' id='line_1_12' title="bbox 290 1036 1849 1092; baseline 0.002 -16"><span class='ocrx_word' id='word_1_105' title='bbox 290 1041 335 1075; x_wconf 89' lang='grc'><em>23</em></span> <span class='ocrx_word' id='word_1_106' title='bbox 351 1037 523 1090; x_wconf 80' lang='grc' dir='ltr'><em>ἀπιέναι,</em></span> <span class='ocrx_word' id='word_1_107' title='bbox 562 1040 683 1077; x_wconf 81' lang='grc' dir='ltr'><em>τοῦτο</em></span> <span class='ocrx_word' id='word_1_108' title='bbox 721 1036 848 1091; x_wconf 83' lang='grc' dir='ltr'><em>εὐχὴν</em></span> <span class='ocrx_word' id='word_1_109' title='bbox 878 1038 1177 1092; x_wconf 78' lang='grc' dir='ltr'><em>ποιησάμενος·</em></span> <span class='ocrx_word' id='word_1_110' title='bbox 1225 1039 1272 1079; x_wconf 84' lang='grc' dir='ltr'><em>ὃν</em></span> <span class='ocrx_word' id='word_1_111' title='bbox 1303 1038 1448 1092; x_wconf 83' lang='grc' dir='ltr'><em>λαβὼν</em></span> <span class='ocrx_word' id='word_1_112' title='bbox 1483 1038 1793 1083; x_wconf 83' lang='grc' dir='ltr'><em>Κωνσταντῖνος</em></span> <span class='ocrx_word' id='word_1_113' title='bbox 1824 1038 1849 1079; x_wconf 83' lang='grc' dir='ltr'><em>ὅ</em></span> 
     </span>
     <span class='ocr_line' id='line_1_13' title="bbox 349 1104 1847 1161; baseline 0.003 -17"><span class='ocrx_word' id='word_1_114' title='bbox 349 1108 422 1145; x_wconf 78' lang='grc' dir='ltr'><em>τοῦ</em></span> <span class='ocrx_word' id='word_1_115' title='bbox 467 1104 634 1150; x_wconf 87' lang='grc' dir='ltr'><em>Δουκὸς</em></span> <span class='ocrx_word' id='word_1_116' title='bbox 671 1105 942 1159; x_wconf 77' lang='grc' dir='ltr'><em>Ἀνδρονίκου</em></span> <span class='ocrx_word' id='word_1_117' title='bbox 986 1105 1076 1151; x_wconf 79' lang='grc' dir='ltr'><em>υἱὸς</em></span> <span class='ocrx_word' id='word_1_118' title='bbox 1120 1107 1176 1151; x_wconf 82' lang='grc' dir='ltr'><em>εἷς</em></span> <span class='ocrx_word' id='word_1_119' title='bbox 1218 1106 1264 1147; x_wconf 82' lang='grc' dir='ltr'><em>τὸ</em></span> <span class='ocrx_word' id='word_1_120' title='bbox 1303 1106 1535 1154; x_wconf 82' lang='grc' dir='ltr'><em>Βυζάντιον</em></span> <span class='ocrx_word' id='word_1_121' title='bbox 1579 1106 1847 1161; x_wconf 75' lang='grc' dir='ltr'><em>ἐπανήγαγεν.</em></span> 
     </span>
     <span class='ocr_line' id='line_1_14' title="bbox 289 1173 1846 1229; baseline 0.002 -16"><span class='ocrx_word' id='word_1_122' title='bbox 289 1173 374 1213; x_wconf 79' lang='grc'><em>246</em></span> <span class='ocrx_word' id='word_1_123' title='bbox 407 1173 452 1214; x_wconf 85' lang='grc' dir='ltr'><em>δὲ</em></span> <span class='ocrx_word' id='word_1_124' title='bbox 483 1173 674 1227; x_wconf 82' lang='grc' dir='ltr'><em>βασιλεὺς</em></span> <span class='ocrx_word' id='word_1_125' title='bbox 706 1174 759 1214; x_wconf 80' lang='grc' dir='ltr'><em>ἔτι</em></span> <span class='ocrx_word' id='word_1_126' title='bbox 792 1177 933 1228; x_wconf 83' lang='grc' dir='ltr'><em>τηρῶν</em></span> <span class='ocrx_word' id='word_1_127' title='bbox 964 1179 1025 1228; x_wconf 75' lang='grc' dir='ltr'><em>τῷ</em></span> <span class='ocrx_word' id='word_1_128' title='bbox 1047 1174 1243 1229; x_wconf 83' lang='grc' dir='ltr'><em>Σαμωνᾷ</em></span> <span class='ocrx_word' id='word_1_129' title='bbox 1263 1175 1337 1229; x_wconf 82' lang='grc' dir='ltr'><em>τὴν</em></span> <span class='ocrx_word' id='word_1_130' title='bbox 1361 1174 1513 1229; x_wconf 78' lang='grc' dir='ltr'><em>πρῴην</em></span> <span class='ocrx_word' id='word_1_131' title='bbox 1546 1174 1730 1216; x_wconf 75' lang='grc' dir='ltr'><em>διάθεσιν</em></span> <span class='ocrx_word' id='word_1_132' title='bbox 1762 1175 1846 1216; x_wconf 77' lang='grc' dir='ltr'><em>ἓνε-</em></span> 
     </span>
     <span class='ocr_line' id='line_1_15' title="bbox 348 1241 1847 1298; baseline 0.001 -16"><span class='ocrx_word' id='word_1_133' title='bbox 348 1241 504 1282; x_wconf 80' lang='grc' dir='ltr'><em>τείλατο</em></span> <span class='ocrx_word' id='word_1_134' title='bbox 535 1246 596 1294; x_wconf 76' lang='grc' dir='ltr'><em>τῷ</em></span> <span class='ocrx_word' id='word_1_135' title='bbox 617 1241 937 1296; x_wconf 76' lang='grc' dir='ltr'><em>Κωνσταντίνῳ,</em></span> <span class='ocrx_word' id='word_1_136' title='bbox 971 1243 1008 1283; x_wconf 86' lang='grc' dir='ltr'><em>εἰ</em></span> <span class='ocrx_word' id='word_1_137' title='bbox 1037 1243 1268 1298; x_wconf 72' lang='grc' dir='ltr'><em>ἓρωτηθείη</em></span> <span class='ocrx_word' id='word_1_138' title='bbox 1303 1243 1482 1284; x_wconf 72' lang='grc' dir='ltr'><em>ἐνώπιον</em></span> <span class='ocrx_word' id='word_1_139' title='bbox 1512 1247 1584 1297; x_wconf 79' lang='grc' dir='ltr'><em>τῆς</em></span> <span class='ocrx_word' id='word_1_140' title='bbox 1615 1243 1847 1297; x_wconf 81' lang='grc' dir='ltr'><em>συγκλήτου</em></span> 
     </span>
     <span class='ocr_line' id='line_1_16' title="bbox 304 1309 1908 1365; baseline 0.001 -15"><span class='ocrx_word' id='word_1_141' title='bbox 304 1310 442 1364; x_wconf 83' lang='grc' dir='ltr'><em>Βπερὶ</em></span> <span class='ocrx_word' id='word_1_142' title='bbox 479 1314 552 1351; x_wconf 84' lang='grc' dir='ltr'><em>τοῦ</em></span> <span class='ocrx_word' id='word_1_143' title='bbox 584 1310 792 1364; x_wconf 85' lang='grc' dir='ltr'><em>Σαμωνᾶ,</em></span> <span class='ocrx_word' id='word_1_144' title='bbox 836 1310 896 1365; x_wconf 82' lang='grc' dir='ltr'><em>μὴ</em></span> <span class='ocrx_word' id='word_1_145' title='bbox 943 1312 1067 1352; x_wconf 80' lang='grc' dir='ltr'><em>εἰπεῖν</em></span> <span class='ocrx_word' id='word_1_146' title='bbox 1110 1312 1168 1352; x_wconf 83' lang='grc' dir='ltr'><em>ὅτι</em></span> <span class='ocrx_word' id='word_1_147' title='bbox 1214 1312 1530 1365; x_wconf 80' lang='grc' dir='ltr'><em>ἀπεδίδρασκεν,</em></span> <span class='ocrx_word' id='word_1_148' title='bbox 1575 1309 1661 1352; x_wconf 81' lang='grc' dir='ltr'><em>ἀλλ’</em></span> <span class='ocrx_word' id='word_1_149' title='bbox 1695 1312 1754 1352; x_wconf 82' lang='grc' dir='ltr'><em>ὅτι</em></span> <span class='ocrx_word' id='word_1_150' title='bbox 1791 1312 1847 1357; x_wconf 87' lang='grc' dir='ltr'><em>εἷς</em></span> <span class='ocrx_word' id='word_1_151' title='bbox 1865 1317 1908 1352; x_wconf 83' lang='grc'><em>15</em></span> 
     </span>
     <span class='ocr_line' id='line_1_17' title="bbox 289 1377 1845 1435; baseline 0.001 -15"><span class='ocrx_word' id='word_1_152' title='bbox 289 1385 335 1420; x_wconf 79' lang='grc'><em>25</em></span> <span class='ocrx_word' id='word_1_153' title='bbox 350 1377 419 1420; x_wconf 82' lang='grc' dir='ltr'><em>τὸν</em></span> <span class='ocrx_word' id='word_1_154' title='bbox 442 1379 485 1419; x_wconf 79' lang='grc' dir='ltr'><em>ἓν</em></span> <span class='ocrx_word' id='word_1_155' title='bbox 508 1378 660 1433; x_wconf 86' lang='grc' dir='ltr'><em>Σιριχᾶ</em></span> <span class='ocrx_word' id='word_1_156' title='bbox 682 1378 804 1434; x_wconf 80' lang='grc' dir='ltr'><em>ἀπῄει</em></span> <span class='ocrx_word' id='word_1_157' title='bbox 836 1379 1026 1433; x_wconf 84' lang='grc' dir='ltr'><em>σταυρόν.</em></span> <span class='ocrx_word' id='word_1_158' title='bbox 1088 1384 1137 1434; x_wconf 80' lang='grc' dir='ltr'><em>τῇ</em></span> <span class='ocrx_word' id='word_1_159' title='bbox 1171 1377 1210 1435; x_wconf 23' lang='grc' dir='ltr'><em>δ’,</em></span> <span class='ocrx_word' id='word_1_160' title='bbox 1242 1380 1337 1435; x_wconf 79' lang='grc' dir='ltr'><em>ἑξῆς</em></span> <span class='ocrx_word' id='word_1_161' title='bbox 1373 1385 1444 1435; x_wconf 81' lang='grc' dir='ltr'><em>τῆς</em></span> <span class='ocrx_word' id='word_1_162' title='bbox 1475 1381 1707 1435; x_wconf 79' lang='grc' dir='ltr'><em>συγκλήτου</em></span> <span class='ocrx_word' id='word_1_163' title='bbox 1737 1397 1845 1435; x_wconf 88' lang='grc' dir='ltr'><em>παρ-</em></span> 
     </span>
     <span class='ocr_line' id='line_1_18' title="bbox 349 1445 1845 1503; baseline 0.001 -15"><span class='ocrx_word' id='word_1_164' title='bbox 349 1447 479 1501; x_wconf 86' lang='grc' dir='ltr'><em>ούσης</em></span> <span class='ocrx_word' id='word_1_165' title='bbox 516 1449 639 1501; x_wconf 79' lang='grc' dir='ltr'><em>ἤρετο</em></span> <span class='ocrx_word' id='word_1_166' title='bbox 681 1445 781 1502; x_wconf 71' lang='grc' dir='ltr'><em>μεθ’</em></span> <span class='ocrx_word' id='word_1_167' title='bbox 821 1448 967 1502; x_wconf 81' lang='grc' dir='ltr'><em>ὅρκων</em></span> <span class='ocrx_word' id='word_1_168' title='bbox 1005 1448 1227 1502; x_wconf 75' lang='grc' dir='ltr'><em>ἐπαγωγῆς</em></span> <span class='ocrx_word' id='word_1_169' title='bbox 1263 1448 1334 1490; x_wconf 81' lang='grc' dir='ltr'><em>τὸν</em></span> <span class='ocrx_word' id='word_1_170' title='bbox 1367 1448 1682 1490; x_wconf 82' lang='grc' dir='ltr'><em>Κωνσταντῖνον</em></span> <span class='ocrx_word' id='word_1_171' title='bbox 1713 1448 1737 1489; x_wconf 83' lang='grc' dir='ltr'>ὁ</span> <span class='ocrx_word' id='word_1_172' title='bbox 1767 1449 1845 1503; x_wconf 82' lang='grc' dir='ltr'><em>βα-</em></span> 
     </span>
     <span class='ocr_line' id='line_1_19' title="bbox 349 1515 1846 1571; baseline 0.001 -15"><span class='ocrx_word' id='word_1_173' title='bbox 349 1515 481 1561; x_wconf 83' lang='grc' dir='ltr'><em>σιλεὺς</em></span> <span class='ocrx_word' id='word_1_174' title='bbox 503 1517 541 1556; x_wconf 85' lang='grc' dir='ltr'><em>εἷ</em></span> <span class='ocrx_word' id='word_1_175' title='bbox 559 1516 732 1570; x_wconf 80' lang='grc' dir='ltr'><em>ἔφευγεν</em></span> <span class='ocrx_word' id='word_1_176' title='bbox 754 1516 779 1557; x_wconf 83' lang='grc' dir='ltr'>ὁ</span> <span class='ocrx_word' id='word_1_177' title='bbox 799 1516 1033 1570; x_wconf 81' lang='grc' dir='ltr'><em>Σαμωνᾶς’</em></span> <span class='ocrx_word' id='word_1_178' title='bbox 1066 1517 1090 1557; x_wconf 87' lang='grc' dir='ltr'>ὁ</span> <span class='ocrx_word' id='word_1_179' title='bbox 1117 1516 1161 1557; x_wconf 82' lang='grc' dir='ltr'><em>δὲ</em></span> <span class='ocrx_word' id='word_1_180' title='bbox 1195 1515 1260 1557; x_wconf 82' lang='grc' dir='ltr'><em>διὰ</em></span> <span class='ocrx_word' id='word_1_181' title='bbox 1292 1516 1388 1561; x_wconf 81' lang='grc' dir='ltr'><em>τοὺς</em></span> <span class='ocrx_word' id='word_1_182' title='bbox 1420 1516 1576 1570; x_wconf 86' lang='grc' dir='ltr'><em>ὅρκους</em></span> <span class='ocrx_word' id='word_1_183' title='bbox 1607 1517 1846 1571; x_wconf 75' lang='grc' dir='ltr'><em>ψεύσασθαι</em></span> 
     </span>
     <span class='ocr_line' id='line_1_20' title="bbox 347 1582 1847 1640; baseline 0.001 -16"><span class='ocrx_word' id='word_1_184' title='bbox 347 1582 406 1638; x_wconf 84' lang='grc' dir='ltr'><em>μὴ</em></span> <span class='ocrx_word' id='word_1_185' title='bbox 448 1584 631 1638; x_wconf 73' lang='grc' dir='ltr'><em>θελήσας</em></span> <span class='ocrx_word' id='word_1_186' title='bbox 668 1583 778 1625; x_wconf 76' lang='grc' dir='ltr'><em>εἶπεν</em></span> <span class='ocrx_word' id='word_1_187' title='bbox 816 1585 875 1625; x_wconf 82' lang='grc' dir='ltr'><em>ὅτι</em></span> <span class='ocrx_word' id='word_1_188' title='bbox 914 1585 971 1629; x_wconf 82' lang='grc' dir='ltr'><em>εἷς</em></span> <span class='ocrx_word' id='word_1_189' title='bbox 1008 1584 1082 1638; x_wconf 81' lang='grc' dir='ltr'><em>τὴν</em></span> <span class='ocrx_word' id='word_1_190' title='bbox 1113 1585 1268 1626; x_wconf 78' lang='grc' dir='ltr'><em>οἰκείαν</em></span> <span class='ocrx_word' id='word_1_191' title='bbox 1298 1584 1475 1638; x_wconf 83' lang='grc' dir='ltr'><em>πατρίδα</em></span> <span class='ocrx_word' id='word_1_192' title='bbox 1507 1584 1581 1639; x_wconf 78' lang='grc' dir='ltr'><em>τὴν</em></span> <span class='ocrx_word' id='word_1_193' title='bbox 1612 1585 1847 1640; x_wconf 85' lang='grc' dir='ltr'><em>Μελιτηνὴν</em></span> 
     </span>
    </p>
   </div>
   <div class='ocr_carea' id='block_1_3' title="bbox 348 1743 1637 1790">
    <p class='ocr_par' dir='ltr' id='par_1_6' title="bbox 348 1743 1637 1790">
     <span class='ocr_line' id='line_1_21' title="bbox 348 1743 1637 1790; baseline 0.002 -12"><span class='ocrx_word' id='word_1_194' title='bbox 348 1743 370 1779; x_wconf 79' lang='lat'><strong>7</strong></span> <span class='ocrx_word' id='word_1_195' title='bbox 395 1744 445 1778; x_wconf 80' lang='grc' dir='ltr'><em>ὅτι</em></span> <span class='ocrx_word' id='word_1_196' title='bbox 472 1743 748 1789; x_wconf 80' lang='grc' dir='ltr'><em>ἀποδιδράσκων</em></span> <span class='ocrx_word' id='word_1_197' title='bbox 773 1743 990 1789; x_wconf 81' lang='grc' dir='ltr'><em>(ἀποδράσας</em></span> <span class='ocrx_word' id='word_1_198' title='bbox 1018 1744 1062 1787; x_wconf 81' lang='grc' dir='ltr'><em>Ε)</em></span> <span class='ocrx_word' id='word_1_199' title='bbox 1088 1745 1108 1778; x_wconf 83' lang='grc' dir='ltr'>ὁ</span> <span class='ocrx_word' id='word_1_200' title='bbox 1133 1745 1311 1789; x_wconf 83' lang='grc' dir='ltr'><em>Σαμωνᾶς</em></span> <span class='ocrx_word' id='word_1_201' title='bbox 1337 1744 1547 1790; x_wconf 78' lang='grc' dir='ltr'><em>κατελήφθη</em></span> <span class='ocrx_word' id='word_1_202' title='bbox 1575 1743 1637 1780; x_wconf 85' lang='lat' dir='ltr'><em>CE</em></span> 
     </span>
    </p>
   </div>
   <div class='ocr_carea' id='block_1_4' title="bbox 417 1893 1842 2132">
    <p class='ocr_par' dir='ltr' id='par_1_7' title="bbox 417 1893 1842 2132">
     <span class='ocr_line' id='line_1_22' title="bbox 420 1893 1841 1941; baseline -0.001 -11"><span class='ocrx_word' id='word_1_203' title='bbox 420 1895 436 1930; x_wconf 90' lang='lat'>1</span> <span class='ocrx_word' id='word_1_204' title='bbox 457 1896 646 1941; x_wconf 82' lang='grc' dir='ltr'><em>προείρητο</em></span> <span class='ocrx_word' id='word_1_205' title='bbox 665 1894 819 1941; x_wconf 71' lang='lat' dir='ltr'><strong>EWpDz&#39;</strong></span> <span class='ocrx_word' id='word_1_206' title='bbox 916 1894 1042 1941; x_wconf 75' lang='grc' dir='ltr'><em>Δαβὶδ]</em></span> <span class='ocrx_word' id='word_1_207' title='bbox 1063 1894 1206 1930; x_wconf 75' lang='lat' dir='ltr'><strong>Psalm.</strong></span> <span class='ocrx_word' id='word_1_208' title='bbox 1225 1895 1281 1939; x_wconf 76' lang='lat'><em>73,</em></span> <span class='ocrx_word' id='word_1_209' title='bbox 1296 1896 1355 1930; x_wconf 67' lang='lat'><em>38.</em></span> <span class='ocrx_word' id='word_1_210' title='bbox 1441 1895 1463 1930; x_wconf 77' lang='lat'><em>‘2</em></span> <span class='ocrx_word' id='word_1_211' title='bbox 1481 1900 1551 1933; x_wconf 79' lang='grc' dir='ltr'><em>τοῖς</em></span> <span class='ocrx_word' id='word_1_212' title='bbox 1570 1894 1680 1940; x_wconf 81' lang='grc' dir='ltr'><em>ἁγίοις</em></span> <span class='ocrx_word' id='word_1_213' title='bbox 1698 1893 1841 1930; x_wconf 84' lang='lat' dir='ltr'><strong>Psalm.</strong></span> 
     </span>
     <span class='ocr_line' id='line_1_23' title="bbox 417 1942 1842 1989; baseline -0.001 -11"><span class='ocrx_word' id='word_1_214' title='bbox 417 1943 441 1979; x_wconf 92' lang='lat' dir='ltr'><em>l.</em></span> <span class='ocrx_word' id='word_1_215' title='bbox 469 1954 500 1978; x_wconf 84' lang='lat' dir='ltr'><em>e.</em></span> <span class='ocrx_word' id='word_1_216' title='bbox 632 1943 654 1978; x_wconf 88' lang='lat'><strong>3</strong></span> <span class='ocrx_word' id='word_1_217' title='bbox 679 1948 763 1989; x_wconf 79' lang='grc' dir='ltr'><em>γοῦν</em></span> <span class='ocrx_word' id='word_1_218' title='bbox 791 1943 885 1988; x_wconf 84' lang='lat' dir='ltr'><em>Ewp</em></span> <span class='ocrx_word' id='word_1_219' title='bbox 1006 1942 1036 1977; x_wconf 85' lang='grc' dir='ltr'><strong><em>ὦ</em></strong></span> <span class='ocrx_word' id='word_1_220' title='bbox 1061 1944 1098 1987; x_wconf 89' lang='grc' dir='ltr'><em>β.</em></span> <span class='ocrx_word' id='word_1_221' title='bbox 1126 1943 1220 1988; x_wconf 75' lang='lat' dir='ltr'><em>Ewp</em></span> <span class='ocrx_word' id='word_1_222' title='bbox 1342 1943 1363 1976; x_wconf 67' lang='grc' dir='ltr'><strong>ᾗ</strong></span> <span class='ocrx_word' id='word_1_223' title='bbox 1390 1942 1450 1988; x_wconf 80' lang='grc' dir='ltr'><em>τὴν</em></span> <span class='ocrx_word' id='word_1_224' title='bbox 1478 1954 1552 1978; x_wconf 87' lang='lat' dir='ltr'><em>om.</em></span> <span class='ocrx_word' id='word_1_225' title='bbox 1581 1942 1610 1976; x_wconf 89' lang='grc' dir='ltr'>Β</span> <span class='ocrx_word' id='word_1_226' title='bbox 1732 1943 1755 1977; x_wconf 84' lang='grc'>6</span> <span class='ocrx_word' id='word_1_227' title='bbox 1782 1942 1842 1987; x_wconf 84' lang='grc' dir='ltr'><em>τὴν</em></span> 
     </span>
     <span class='ocr_line' id='line_1_24' title="bbox 417 1989 1794 2036; baseline -0.001 -10"><span class='ocrx_word' id='word_1_228' title='bbox 417 2005 502 2036; x_wconf 71' lang='lat' dir='ltr'><em>usq).</em></span> <span class='ocrx_word' id='word_1_229' title='bbox 530 1992 605 2026; x_wconf 79' lang='grc' dir='ltr'><em>τότε</em></span> <span class='ocrx_word' id='word_1_230' title='bbox 632 1991 667 2025; x_wconf 93' lang='lat' dir='ltr'>D</span> <span class='ocrx_word' id='word_1_231' title='bbox 805 1991 826 2026; x_wconf 83' lang='lat'><strong>7</strong></span> <span class='ocrx_word' id='word_1_232' title='bbox 852 1989 987 2035; x_wconf 75' lang='grc' dir='ltr'><em>ῥηθεὶς]</em></span> <span class='ocrx_word' id='word_1_233' title='bbox 1014 1990 1106 2026; x_wconf 82' lang='lat' dir='ltr'><em>XVI</em></span> <span class='ocrx_word' id='word_1_234' title='bbox 1134 1990 1189 2034; x_wconf 78' lang='grc'><em>12,</em></span> <span class='ocrx_word' id='word_1_235' title='bbox 1215 1991 1261 2025; x_wconf 78' lang='lat'><em>35</em></span> <span class='ocrx_word' id='word_1_236' title='bbox 1394 1991 1416 2025; x_wconf 83' lang='lat'>8</span> <span class='ocrx_word' id='word_1_237' title='bbox 1441 1991 1733 2036; x_wconf 79' lang='grc' dir='ltr'><em>περιβαλλόμενος</em></span> <span class='ocrx_word' id='word_1_238' title='bbox 1759 1989 1794 2024; x_wconf 93' lang='lat' dir='ltr'>D</span> 
     </span>
     <span class='ocr_line' id='line_1_25' title="bbox 419 2036 1842 2084; baseline -0.001 -10"><span class='ocrx_word' id='word_1_239' title='bbox 419 2040 460 2074; x_wconf 92' lang='grc'><em>11</em></span> <span class='ocrx_word' id='word_1_240' title='bbox 488 2039 600 2083; x_wconf 83' lang='grc' dir='ltr'><em>τούτῳ</em></span> <span class='ocrx_word' id='word_1_241' title='bbox 627 2037 771 2084; x_wconf 70' lang='lat' dir='ltr'><em>W*le&#39;</em></span> <span class='ocrx_word' id='word_1_242' title='bbox 796 2039 932 2073; x_wconf 79' lang='lat' dir='ltr'>invitis</span> <span class='ocrx_word' id='word_1_243' title='bbox 957 2037 1028 2072; x_wconf 82' lang='lat' dir='ltr'><em>AR.</em></span> <span class='ocrx_word' id='word_1_244' title='bbox 1127 2038 1170 2072; x_wconf 89' lang='lat'><em>13</em></span> <span class='ocrx_word' id='word_1_245' title='bbox 1194 2038 1339 2083; x_wconf 87' lang='grc' dir='ltr'><em>πρώτην</em></span> <span class='ocrx_word' id='word_1_246' title='bbox 1366 2037 1395 2074; x_wconf 85' lang='lat' dir='ltr'>C</span> <span class='ocrx_word' id='word_1_247' title='bbox 1500 2038 1543 2073; x_wconf 84' lang='lat'><em>16</em></span> <span class='ocrx_word' id='word_1_248' title='bbox 1568 2043 1668 2083; x_wconf 86' lang='grc' dir='ltr'><em>σιρᾶχ</em></span> <span class='ocrx_word' id='word_1_249' title='bbox 1695 2037 1781 2079; x_wconf 81' lang='lat' dir='ltr'><strong>(sie)</strong></span> <span class='ocrx_word' id='word_1_250' title='bbox 1807 2036 1842 2072; x_wconf 90' lang='lat' dir='ltr'>A</span> 
     </span>
     <span class='ocr_line' id='line_1_26' title="bbox 417 2085 1357 2132; baseline -0.001 -10"><span class='ocrx_word' id='word_1_251' title='bbox 417 2087 493 2122; x_wconf 79' lang='lat' dir='ltr'><em>hoc</em></span> <span class='ocrx_word' id='word_1_252' title='bbox 518 2097 601 2122; x_wconf 88' lang='lat' dir='ltr'><em>uno</em></span> <span class='ocrx_word' id='word_1_253' title='bbox 630 2087 716 2121; x_wconf 81' lang='lat' dir='ltr'>loco</span> <span class='ocrx_word' id='word_1_254' title='bbox 817 2086 861 2122; x_wconf 84' lang='lat'><em>17</em></span> <span class='ocrx_word' id='word_1_255' title='bbox 887 2087 908 2120; x_wconf 83' lang='grc' dir='ltr'>ὁ</span> <span class='ocrx_word' id='word_1_256' title='bbox 929 2086 1009 2132; x_wconf 86' lang='grc' dir='ltr'><em>βασ.</em></span> <span class='ocrx_word' id='word_1_257' title='bbox 1038 2096 1112 2120; x_wconf 85' lang='lat' dir='ltr'><em>om.</em></span> <span class='ocrx_word' id='word_1_258' title='bbox 1141 2085 1171 2120; x_wconf 88' lang='lat' dir='ltr'><strong>B</strong></span> <span class='ocrx_word' id='word_1_259' title='bbox 1199 2087 1265 2122; x_wconf 88' lang='lat' dir='ltr'><em>Wo</em></span> <span class='ocrx_word' id='word_1_260' title='bbox 1291 2085 1357 2121; x_wconf 84' lang='lat' dir='ltr'>lat.</span> 
     </span>
    </p>
   </div>
   <div class='ocr_carea' id='block_1_5' title="bbox 285 2240 1841 2956">
    <p class='ocr_par' dir='ltr' id='par_1_8' title="bbox 285 2240 1841 2956">
     <span class='ocr_line' id='line_1_27' title="bbox 347 2240 1841 2287; baseline -0.002 -8"><span class='ocrx_word' id='word_1_261' title='bbox 347 2244 500 2279; x_wconf 77' lang='lat' dir='ltr'><strong>verbis:</strong></span> <span class='ocrx_word' id='word_1_262' title='bbox 537 2242 672 2285; x_wconf 85' lang='lat' dir='ltr'><strong>‘Quae</strong></span> <span class='ocrx_word' id='word_1_263' title='bbox 699 2243 823 2278; x_wconf 80' lang='lat' dir='ltr'>hostis</span> <span class='ocrx_word' id='word_1_264' title='bbox 854 2245 949 2277; x_wconf 82' lang='lat' dir='ltr'><strong>tuus</strong></span> <span class='ocrx_word' id='word_1_265' title='bbox 976 2242 1013 2276; x_wconf 89' lang='lat' dir='ltr'><em>in</em></span> <span class='ocrx_word' id='word_1_266' title='bbox 1042 2245 1180 2277; x_wconf 84' lang='lat' dir='ltr'>sancto</span> <span class='ocrx_word' id='word_1_267' title='bbox 1208 2242 1389 2287; x_wconf 69' lang='lat' dir='ltr'><strong>improbo,</strong></span> <span class='ocrx_word' id='word_1_268' title='bbox 1416 2242 1499 2287; x_wconf 83' lang='lat' dir='ltr'><strong>egit</strong></span> <span class='ocrx_word' id='word_1_269' title='bbox 1525 2244 1564 2277; x_wconf 82' lang='lat' dir='ltr'><em>et</em></span> <span class='ocrx_word' id='word_1_270' title='bbox 1590 2242 1658 2287; x_wconf 90' lang='lat' dir='ltr'><em>qui</em></span> <span class='ocrx_word' id='word_1_271' title='bbox 1684 2244 1723 2277; x_wconf 83' lang='lat' dir='ltr'><em>te</em></span> <span class='ocrx_word' id='word_1_272' title='bbox 1750 2240 1841 2276; x_wconf 80' lang='lat' dir='ltr'><strong>ode·</strong></span> 
     </span>
     <span class='ocr_line' id='line_1_28' title="bbox 345 2288 1840 2336; baseline -0.002 -10"><span class='ocrx_word' id='word_1_273' title='bbox 345 2295 450 2336; x_wconf 81' lang='lat' dir='ltr'><strong>runt,</strong></span> <span class='ocrx_word' id='word_1_274' title='bbox 482 2292 523 2326; x_wconf 88' lang='lat' dir='ltr'><em>in</em></span> <span class='ocrx_word' id='word_1_275' title='bbox 549 2290 681 2326; x_wconf 83' lang='lat' dir='ltr'><strong>medio</strong></span> <span class='ocrx_word' id='word_1_276' title='bbox 709 2290 937 2326; x_wconf 81' lang='lat' dir='ltr'><strong>festivitat-is</strong></span> <span class='ocrx_word' id='word_1_277' title='bbox 963 2290 1122 2334; x_wconf 81' lang='lat' dir='ltr'><strong>gloriati</strong></span> <span class='ocrx_word' id='word_1_278' title='bbox 1151 2289 1268 2324; x_wconf 81' lang='lat' dir='ltr'><strong>sunt.’</strong></span> <span class='ocrx_word' id='word_1_279' title='bbox 1317 2288 1423 2324; x_wconf 74' lang='lat' dir='ltr'>Scito</span> <span class='ocrx_word' id='word_1_280' title='bbox 1450 2290 1584 2334; x_wconf 75' lang='lat' dir='ltr'><strong>igitur,</strong></span> <span class='ocrx_word' id='word_1_281' title='bbox 1612 2299 1696 2332; x_wconf 81' lang='lat' dir='ltr'><strong>rex,</strong></span> <span class='ocrx_word' id='word_1_282' title='bbox 1723 2292 1762 2324; x_wconf 80' lang='lat' dir='ltr'><em>te</em></span> <span class='ocrx_word' id='word_1_283' title='bbox 1788 2289 1840 2323; x_wconf 82' lang='lat' dir='ltr'><em>ab</em></span> 
     </span>
     <span class='ocr_line' id='line_1_29' title="bbox 285 2336 1840 2385; baseline 0 -13"><span class='ocrx_word' id='word_1_284' title='bbox 285 2338 333 2373; x_wconf 90' lang='grc'><em>20</em></span> <span class='ocrx_word' id='word_1_285' title='bbox 346 2340 421 2376; x_wconf 83' lang='lat' dir='ltr'><em>hoc</em></span> <span class='ocrx_word' id='word_1_286' title='bbox 446 2343 628 2385; x_wconf 85' lang='lat' dir='ltr'><strong>tempore</strong></span> <span class='ocrx_word' id='word_1_287' title='bbox 643 2339 780 2374; x_wconf 83' lang='lat' dir='ltr'><strong>decem</strong></span> <span class='ocrx_word' id='word_1_288' title='bbox 800 2336 1250 2382; x_wconf 63' lang='lat' dir='ltr'><strong>annom-egnatur1un.”</strong></span> <span class='ocrx_word' id='word_1_289' title='bbox 1282 2337 1626 2378; x_wconf 79' lang='lat' dir='ltr'><strong>Quemadmodum</strong></span> <span class='ocrx_word' id='word_1_290' title='bbox 1647 2337 1757 2381; x_wconf 78' lang='lat' dir='ltr'>dixit,</span> <span class='ocrx_word' id='word_1_291' title='bbox 1785 2337 1840 2372; x_wconf 80' lang='lat' dir='ltr'><em>ita</em></span> 
     </span>
     <span class='ocr_line' id='line_1_30' title="bbox 346 2384 1840 2431; baseline -0.002 -9"><span class='ocrx_word' id='word_1_292' title='bbox 346 2388 497 2423; x_wconf 78' lang='lat' dir='ltr'><strong>factum</strong></span> <span class='ocrx_word' id='word_1_293' title='bbox 529 2390 605 2431; x_wconf 82' lang='lat' dir='ltr'><em>est3</em></span> <span class='ocrx_word' id='word_1_294' title='bbox 643 2396 736 2421; x_wconf 89' lang='lat' dir='ltr'><em>nam</em></span> <span class='ocrx_word' id='word_1_295' title='bbox 763 2385 846 2421; x_wconf 86' lang='lat' dir='ltr'><em>Leo</em></span> <span class='ocrx_word' id='word_1_296' title='bbox 885 2388 973 2430; x_wconf 79' lang='lat' dir='ltr'><strong>post</strong></span> <span class='ocrx_word' id='word_1_297' title='bbox 1012 2385 1251 2420; x_wconf 82' lang='lat' dir='ltr'><strong>decennium</strong></span> <span class='ocrx_word' id='word_1_298' title='bbox 1291 2395 1338 2419; x_wconf 84' lang='lat' dir='ltr'><em>eo</em></span> <span class='ocrx_word' id='word_1_299' title='bbox 1377 2385 1463 2430; x_wconf 72' lang='lat' dir='ltr'>ipso</span> <span class='ocrx_word' id='word_1_300' title='bbox 1497 2384 1572 2428; x_wconf 84' lang='lat' dir='ltr'><strong>die,</strong></span> <span class='ocrx_word' id='word_1_301' title='bbox 1611 2394 1690 2429; x_wconf 87' lang='lat' dir='ltr'><em>quo</em></span> <span class='ocrx_word' id='word_1_302' title='bbox 1719 2387 1840 2430; x_wconf 81' lang='lat' dir='ltr'><strong>eaput</strong></span> 
     </span>
     <span class='ocr_line' id='line_1_31' title="bbox 346 2436 877 2477; baseline -0.006 -6"><span class='ocrx_word' id='word_1_303' title='bbox 346 2436 448 2471; x_wconf 82' lang='lat' dir='ltr'><strong>ictus</strong></span> <span class='ocrx_word' id='word_1_304' title='bbox 475 2438 573 2477; x_wconf 78' lang='lat' dir='ltr'><strong>erat,</strong></span> <span class='ocrx_word' id='word_1_305' title='bbox 599 2438 659 2470; x_wconf 86' lang='lat' dir='ltr'><em>est</em></span> <span class='ocrx_word' id='word_1_306' title='bbox 684 2436 877 2470; x_wconf 84' lang='lat' dir='ltr'><strong>mortuus.</strong></span> 
     </span>
     <span class='ocr_line' id='line_1_32' title="bbox 285 2479 1839 2525; baseline -0.001 -9"><span class='ocrx_word' id='word_1_307' title='bbox 285 2481 329 2516; x_wconf 84' lang='grc'><em>21</em></span> <span class='ocrx_word' id='word_1_308' title='bbox 464 2481 660 2518; x_wconf 84' lang='lat' dir='ltr'><strong>Samonas</strong></span> <span class='ocrx_word' id='word_1_309' title='bbox 687 2485 832 2525; x_wconf 83' lang='lat' dir='ltr'><strong>autem,</strong></span> <span class='ocrx_word' id='word_1_310' title='bbox 871 2480 921 2515; x_wconf 85' lang='lat' dir='ltr'><em>de</em></span> <span class='ocrx_word' id='word_1_311' title='bbox 960 2490 1040 2525; x_wconf 88' lang='lat' dir='ltr'><em>quo</em></span> <span class='ocrx_word' id='word_1_312' title='bbox 1074 2489 1197 2525; x_wconf 84' lang='lat' dir='ltr'><strong>supra</strong></span> <span class='ocrx_word' id='word_1_313' title='bbox 1224 2480 1410 2522; x_wconf 80' lang='lat' dir='ltr'><strong>diximus,</strong></span> <span class='ocrx_word' id='word_1_314' title='bbox 1449 2489 1538 2514; x_wconf 83' lang='lat' dir='ltr'><em>eum</em></span> <span class='ocrx_word' id='word_1_315' title='bbox 1565 2479 1675 2525; x_wconf 85' lang='lat' dir='ltr'><strong>apud</strong></span> <span class='ocrx_word' id='word_1_316' title='bbox 1701 2489 1839 2524; x_wconf 81' lang='lat' dir='ltr'><strong>regem</strong></span> 
     </span>
     <span class='ocr_line' id='line_1_33' title="bbox 346 2526 1840 2575; baseline -0.003 -9"><span class='ocrx_word' id='word_1_317' title='bbox 346 2531 513 2566; x_wconf 83' lang='lat' dir='ltr'><strong>multum</strong></span> <span class='ocrx_word' id='word_1_318' title='bbox 539 2533 685 2575; x_wconf 79' lang='lat' dir='ltr'><strong>posset,</strong></span> <span class='ocrx_word' id='word_1_319' title='bbox 724 2539 814 2564; x_wconf 83' lang='lat' dir='ltr'><em>cum</em></span> <span class='ocrx_word' id='word_1_320' title='bbox 852 2529 1011 2573; x_wconf 82' lang='lat' dir='ltr'><strong>magnis</strong></span> <span class='ocrx_word' id='word_1_321' title='bbox 1038 2528 1183 2573; x_wconf 81' lang='lat' dir='ltr'><strong>opibus</strong></span> <span class='ocrx_word' id='word_1_322' title='bbox 1222 2528 1361 2573; x_wconf 82' lang='lat' dir='ltr'><strong>fugam</strong></span> <span class='ocrx_word' id='word_1_323' title='bbox 1389 2527 1441 2562; x_wconf 78' lang='lat' dir='ltr'><em>ad</em></span> <span class='ocrx_word' id='word_1_324' title='bbox 1466 2526 1691 2572; x_wconf 73' lang='lat' dir='ltr'><strong>Agaronos,</strong></span> <span class='ocrx_word' id='word_1_325' title='bbox 1730 2527 1840 2562; x_wconf 81' lang='lat' dir='ltr'><strong>unde</strong></span> 
     </span>
     <span class='ocr_line' id='line_1_34' title="bbox 285 2575 1839 2623; baseline -0.002 -11"><span class='ocrx_word' id='word_1_326' title='bbox 285 2577 332 2612; x_wconf 88' lang='grc'><em>22</em></span> <span class='ocrx_word' id='word_1_327' title='bbox 347 2582 458 2614; x_wconf 78' lang='lat' dir='ltr'><strong>ortus</strong></span> <span class='ocrx_word' id='word_1_328' title='bbox 484 2580 583 2622; x_wconf 81' lang='lat' dir='ltr'><strong>erat,</strong></span> <span class='ocrx_word' id='word_1_329' title='bbox 621 2577 804 2623; x_wconf 76' lang='lat' dir='ltr'><strong>capessit.</strong></span> <span class='ocrx_word' id='word_1_330' title='bbox 855 2575 934 2611; x_wconf 79' lang='lat' dir='ltr'><em>Sed</em></span> <span class='ocrx_word' id='word_1_331' title='bbox 966 2576 1007 2610; x_wconf 90' lang='lat' dir='ltr'><em>in</em></span> <span class='ocrx_word' id='word_1_332' title='bbox 1033 2576 1206 2610; x_wconf 79' lang='lat' dir='ltr'><strong>transitu</strong></span> <span class='ocrx_word' id='word_1_333' title='bbox 1230 2575 1356 2620; x_wconf 84' lang='lat' dir='ltr'>Halys</span> <span class='ocrx_word' id='word_1_334' title='bbox 1395 2578 1548 2620; x_wconf 79' lang='lat' dir='ltr'><strong>eaptus,</strong></span> <span class='ocrx_word' id='word_1_335' title='bbox 1587 2576 1771 2619; x_wconf 83' lang='lat' dir='ltr'><strong>quamvis</strong></span> <span class='ocrx_word' id='word_1_336' title='bbox 1796 2585 1839 2609; x_wconf 83' lang='lat' dir='ltr'><em>se</em></span> 
     </span>
     <span class='ocr_line' id='line_1_35' title="bbox 285 2621 1839 2664; baseline -0.001 -5"><span class='ocrx_word' id='word_1_337' title='bbox 285 2626 333 2661; x_wconf 86' lang='grc'><em>23</em></span> <span class='ocrx_word' id='word_1_338' title='bbox 346 2637 396 2660; x_wconf 76' lang='lat' dir='ltr'><em>ex</em></span> <span class='ocrx_word' id='word_1_339' title='bbox 434 2628 530 2660; x_wconf 79' lang='lat' dir='ltr'><strong>voto</strong></span> <span class='ocrx_word' id='word_1_340' title='bbox 569 2635 729 2660; x_wconf 83' lang='lat' dir='ltr'><strong>crucem</strong></span> <span class='ocrx_word' id='word_1_341' title='bbox 768 2623 1017 2659; x_wconf 79' lang='lat' dir='ltr'><strong>Siriehanam</strong></span> <span class='ocrx_word' id='word_1_342' title='bbox 1055 2622 1169 2658; x_wconf 80' lang='lat' dir='ltr'><strong>adire</strong></span> <span class='ocrx_word' id='word_1_343' title='bbox 1206 2622 1367 2664; x_wconf 80' lang='lat' dir='ltr'><strong>diceret,</strong></span> <span class='ocrx_word' id='word_1_344' title='bbox 1406 2623 1664 2657; x_wconf 84' lang='lat' dir='ltr'><strong>nihilominus</strong></span> <span class='ocrx_word' id='word_1_345' title='bbox 1690 2632 1714 2657; x_wconf 86' lang='lat' dir='ltr'><strong>a</strong></span> <span class='ocrx_word' id='word_1_346' title='bbox 1740 2621 1839 2657; x_wconf 86' lang='lat' dir='ltr'>Con-</span> 
     </span>
     <span class='ocr_line' id='line_1_36' title="bbox 285 2669 1838 2716; baseline -0.002 -9"><span class='ocrx_word' id='word_1_347' title='bbox 285 2672 331 2707; x_wconf 82' lang='grc'><em>24</em></span> <span class='ocrx_word' id='word_1_348' title='bbox 346 2674 533 2716; x_wconf 76' lang='lat' dir='ltr'>stantino,</span> <span class='ocrx_word' id='word_1_349' title='bbox 573 2672 713 2708; x_wconf 77' lang='lat' dir='ltr'><strong>Dueae</strong></span> <span class='ocrx_word' id='word_1_350' title='bbox 749 2670 968 2706; x_wconf 84' lang='lat' dir='ltr'>Andronici</span> <span class='ocrx_word' id='word_1_351' title='bbox 1008 2671 1099 2713; x_wconf 84' lang='lat' dir='ltr'>filio,</span> <span class='ocrx_word' id='word_1_352' title='bbox 1137 2669 1377 2715; x_wconf 80' lang='lat' dir='ltr'><strong>Byzantium</strong></span> <span class='ocrx_word' id='word_1_353' title='bbox 1415 2674 1475 2704; x_wconf 77' lang='lat' dir='ltr'><em>est</em></span> <span class='ocrx_word' id='word_1_354' title='bbox 1512 2670 1714 2704; x_wconf 85' lang='lat' dir='ltr'><strong>reduetus.</strong></span> <span class='ocrx_word' id='word_1_355' title='bbox 1765 2669 1838 2705; x_wconf 89' lang='lat' dir='ltr'><em>Cui</em></span> 
     </span>
     <span class='ocr_line' id='line_1_37' title="bbox 346 2716 1838 2764; baseline -0.003 -8"><span class='ocrx_word' id='word_1_356' title='bbox 346 2720 608 2756; x_wconf 81' lang='lat' dir='ltr'>Constantino</span> <span class='ocrx_word' id='word_1_357' title='bbox 628 2730 711 2764; x_wconf 85' lang='lat' dir='ltr'><strong>rex,</strong></span> <span class='ocrx_word' id='word_1_358' title='bbox 739 2722 978 2754; x_wconf 79' lang='lat' dir='ltr'><strong>conservato</strong></span> <span class='ocrx_word' id='word_1_359' title='bbox 998 2718 1165 2763; x_wconf 84' lang='lat' dir='ltr'>pristino</span> <span class='ocrx_word' id='word_1_360' title='bbox 1184 2727 1284 2763; x_wconf 79' lang='lat' dir='ltr'><strong>erga</strong></span> <span class='ocrx_word' id='word_1_361' title='bbox 1302 2716 1516 2752; x_wconf 79' lang='lat' dir='ltr'><em>samonam</em></span> <span class='ocrx_word' id='word_1_362' title='bbox 1545 2717 1703 2761; x_wconf 79' lang='lat' dir='ltr'><strong>affectu,</strong></span> <span class='ocrx_word' id='word_1_363' title='bbox 1730 2727 1838 2751; x_wconf 86' lang='lat' dir='ltr'><strong>man-</strong></span> 
     </span>
     <span class='ocr_line' id='line_1_38' title="bbox 346 2765 1837 2812; baseline -0.003 -9"><span class='ocrx_word' id='word_1_364' title='bbox 346 2768 469 2812; x_wconf 80' lang='lat' dir='ltr'>davit,</span> <span class='ocrx_word' id='word_1_365' title='bbox 496 2771 541 2803; x_wconf 84' lang='lat' dir='ltr'><em>ut</em></span> <span class='ocrx_word' id='word_1_366' title='bbox 573 2778 707 2803; x_wconf 79' lang='lat' dir='ltr'><strong>eoram</strong></span> <span class='ocrx_word' id='word_1_367' title='bbox 749 2770 894 2802; x_wconf 80' lang='lat' dir='ltr'><strong>senatu</strong></span> <span class='ocrx_word' id='word_1_368' title='bbox 931 2766 1204 2810; x_wconf 74' lang='lat' dir='ltr'><strong>interrogatus</strong></span> <span class='ocrx_word' id='word_1_369' title='bbox 1243 2765 1395 2799; x_wconf 80' lang='lat' dir='ltr'><strong>diceret</strong></span> <span class='ocrx_word' id='word_1_370' title='bbox 1433 2775 1523 2800; x_wconf 82' lang='lat' dir='ltr'><em>eum</em></span> <span class='ocrx_word' id='word_1_371' title='bbox 1562 2775 1643 2799; x_wconf 84' lang='lat' dir='ltr'><em>non</em></span> <span class='ocrx_word' id='word_1_372' title='bbox 1683 2765 1837 2810; x_wconf 77' lang='lat' dir='ltr'><strong>cepisse</strong></span> 
     </span>
     <span class='ocr_line' id='line_1_39' title="bbox 285 2811 1837 2860; baseline -0.003 -10"><span class='ocrx_word' id='word_1_373' title='bbox 285 2814 498 2860; x_wconf 75' lang='lat' dir='ltr'>251·11gan1,</span> <span class='ocrx_word' id='word_1_374' title='bbox 542 2815 613 2850; x_wconf 75' lang='lat' dir='ltr'><em>sed</em></span> <span class='ocrx_word' id='word_1_375' title='bbox 645 2815 697 2849; x_wconf 81' lang='lat' dir='ltr'><em>ad</em></span> <span class='ocrx_word' id='word_1_376' title='bbox 735 2813 984 2849; x_wconf 79' lang='lat' dir='ltr'><strong>Sirichanam</strong></span> <span class='ocrx_word' id='word_1_377' title='bbox 1031 2822 1190 2847; x_wconf 73' lang='lat' dir='ltr'><strong>erucem</strong></span> <span class='ocrx_word' id='word_1_378' title='bbox 1229 2813 1531 2858; x_wconf 79' lang='lat' dir='ltr'><strong>peregrinatum</strong></span> <span class='ocrx_word' id='word_1_379' title='bbox 1577 2822 1674 2847; x_wconf 40' lang='lat' dir='ltr'><strong>esse‘</strong></span> <span class='ocrx_word' id='word_1_380' title='bbox 1738 2811 1837 2847; x_wconf 89' lang='lat' dir='ltr'><em>Cum</em></span> 
     </span>
     <span class='ocr_line' id='line_1_40' title="bbox 345 2858 1837 2908; baseline -0.002 -11"><span class='ocrx_word' id='word_1_381' title='bbox 345 2866 479 2897; x_wconf 78' lang='lat' dir='ltr'><strong>autem</strong></span> <span class='ocrx_word' id='word_1_382' title='bbox 507 2862 698 2908; x_wconf 82' lang='lat' dir='ltr'><strong>postridie</strong></span> <span class='ocrx_word' id='word_1_383' title='bbox 725 2865 870 2897; x_wconf 85' lang='lat' dir='ltr'><strong>senatu</strong></span> <span class='ocrx_word' id='word_1_384' title='bbox 901 2863 1114 2906; x_wconf 78' lang='lat' dir='ltr'><strong>praesente</strong></span> <span class='ocrx_word' id='word_1_385' title='bbox 1140 2858 1444 2895; x_wconf 82' lang='lat' dir='ltr'><strong>Constantinum</strong></span> <span class='ocrx_word' id='word_1_386' title='bbox 1483 2859 1744 2894; x_wconf 81' lang='lat' dir='ltr'><strong>iureiurando</strong></span> <span class='ocrx_word' id='word_1_387' title='bbox 1771 2860 1837 2894; x_wconf 88' lang='lat' dir='ltr'><em>ob·</em></span> 
     </span>
     <span class='ocr_line' id='line_1_41' title="bbox 346 2906 1837 2956; baseline -0.003 -10"><span class='ocrx_word' id='word_1_388' title='bbox 346 2910 525 2946; x_wconf 84' lang='lat' dir='ltr'><strong>strictum</strong></span> <span class='ocrx_word' id='word_1_389' title='bbox 552 2920 625 2945; x_wconf 83' lang='lat' dir='ltr'><em>rex</em></span> <span class='ocrx_word' id='word_1_390' title='bbox 651 2913 828 2956; x_wconf 81' lang='lat' dir='ltr'><strong>rogaret,</strong></span> <span class='ocrx_word' id='word_1_391' title='bbox 861 2918 956 2944; x_wconf 89' lang='lat' dir='ltr'><em>num</em></span> <span class='ocrx_word' id='word_1_392' title='bbox 985 2909 1155 2954; x_wconf 80' lang='lat' dir='ltr'><strong>fugisset</strong></span> <span class='ocrx_word' id='word_1_393' title='bbox 1180 2906 1386 2952; x_wconf 83' lang='lat' dir='ltr'><strong>Samonas,</strong></span> <span class='ocrx_word' id='word_1_394' title='bbox 1421 2907 1484 2942; x_wconf 76' lang='lat' dir='ltr'><strong>ille</strong></span> <span class='ocrx_word' id='word_1_395' title='bbox 1511 2907 1687 2953; x_wconf 84' lang='lat' dir='ltr'><strong>periurio</strong></span> <span class='ocrx_word' id='word_1_396' title='bbox 1714 2907 1837 2942; x_wconf 78' lang='lat' dir='ltr'><strong>refor-</strong></span> 
     </span>
    </p>
   </div>
   <div class='ocr_carea' id='block_1_6' title="bbox 2005 0 2054 3282">
    <p class='ocr_par' dir='ltr' id='par_1_9' title="bbox 2005 0 2054 3282">
     <span class='ocr_line' id='line_1_42' title="bbox 2005 0 2054 3282; baseline 0 0"><span class='ocrx_word' id='word_1_397' title='bbox 2005 0 2054 3282; x_wconf 95' lang='lat' dir='ltr'><em> </em></span> 
     </span>
    </p>
   </div>
  </div>
 </body>
</html>
