2054 3282
347 221 418 258 406
729 222 909 258 ZONAR.
939 222 1067 257 liPlT.
1095 223 1184 258 XVI
1211 222 1243 266 5,
1275 223 1398 266 10—6,
1428 222 1457 258 1.

290 347 329 382 ll
347 348 507 397 γνῶσις.
570 345 634 384 ἵνα
675 344 811 384 τοίνυν
848 342 907 396 μὴ
948 342 1223 383 ἀνακόπτοιτο
1255 347 1339 384 τῶν
1371 344 1614 399 ἷππηλάτων
1645 345 1840 399 ἀγώνων,

346 413 390 452 ἓν
421 417 559 465 καιρῷ
599 412 758 452 τούτων
795 411 994 456 πολλάκις
1030 415 1115 452 τῶν
1150 415 1327 465 πυρσῶν
1370 413 1621 466 αἰρομένων,
1665 417 1750 454 τῶν
1792 418 1840 468 τῇ

345 480 521 534 βασιλίδι
553 480 846 533 γειτονούντων
877 483 1053 532 πυρσῶν
1085 479 1239 534 σχολὴν
1269 482 1595 535 κατεψηφίσατο.

291 553 332 587 12
468 548 757 601 Κατεγίνωσκε
789 546 834 587 δὲ
866 547 938 587 καὶ
967 550 1052 588 τῶν
1082 547 1287 600 πρότερον
1315 548 1663 602 βασιλευσάντων,
1696 550 1755 591 ὅτι
1779 550 1839 605 μὴ

345 617 514 670 λιτότητι
546 617 727 670 ἔχαιρον,
760 615 1043 670 σοβαρότητος
1075 613 1111 656 δ’
1136 616 1425 657 ἀντεποιοῦντο
1457 616 1528 657 καὶ
1560 617 1691 670 ὄγκου
1722 619 1877 672 βασι-5

288 690 331 724 13
345 685 476 725 amon.
541 685 643 725 ὅθεν
675 683 799 729 αὐτὸς
830 683 1072 737 μετριότητα
1107 683 1250 724 δοκῶν
1279 683 1456 736 μετιέναι
1487 684 1713 739 συνήντησέ
1741 701 1841 727 ποτε

345 752 506 805 γυναικὶ
529 753 619 804 ἄρτι
644 752 880 806 λουσαμένη
913 751 984 792 καὶ
1015 752 1159 792 οἴκαδε
1191 752 1493 806 ὑπονοστούσῃ,
1525 752 1596 793 καὶ
1616 757 1689 794 τοῦ
1711 754 1839 795 ἵππου

345 820 509 874 ἀποβὰς
541 820 662 875 ἀπῄει
693 819 796 874 μετὰ
828 824 900 874 τῆς
932 819 1128 873 γυναικὸς
1159 819 1234 860 σὺν
1274 820 1424 873 ὀλίγοις
1459 820 1534 862 τισὶ
1570 822 1757 869 νεανίαις,
1801 823 1845 863 οἳ

345 893 429 930 τῶν
460 889 716 943 ἀπορρήτων
747 893 1021 943 στ’,ιιμετεῖχον
1052 889 1181 942 αὐτῷ,
1217 889 1287 929 καὶ
1319 890 1362 929 ἐν
1392 894 1441 944 τῇ
1474 890 1583 943 οἰκίᾳ
1615 890 1742 944 αὐτῆς
1773 896 1889 943 γε-Ῑ)
1909 897 1960 932 IV
1978 897 2021 933 17

131 960 331 997 Ρ11163Α
346 957 482 1010 γονὼς
513 957 584 998 καὶ
616 957 923 1011 συμμετασχὼν
954 958 1160 1011 τραπέζης
1191 958 1296 1012 αὐτῇ
1317 959 1570 1011 πεζοπορῶν
1590 957 1712 1012 ἀπῄει
1732 957 1840 1012 πρὸς
1856 966 1900 1002 10

287 1030 331 1065 14
345 1025 392 1066 τὰ
425 1026 651 1079 ἀνάκτορα.
714 1025 784 1066 καὶ
815 1026 840 1067 ὁ
870 1025 948 1079 μὲν
980 1026 1023 1067 ἐν
1053 1029 1137 1071 τοῖς
1167 1026 1366 1072 τοιούτοις
1397 1026 1459 1072 ὡς
1487 1027 1596 1080 μέγα
1627 1043 1662 1068 τι
1686 1043 1838 1081 κατορ-

344 1142 366 1177 4
398 1143 477 1187 περὶ
508 1149 567 1188 τῆς
599 1143 748 1188 ἀνοήτου
781 1148 840 1178 τοῦ
867 1143 1014 1189 *Μιχαὴλ
1042 1145 1265 1188 μετριότητος
1301 1144 1412 1188 (μετρ.
1441 1158 1467 1178 τ.
1492 1158 1567 1189 μιχ.
1593 1142 1643 1186 A)
1678 1144 1738 1180 καὶ
1771 1150 1841 1180 τῶν

343 1190 585 1236 ἀνοητοτέρων
612 1191 704 1233 (om.
732 1189 781 1231 Α)
806 1192 976 1236 παιγνίων
1002 1191 1109 1226 αὐτοῦ
1137 1190 1203 1227 AC

415 1303 438 1338 2
463 1309 532 1338 τῶν
557 1309 704 1348 πυρσῶν
731 1315 806 1338 om.
834 1303 862 1339 C
978 1305 1000 1339 3
1025 1304 1179 1350 ἀσχολὴν
1205 1304 1252 1347 D,
1281 1315 1381 1340 corr.
1410 1305 1478 1342 Dw
1587 1309 1682 1340 ante
1710 1319 1838 1350 κατεψ.

417 1351 508 1386 add.
536 1352 556 1385 ὁ
582 1352 778 1396 θαυμάσιος
803 1352 935 1390 ἐκεῖνος
962 1352 1059 1397 pr
1195 1354 1464 1397 κατεψηφίσατο
1491 1351 1658 1398 prDi‚
1685 1367 1839 1398 κατεψη-

417 1400 564 1443 φίσαντο
591 1398 626 1433 Α
725 1399 745 1433 4
769 1399 952 1443 προτέρων
979 1400 1019 1443 Ε,
1045 1400 1115 1443 πρὸ
1140 1399 1247 1435 αὐτοῦ
1275 1399 1371 1444 pr
1469 1401 1491 1435 ἶ)
1517 1400 1644 1444 ἔχαρον
1662 1400 1709 1444 Ι),
1737 1411 1837 1435 corr.

418 1447 486 1483 Dw
603 1446 739 1490 ἒζαρότι
767 1448 942 1492 (punctis
969 1447 1167 1486 notatum)
1195 1461 1228 1482 τε
1254 1447 1314 1482 καὶ
1340 1447 1386 1491 D,
1413 1449 1647 1492 σοβαρότητος
1673 1448 1712 1483 δὲ
1737 1459 1840 1484 corr.

417 1494 486 1531 Dw
608 1494 815 1529 ἀντεπόνουν
842 1509 875 1529 τε
901 1495 947 1538 D,
977 1505 1077 1530 corr.
1104 1495 1173 1532 Dw
1306 1495 1403 1530 κακὰ
1425 1496 1430 1539 Ι
1452 1496 1678 1540 κουρβαρίλω
1706 1496 1754 1537 D,
1779 1496 1840 1531 καὶ
2051 1490 2054 1534 Ι

417 1543 526 1586 ὄγκου
551 1542 736 1587 βασιλικοῦ
764 1552 865 1577 corr.
892 1541 960 1580 Dw
1099 1542 1324 1588 κουρβαρίλω
1353 1569 1838 1578 .....................

416 1589 475 1624 καὶ
501 1589 549 1631 D,
574 1589 635 1624 καὶ
661 1589 792 1625 deleto
818 1590 860 1624 in
886 1590 958 1625 lae.
986 1590 1077 1624 add.
1105 1591 1189 1625 ὅθεν
1214 1589 1316 1628 αὐτὸς
1343 1590 1411 1627 Dw
1569 1591 1591 1625 6
1617 1594 1712 1626 ante
1736 1591 1839 1630 αὐτὸς

417 1637 510 1672 add.
536 1637 575 1678 ἐξ
600 1637 799 1683 ἀβελτερίας
825 1636 888 1672 BC
916 1640 1038 1682 (quae
1064 1637 1150 1673 sine
1177 1637 1300 1672 dubio
1326 1638 1366 1672 in
1394 1638 1541 1673 lacuna
1563 1638 1650 1674 eod.
1669 1638 1704 1673 D
1724 1642 1840 1674 erant

415 1685 581 1730 insuper
600 1683 852 1730 supplenda),
872 1688 966 1719 aute
982 1686 1131 1729 ,ιιετιέναι
1151 1685 1235 1730 w*p
1326 1686 1481 1730 μηδεμια
1499 1685 1546 1730 Ι),
1567 1686 1717 1730 μετιέναι
1737 1697 1838 1722 corr.

416 1731 485 1770 Dw
594 1732 806 1777 συναντήσας
833 1732 876 1776 O,
905 1743 1004 1767 corr.
1032 1732 1101 1770 Dw
1223 1733 1244 1768 7
1270 1732 1356 1778 γυνὴ
1385 1759 1655 1768 ............
1679 1734 1684 1778 Ι
1706 1734 1766 1769 καὶ
1792 1734 1840 1778 D,

416 1779 554 1824 γυναικὶ
579 1780 655 1824 ἄρτι
682 1780 878 1824 λουσαμένη
908 1790 1009 1815 corr.
1037 1783 1077 1816 et
1102 1781 1230 1826 suppl.
1257 1780 1326 1817 Dw
1353 1784 1515 1815 servato
1542 1781 1602 1816 καὶ
1716 1782 1840 1816 ὑπονο-

417 1832 533 1862 στοῦσι
553 1827 600 1871 D,
628 1837 728 1862 corr.
749 1827 818 1865 Dw
915 1827 974 1862 καὶ
1001 1831 1095 1863 ante
1114 1833 1173 1862 τοῦ
1193 1839 1267 1862 om.
1288 1828 1331 1872 O,
1358 1828 1449 1862 add.
1468 1828 1537 1866 Dw
1634 1829 1666 1864 7,
1685 1829 1708 1864 8
1733 1829 1839 1864 ἵππου

417 1900 880 1910 ....................
900 1874 902 1921 Ι
920 1875 984 1910 σὺν
1003 1875 1051 1919 D,
1077 1875 1212 1921 ἀποβὰς
1230 1876 1331 1920 ἇπήει
1349 1875 1436 1920 μετὰ
1453 1881 1512 1920 τῆς
1530 1875 1692 1921 γυναικὸς
1709 1877 1839 1923 suppl.

416 1921 485 1960 Dw
583 1923 605 1958 8
630 1921 764 1968 ἀποβὰς
791 1922 1007 1968 AEwap‚
1033 1923 1144 1969 ἀπέβη
1171 1923 1230 1958 καὶ
1256 1922 1320 1958 BC
1424 1924 1505 1958 τισὶ·
1532 1924 1592 1958 καὶ
1617 1950 1838 1959 ..........

416 1975 486 2005 τῶν
512 1970 559 2013 D,
586 1970 646 2005 καὶ
673 1970 803 2005 deleto
830 1970 960 2017 suppl.
987 1972 1145 2015 νεανίαις,
1172 1972 1208 2005 οἳ
1232 1970 1300 2007 Dw
1397 1971 1419 2005 9
1444 1971 1649 2016 ἀπορόντων
1675 1997 1683 2006 .
1699 1998 1707 2006 .
1726 1998 1734 2006 .
1751 1999 1759 2007 .
1778 1978 1839 2006 τεῖ-

415 2031 480 2062 χον
502 2018 507 2061 Ι
530 2018 578 2062 D,
604 2018 817 2063 ἀπορρήτων
841 2024 1070 2063 συμμετεῖχον
1095 2019 1224 2064 suppl.
1252 2022 1291 2054 et
1313 2029 1414 2053 corr.
1432 2018 1502 2056 Dw
1598 2018 1694 2064 αὐτῷ
1714 2030 1789 2055 om.
1807 2019 1838 2054 B

465 2065 525 2100 καὶ
552 2076 626 2100 om.
654 2065 702 2109 D,
729 2065 856 2111 suppl.
885 2065 953 2103 Dw
1084 2070 1178 2100 ante
1203 2066 1308 2111 αὐτῆς
1336 2065 1426 2100 add.
1454 2066 1487 2100 δ’
1512 2066 1548 2100 D
1684 2067 1729 2102 10
1753 2067 1839 2111 σύμ-

415 2112 602 2157 μετασχὼν
618 2113 753 2158 (sic)D
843 2113 950 2148 αὐτοῦ
979 2114 1153 2158 (punctis
1178 2113 1378 2158 notatum)
1404 2113 1450 2157 D,
1478 2124 1578 2149 corr.
1594 2114 1661 2151 Dw
1746 2115 1838 2149 ἀπίει

417 2159 465 2204 D,
492 2170 595 2196 corr.
620 2160 689 2198 Dw
809 2160 939 2206 ll—p.
966 2160 1047 2205 407,
1074 2161 1109 2206 2]
1135 2161 1223 2205 μήτε
1249 2162 1485 2206 συμπερηφάν
1510 2161 1588 2196 κατ’
1614 2162 1722 2197 αὐτοῦ
1747 2161 1794 2206 D,
1820 2163 1841 2196 ὅ

415 2207 480 2252 μὲν
514 2208 551 2242 ἓν
585 2208 751 2247 τοιούτοις
785 2208 834 2247 ὥς
867 2208 955 2253 μέγα
988 2209 1017 2243 τὶ
1054 2210 1255 2253 κατορθῶν,
1295 2209 1515 2254 ἕβρενῦύετο,
1554 2215 1622 2248 τοϊς
1656 2209 1688 2244 δ’
1722 2209 1839 2248 ἄλλοις

417 2255 631 2300 ἀνοηταίνειν
665 2256 831 2300 ἐκρίνετο,
870 2256 930 2291 καὶ
959 2262 1061 2300 μῖσος
1085 2256 1307 2301 ἐπιστρέφειν
1334 2257 1419 2298 (sic)
1445 2256 1522 2291 κατ’
1548 2256 1654 2291 αὐτοῦ
1681 2256 1761 2300 Dw,
1800 2267 1837 2291 V.

416 2303 530 2339 B-W
550 2304 647 2349 Byz.
674 2301 868 2340 Zeitschr.
895 2314 930 2339 a.
959 2304 1051 2339 1892
1077 2315 1113 2350 p.
1140 2304 1221 2349 216,
1248 2304 1270 2338 5
1439 2304 1482 2338 11
1510 2309 1579 2344 τοῖς
1606 2314 1680 2339 om.
1707 2304 1837 2350 Epr

463 2351 666 2395 κατορθοῦν
691 2350 722 2385 Β

286 2458 327 2491 11
344 2458 520 2494 incursio
547 2459 636 2504 regi
662 2458 980 2504 significabatur.
1030 2458 1089 2495 Ne
1114 2459 1238 2504 igitur
1265 2459 1316 2494 ab
1343 2458 1597 2503 equestribus
1617 2458 1838 2494 certamini-

347 2505 420 2541 bus
457 2505 740 2551 impediretur,
784 2507 832 2541 iis
867 2506 1031 2552 ignibus
1069 2506 1228 2542 illorum
1265 2506 1513 2551 temporibus
1550 2515 1673 2551 saepe
1712 2506 1836 2551 elatis,

343 2554 461 2598 ignes
486 2553 666 2588 locorum
691 2552 888 2598 Byzantio
915 2554 1139 2590 vicinorum
1167 2554 1393 2598 abrogavit.

285 2599 331 2634 12
463 2599 726 2646 Superiorum
764 2605 991 2647 temporum
1028 2611 1147 2646 reges
1185 2601 1482 2646 reprehendere
1521 2601 1685 2645 solebat,
1729 2600 1837 2646 quod

286 2647 330 2682 13
344 2651 480 2693 spreta
506 2649 742 2694 frugalitate
773 2649 888 2684 luxui
926 2652 965 2684 et
1002 2649 1125 2684 fastui
1162 2650 1274 2694 regio
1302 2649 1560 2684 studuissent.
1611 2648 1727 2684 Unde
1753 2650 1839 2694 ipse

343 2695 662 2731 moderationem
689 2706 787 2741 prae
814 2706 856 2732 se
882 2696 1027 2740 ferens,
1066 2706 1157 2731 eum
1195 2696 1412 2741 aliquando
1446 2697 1487 2731 in
1513 2696 1719 2731 mulierem
1745 2696 1839 2732 inci-

345 2742 478 2786 disset,
506 2753 611 2788 quae
630 2753 652 2778 e
669 2743 824 2778 balneis
851 2743 1014 2779 domum
1039 2743 1209 2785 redibat,
1235 2743 1285 2778 de
1305 2753 1409 2788 equo
1435 2743 1642 2779 deseendit
1667 2754 1839 2788 eamque

345 2800 436 2824 eum
462 2791 604 2835 paucis
630 2790 873 2835 quibusdam
911 2791 1238 2827 adulescentibus
1274 2801 1515 2826 arcanorum
1555 2801 1720 2826 suorum
1747 2802 1837 2825 eon-

345 2838 435 2871 seiis
460 2837 621 2872 domum
649 2839 862 2873 comitatus
887 2842 946 2873 est
972 2842 1011 2874 et
1038 2848 1127 2874 eum
1155 2849 1203 2873 en.
1231 2841 1396 2873 cenatus
1427 2838 1598 2884 pedibus
1623 2839 1663 2873 in
1682 2839 1836 2883 regiam

286 2884 331 2919 14
346 2894 534 2930 egressus
573 2891 642 2921 est.
702 2886 943 2922 Huiusmodi
981 2887 1102 2933 nugis
1142 2887 1258 2932 quasi
1295 2896 1339 2921 re
1378 2886 1481 2922 bene
1517 2889 1633 2932 gesta
1670 2885 1837 2932 gloriari
