2054 3282
571 250 808 299 BVLGARi
835 255 992 299 FIVNT
1017 251 1329 300 cnms'rmni.
1632 253 1702 300 38⁵2

201 386 482 437 συκοφαντῶν
511 383 807 439 ὑποβληθῆναι
837 387 1011 432 ποιναῖς,
1043 382 1130 426 ἀλλ’
1163 384 1189 426 ὅ
1219 385 1352 439 μέγας
1373 383 1594 431 Μεθόδιος
1625 385 1701 426 αὗ-

200 451 298 498 τοὺς
326 456 400 506 τῆς
429 452 632 506 τιμωρίας
661 452 883 506 ἐρρύσατο·
915 452 988 494 καὶ
1018 452 1067 494 τὰ
1097 452 1176 507 μὲν
1207 453 1320 495 οὕτω
1352 453 1530 507 γέγονεν.

315 519 369 561 Ὀ
399 519 445 562 δὲ
474 523 560 561 τῶν
590 519 856 574 Βουλγάρων
888 521 1036 575 ἄρχων
1067 521 1229 575 γυναικὶ
1258 521 1335 576 τὴν
1363 525 1449 563 τῶν
1475 521 1742 575 Ῥωμαίων2

199 587 410 643 βασιλείαν
439 587 512 629 καὶ
540 587 656 629 παιδὶ
687 593 829 642 νεαρῷ
859 589 1189 644 κυβερνωμένην
1218 589 1382 644 μαθὼν
1411 589 1561 632 στέλλει
1590 589 1702 636 τινὰς

164 659 286 701 ὁτῶν
317 656 446 698 αὐτοῦ
477 656 660 698 ἀπειλῶν
691 656 946 711 ἀφίστασθαι
981 660 1067 699 τῶν
1105 658 1305 700 σπονδῶν
1341 657 1412 700 καὶ
1450 657 1547 713 ἆραι
1591 658 1699 700 ὅπλα

200 722 307 766 κατὰ
327 727 401 778 τῆς
420 727 506 765 τῶν
521 723 746 778 Ῥωμαίων
767 724 914 780 ἀρχῆς.
975 725 1085 779 πρὸς
1115 730 1241 768 ταῦτα
1272 726 1410 768 τοίνυν
1441 726 1565 782 δηλοῖ
1583 727 1737 781 αὗτῷ2

202 793 228 847 ἡ
264 792 479 847 βασίλισσα
517 792 580 839 ὥς
616 793 916 848 “ἇντιτάξομαί
949 809 1015 835 σοι
1049 794 1219 841 πάντως
1255 795 1391 849 κάγώ,
1433 794 1505 837 καὶ
1547 795 1586 836 εἷ
1623 794 1745 849 μὲνΒ

200 861 307 902 θεοῦ
340 860 528 906 διδόντος
558 860 765 915 ὕπερέξω,
805 862 879 916 ἔσῃ
911 862 1097 916 νικηθεὶς
1127 862 1211 904 ὑπὸ
1244 863 1452 918 γυναικός,
1492 863 1563 905 καὶ
1599 863 1702 906 ὅσον

201 943 267 971 σοι
296 928 344 970 τὸ
374 933 447 984 τῆς
474 929 674 984 αἰσχύνης
694 929 884 983 ὗπόγυον
903 930 1080 984 λόγισαι·
1113 931 1151 972 εἰ
1170 931 1216 973 δὲ
1237 931 1416 986 νικήσεις
1437 933 1541 978 ἴσως
1561 931 1700 985 αὐτός,

144 1006 190 1043 10
202 997 282 1039 οὐκ
319 997 429 1038 ἔσται
467 1012 532 1039 σοι
571 997 724 1052 σεμνὸν
761 998 807 1040 τὸ
847 999 1061 1054 εὐτύχημα
1106 1003 1282 1053 γυναῖκα
1325 1001 1580 1055 νικήσαντι.”
1640 1000 1738 1047 ὡς3

39 1110 42 1112 ,
203 1063 280 1107 οὖν
298 1069 426 1107 ταῦτα
448 1071 510 1120 τῷ
529 1067 740 1121 βαρβάρῳ
763 1067 1043 1122 ἠγγέλθησαν,
1067 1068 1299 1110 ἀνέστειλαν
1319 1069 1438 1123 αὐτῷ
1457 1067 1532 1123 τὴν
1548 1068 1702 1124 ὁρμήν,

37 1143 72 1180 μζ»
99 1133 278 1181 Ῑνῦκαί
305 1133 345 1175 οἶ
376 1135 596 1189 συμφέρον
627 1136 786 1190 ἔκρινεν
815 1136 1139 1178 ἀνανεώσασθαι
1159 1135 1232 1183 τὰς
1253 1137 1456 1184 σπονδάς·
1490 1137 1561 1179 καὶ
1583 1135 1702 1179 αὗται
1755 1137 1757 1139 ’

41 1191 44 1193 Α
204 1202 565 1257 ἀνεκαινίσθησαν.
628 1203 790 1258 ἀδελφὴ
831 1204 878 1246 δὲ
913 1208 987 1246 τοῦ
1018 1205 1222 1260 ἄρχοντος
1252 1205 1519 1260 Βουλγαρίας
1549 1205 1739 1261 almae-4

202 1270 450 1313 λωτισθεῒσά
491 1287 592 1313 ποτε
629 1271 700 1314 καὶ
738 1272 782 1314 ἐν
818 1277 902 1319 τοῖς
938 1273 1158 1327 βασιλείοις
1195 1274 1395 1328 διάγουσα
1432 1278 1494 1328 τῷ
1523 1274 1631 1328 θείῳ
1661 1290 1703 1316 τε

146 1349 188 1384 15
202 1339 395 1394 ἐτελέσθη
427 1340 674 1395 βαπτίσματι
706 1341 777 1382 καὶ
799 1342 1062 1395 γραμμάτων
1083 1342 1127 1383 ἐν
1146 1343 1297 1397 μυήσει
1319 1343 1488 1396 ἐγένετο.
1550 1343 1702 1398 ταύτην
1715 1353 1739 1389 5

202 1407 227 1449 ὁ
258 1407 441 1463 ἀδελφὸς
480 1408 747 1464 ἀναδοθῆναί
779 1410 820 1451 οῖ
850 1410 1024 1465 ἠξίωσε·
1069 1410 1141 1452 καὶ
1172 1411 1197 1466 ἡ
1229 1411 1308 1465 μὲν
1338 1411 1472 1465 ἐδόθη
1505 1412 1634 1466 αὐτῷ,
1678 1411 1747 1459 60

202 1474 240 1518 δ’
277 1476 514 1519 ἀντέδωκεν
552 1477 686 1531 ἄνδρα
724 1481 811 1519 τῶν
846 1478 1034 1533 λογίμων
1071 1478 1303 1534 Θεόδωρον
1341 1479 1413 1521 τὸν
1451 1479 1702 1535 Κουφαρᾶν.

200 1623 224 1659 3
247 1624 313 1660 ὅσα
338 1624 359 1659 ὅ
382 1628 454 1660 τῶν
479 1625 700 1671 Βουλγάρων
730 1625 886 1672 ἀρχηγὸς
915 1626 1081 1672 ἠπείλησε
1113 1631 1155 1673 τῇ
1185 1627 1368 1673 βασιλίσσῃ
1402 1627 1462 1663 καὶ
1492 1628 1556 1663 ὅσα
1586 1627 1702 1674 ἐκείνη

201 1671 298 1718 αὐτῷ
322 1671 559 1719 ἅντεμήνυσεν
585 1672 615 1709 C
731 1674 776 1709 13
801 1675 996 1719 σημείωσαι
1022 1673 1092 1710 ΑΕ
1208 1676 1306 1715 ὅπως
1331 1675 1430 1718 (ὅθεν
1454 1675 1501 1718 Β)
1527 1677 1564 1711 οἱ
1585 1676 1702 1711 Βούλ-

200 1732 301 1766 γαροι
327 1719 484 1766 ἐγένοντο
510 1721 680 1767 (ἐγένοντο
707 1731 783 1757 om.
802 1721 845 1768 B,
870 1721 957 1768 ἕγέν.
975 1723 1012 1757 οἱ
1024 1722 1145 1768 βούλγ.
1164 1722 1211 1767 Ε)
1237 1723 1446 1768 Χριστιανοί
1464 1722 1579 1766 ΑΒΕ,
1605 1725 1703 1763 ὅπως

201 1767 239 1803 οἱ
259 1768 460 1813 Βούλγαροι
486 1769 536 1808 εἰς
563 1768 749 1815 ἐπίγνωσιν
773 1769 886 1815 ἦλθον
911 1775 972 1806 τοῦ
997 1771 1151 1815 Χριστοῦ
1178 1769 1208 1807 C

270 1904 294 1941 2
306 1904 360 1952 τὰ]
375 1910 479 1942 ταῦτα
495 1905 649 1953 EwpDi
720 1909 744 1945 3
757 1907 957 1954 ἆρχηγόςῙ)
1030 1909 1054 1946 5
1066 1908 1267 1956 σποῐόῶνῙ)
1341 1909 1421 1956 ᾆραι
1437 1909 1509 1955 (sic
1518 1909 1580 1955 A),
1596 1920 1633 1946 v.
1648 1910 1702 1946 ad

272 1952 363 1989 XVI
389 1954 423 1998 2,
437 1955 493 1990 31.
523 1954 649 2000 12,17.
675 1955 786 1992 XVII
813 1956 907 2001 29,4
1017 1957 1039 1993 6
1064 1962 1136 1993 τῶν
1162 1968 1236 1993 om.
1255 1958 1349 2004 Ewp
1458 1959 1482 1993 8
1506 1958 1650 2003 ὖπέρξω
1670 1958 1701 1993 Ε

271 2001 294 2036 9
318 2014 374 2036 σοι
402 2011 477 2038 om.
505 2002 536 2037 Ε
632 2003 800 2049 ὑπόγυιον
824 2015 887 2051 wp
914 2005 1050 2041 invitis
1075 2005 1148 2040 AR
1256 2006 1398 2052 λόγησαι
1427 2005 1474 2050 D,
1502 2016 1604 2042 corr.
1632 2006 1700 2045 Dw

318 2052 410 2095 post
434 2049 474 2085 δὲ
498 2050 590 2086 add.
616 2051 676 2087 καὶ
703 2051 870 2098 CDEwp
1023 2053 1159 2099 νικήσει
1186 2053 1222 2088 D
1378 2055 1419 2089 11
1446 2053 1638 2089 ἀνέστειλεν
1663 2053 1699 2089 D

317 2097 424 2132 αὐτοῦ
451 2096 486 2132 D
586 2098 630 2133 12
655 2099 692 2134 ol
711 2112 756 2134 συ
785 2100 896 2145 φέρον
920 2099 1057 2145 ἔκρινεν
1081 2101 1225 2147 (ἐκρίθη
1254 2101 1365 2147 Ewp)
1391 2100 1538 2147 AEwp,
1568 2102 1700 2146 μᾶλλον

269 2143 407 2189 ἔκρινεν
429 2145 527 2190 αὐτῷ
553 2145 680 2191 (ἑαυτῷ
710 2146 738 2182 Β
774 2150 784 2189 )
810 2148 1004 2193 συμφέρειν
1031 2148 1062 2185 Ο
1170 2150 1215 2184 16
1239 2149 1431 2185 ἀποδοῦναι
1460 2148 1495 2183 D
1603 2149 1701 2185 αὐτῶ

269 2191 380 2276 {3603
407 2191 439 2228 B
538 2193 581 2230 17
608 2193 647 2228 δὲ
674 2193 769 2231 BCE
872 2196 984 2240 ἄνδρα
1010 2210 1037 2231 τ.
1063 2197 1218 2242 λογίμων
1242 2197 1441 2232 ἀντέδωκεν
1469 2196 1701 2241 (ἄντεόίωκεν

199 2362 300 2403 sent,
339 2359 415 2395 nisi
449 2370 623 2407 magnus
649 2359 876 2398 Methodius
903 2372 976 2409 pro
1007 2362 1056 2398 iis
1082 2362 1387 2400 intercessisset.
1437 2362 1573 2410 Atque
1599 2363 1700 2400 haee

199 2407 257 2442 ita
282 2410 374 2442 acta
399 2412 505 2444 sunt.

318 2454 352 2490 2.
402 2454 675 2502 Bulgarornm
706 2461 841 2493 autem
870 2458 1068 2505 princeps,
1104 2468 1195 2494 cum
1222 2458 1496 2495 Romanorum
1523 2468 1696 2506 regnum

199 2510 223 2537 a
249 2502 418 2539 muliere
444 2509 483 2539 et
510 2504 657 2539 tenello
685 2514 813 2550 puero
837 2506 1058 2552 gubernari
1091 2507 1362 2553 cognovisset,
1389 2516 1553 2542 suorum
1581 2516 1698 2553 quos·

199 2549 292 2585 dam
319 2550 425 2586 misit
451 2561 495 2586 se
530 2558 649 2598 rupto
676 2553 843 2589 foedere
883 2564 996 2589 arma
1035 2554 1238 2589 illaturum
1266 2554 1457 2591 Romanis
1494 2555 1696 2590 minitans.

200 2596 244 2632 Ei
272 2598 456 2634 rescribit
482 2599 626 2646 regina
652 2610 696 2635 se
734 2602 896 2637 omnino
924 2602 959 2636 ci
987 2601 1174 2637 resistere
1201 2602 1321 2647 veile3
1357 2602 1501 2648 quodsi
1529 2601 1606 2637 deo
1631 2605 1738 2640 ειη-2

201 2649 350 2681 nuentc
375 2646 561 2692 superior
586 2648 717 2687 fuerit.
759 2658 851 2684 eum
878 2659 902 2684 a
928 2649 1095 2685 muliere
1123 2650 1209 2684 fore
1236 2650 1398 2694 victum,
1439 2649 1548 2695 quod
1576 2659 1697 2695 quam

199 2693 511 2739 ignominiosum
531 2695 566 2730 ei
586 2696 768 2731 futurum
786 2697 846 2741 sit,
867 2697 1128 2742 cogitandum
1148 2706 1254 2738 esse;
1274 2698 1333 2732 sin
1351 2707 1448 2732 vero
1466 2698 1571 2734 forte
1590 2698 1699 2733 victa

199 2741 332 2783 merit,
365 2750 595 2777 successum
623 2742 730 2778 ilium
760 2754 902 2789 parum
931 2745 1018 2780 fore
1046 2744 1270 2787 honestum,
1301 2745 1468 2781 munere
1494 2749 1698 2792 superata.

197 2787 310 2823 Haec
334 2789 522 2825 nuntiata
548 2790 739 2837 impetum
772 2791 935 2827 barbari
967 2792 1023 2827 ita
1057 2795 1350 2838 represserunt,
1388 2797 1434 2828 ut
1458 2793 1597 2828 utilius
1623 2793 1736 2832 sibi3

199 2836 397 2872 iudicaret
430 2846 630 2874 renovare
662 2839 819 2884 foedus,
859 2839 1047 2886 idemque
1086 2841 1238 2876 sactum
1279 2843 1348 2876 est.
1400 2839 1524 2876 Soror
1562 2844 1736 2880 autem4

199 2882 417 2931 Buigariae
455 2885 647 2932 principis
680 2886 901 2934 aliquando
934 2891 1064 2935 capta,
1103 2887 1198 2924 dum
1226 2888 1266 2924 in
1295 2887 1390 2924 aula
1416 2887 1540 2935 dogit,
1580 2898 1697 2925 sacro

199 2931 440 2981 baptismate
465 2937 526 2971 est
560 2934 718 2971 initiata
745 2940 784 2972 et
810 2935 952 2972 litteris
978 2934 1147 2973 erudita.
1199 2935 1296 2973 Eam
1324 2937 1450 2973 frater
1484 2937 1735 2985 repetiturus>
