2054 3282
520 220 817 260 HERACLIVS
844 221 1226 260 MONOTHELITA
1251 221 1463 260 FACTVS.
1674 223 1745 260 213

241 349 314 400 τῆς
344 344 664 400 ΔΙονοθελητῶν
693 345 942 400 πρεσβεύων
973 344 1188 399 αἱρέσεως,
1227 345 1328 399 μίαν
1359 344 1543 399 φυσικὴν
1574 345 1744 399 θέλησιν

241 413 312 454 καὶ
348 414 448 468 μίαν
491 414 699 468 ἐνέργειαν
737 413 823 456 δεῖν
862 414 1121 468 δογματίζειν
1159 413 1226 456 ἐπὶ
1265 413 1449 468 Χριστοῦ
1486 419 1548 468 τῷ
1585 413 1749 468 βασιλεῖ

241 482 560 524 ἀνταπέστειλεν.
622 482 726 524 ἀλλὰ
768 482 840 524 καὶ
882 482 1030 536 Κῦρον
1076 482 1292 537 ἐρωτήσας
1337 481 1410 524 τὸν
1451 482 1636 528 Φάσιδος
1681 487 1743 536 τῷ
1757 485 1778 521 7

241 549 410 605 Σεργίῳ
447 552 624 606 εὕρηκεν
660 551 961 606 ὁμογνώμονα.
1023 551 1183 598 τούτοις
1220 551 1292 594 καὶ
1323 550 1450 598 αὐτὸς
1479 550 1686 606 ὑπαχθεὶς
1717 550 1778 592 68

43 614 54 651 ἶ·
81 623 140 660 ΠΙ
154 623 223 660 311
240 618 488 674 Ἡράκλειος
522 624 595 675 τῆς
634 619 763 674 δόξης
801 621 948 674 γίνεται
985 620 1136 675 ταύτης
1165 620 1238 662 καὶ
1267 620 1509 675 ἀνατροπὴν
1538 620 1742 669 ποτίζεται

35 676 38 677 ⁷
240 688 425 743 θολερὰν
453 688 570 743 παρὰ
601 692 687 730 τῶν
716 689 962 743 μισθωτῶν,
996 689 1084 731 ἀλλ’
1107 690 1158 731 οὐ
1179 690 1395 744 ποιμένων
1419 690 1605 732 ἐκείνων.
1666 692 1740 730 τοῦ
1754 692 1777 728 9

239 757 500 812 Σωφρονίου
537 758 678 812 μέντοι
708 762 782 799 τοῦ
814 759 928 811 ἱεροῦ
959 762 1034 800 τοῦ
1066 758 1110 800 ἐν
1140 757 1444 813 Ἱεροσολύμοις
1475 757 1740 813 ἀρχιερατεύ-

239 842 359 873 οντος
388 826 486 873 τοὺς
515 823 590 881 ὕφ’
623 825 772 868 ἑαυτὸν
803 827 1007 881 ἀρχιερεῖς
1037 827 1394 881 συναθροίσαντος
1413 827 1485 869 καὶ
1505 826 1742 872 συνοδικῶς

239 895 535 944 ἀποδείξαντος
564 894 662 941 τοὺς
691 895 792 949 μίαν
823 895 1018 949 λέγοντας
1048 895 1219 950 θέλησιν
1248 896 1319 937 καὶ
1341 896 1548 950 ἐνέργειαν
1569 894 1633 937 ἐπὶ
1656 897 1741 936 τῶν

181 965 227 1002 10
241 964 320 1006 δύο
350 964 524 1018 φύσεων
554 967 628 1006 τοῦ
659 963 846 1017 Χριστοῦ
877 965 978 1018 μίαν
1009 965 1203 1018 ἄντικρυς
1241 964 1313 1006 καὶ
1351 965 1478 1020 φύσιν
1514 963 1740 1019 κηρύττειν,
1754 968 1786 1004 Ρ
1800 969 1838 1004 ΙΙ
1851 969 1898 1005 86
1913 968 1948 1005 Α

240 1033 477 1088 σύμψηφον
506 1032 552 1075 δὲ
582 1032 756 1087 σχόντος
787 1033 853 1074 ἐπὶ
883 1033 1019 1088 τούτῳ
1050 1033 1121 1075 καὶ
1151 1033 1223 1075 τὸν
1253 1033 1325 1075 τὸν
1355 1033 1516 1088 θρόνον
1546 1037 1619 1088 τῆς
1638 1048 1739 1087 πρε-

239 1102 444 1157 σβυτέρας
463 1101 630 1156 Ῥώμης
659 1102 850 1143 διέποντα
870 1101 1084 1157 Ἰωάννην,
1117 1102 1142 1144 ὁ
1172 1101 1365 1157 βασιλεὺς
1394 1103 1602 1156 προέθετο
1632 1101 1739 1156 πρό·
1756 1108 1801 1143 10

241 1186 416 1225 γραμμα
446 1170 551 1225 μήτε
582 1171 736 1212 ἑνιαίαν
768 1171 975 1225 ἐνέργειαν
998 1171 1103 1226 μήτε
1126 1171 1261 1226 διττὴν
1282 1171 1326 1212 ἓν
1346 1171 1521 1225 Χριστῷ
1543 1170 1738 1225 δογματί-

241 1240 405 1288 ζεσθαι·
439 1240 463 1281 ὃ
495 1239 800 1294 καταγέλαστον
832 1240 884 1281 οὐ
906 1244 991 1286 τοῖς
1013 1239 1278 1294 ὀρθόφροσιν
1299 1239 1435 1282 ἐδόκει
1455 1239 1603 1294 μόνον,
1635 1238 1738 1281 ἀλλὰ

182 1315 226 1350 15
241 1307 312 1349 καὶ
332 1311 416 1355 τοῖς
436 1307 634 1363 Σευήρου
655 1307 879 1363 ὁμόφροσι.
933 1308 1114 1363 Σεργίου
1138 1308 1183 1350 δὲ
1203 1312 1276 1351 τοῦ
1298 1308 1370 1351 τὸν
1390 1309 1550 1364 θρόνον
1571 1309 1739 1363 ἔχοντος
1753 1314 1797 1351 11

240 1375 726 1423 Κωνσταντινουπόλεως
755 1377 829 1431 τὴν
860 1377 978 1432 ζωὴν
1003 1378 1380 1432 καταστρέψαντος,
1415 1377 1591 1432 [Ῑύρρος
1612 1376 1740 1419 αὐτὸν

241 1444 464 1499 διεδέξατο,
496 1444 545 1487 τὰ
577 1445 681 1487 αὐτὰ
714 1445 861 1500 ἐκείνῳ
894 1445 1089 1495 δοξάζων
1113 1445 1184 1488 καὶ
1204 1445 1254 1488 τὰ
1276 1445 1474 1501 Σευήρου
1496 1445 1568 1488 καὶ
1591 1445 1739 1500 Κύρου

239 1514 380 1568 σέβων
409 1530 451 1555 τε
481 1513 553 1556 καὶ
583 1517 744 1569 κυρῶν.

239 1662 262 1697 6
284 1661 364 1706 περὶ
390 1661 500 1707 (παρὰ
514 1661 558 1705 C)
585 1668 646 1698 τοῦ
672 1664 767 1707 ἱεροῦ
794 1664 1011 1708 Σωφρονιόν
1036 1663 1096 1699 καὶ
1123 1668 1181 1709 τῆς
1197 1663 1282 1708 παρ’
1299 1663 1436 1699 ἐκείνου
1455 1664 1643 1709 γενομένης
1661 1677 1738 1699 συν-

238 1710 324 1745 όδου
351 1709 426 1754 CE,
450 1710 530 1755 περὶ
555 1715 614 1755 τῆς
639 1711 828 1757 γενομένης
854 1712 1005 1747 συνόδου
1030 1711 1125 1757 παρὰ
1151 1717 1212 1747 τοῦ
1238 1713 1335 1757 ἱεροῦ
1362 1713 1581 1758 Σωφρονίου
1608 1710 1643 1747 Α

241 1757 285 1794 15
308 1757 389 1804 περὶ
413 1763 642 1804 πατριαρχῶν
668 1758 698 1795 C

312 1896 329 1931 1
354 1896 359 1939 Ι
381 1897 514 1941 αἵρεσιν
541 1896 576 1932 D
673 1897 696 1931 3
721 1896 976 1933 ἀντεπέστειλεν
994 1897 1037 1942 Β,
1065 1909 1101 1933 v.
1121 1898 1173 1933 ad
1193 1898 1288 1934 XIII
1307 1899 1340 1943 9,
1354 1899 1402 1934 28
1498 1903 1611 1944 κῦρον
1637 1897 1738 1942 0Di,

310 1945 422 1989 κύρον
439 1943 574 1991 AEwp
661 1944 817 1989 φάσιδαν
836 1945 870 1979 Ι)
955 1945 979 1980 4
1004 1945 1175 1992 ἀπαχθεὶς
1192 1946 1236 1991 Β,
1263 1946 1431 1993 ὗπαχθὴς
1449 1947 1480 1982 Ε
1564 1948 1585 1982 ὁ
1611 1958 1687 1982 om.
1704 1946 1739 1981 D

311 1992 332 2028 7
350 1997 411 2027 τοῦ
429 1993 600 2028 alterum
622 2003 696 2028 om.
713 1992 744 2028 O
833 1997 922 2039 post
939 1993 976 2029 ἐν
993 1994 1085 2030 add.
1104 2000 1175 2033 τοῖς
1190 1994 1222 2030 O
1300 1995 1323 2030 8
1341 1998 1434 2030 ante
1454 1994 1534 2034 τοὺς
1552 1994 1644 2030 add.
1666 1996 1740 2029 τότε

311 2040 409 2086 pr
508 2040 551 2075 11
578 2041 700 2077 τούτου
728 2040 757 2077 C
855 2040 913 2076 τὸν
939 2041 1007 2087 τὸν]
1035 2053 1073 2076 v.
1099 2041 1210 2078 XVII
1237 2042 1271 2086 5,
1289 2042 1346 2078 43.
1373 2043 1406 2087 6,
1425 2043 1457 2078 9.
1483 2041 1616 2078 XVIII
1642 2042 1699 2087 25,
1717 2043 1740 2078 2

311 2091 350 2123 et
371 2087 594 2124 Usenerum
620 2088 706 2123 Der
718 2087 810 2124 heil.
832 2089 1026 2125 Theodos.
1046 2093 1118 2125 cet.
1147 2090 1254 2136 Lips.
1271 2091 1365 2127 1890
1382 2101 1418 2136 p.
1435 2091 1504 2127 173
1579 2091 1624 2126 13
1647 2089 1741 2136 μηδὲ

311 2136 393 2171 διττ.
420 2135 450 2172 C
548 2135 605 2171 15.
633 2136 677 2172 17
703 2136 857 2182 σεβήρου
885 2136 1040 2183 EwpDz'
1140 2138 1184 2173 15
1209 2143 1270 2174 τοῦ
1297 2149 1373 2175 om.
1402 2138 1436 2174 D

239 2279 327 2324 regi
354 2279 550 2315 rescribit.
598 2279 802 2326 Rogatum
830 2279 979 2326 Cyrum
1014 2291 1178 2327 quoque
1203 2281 1388 2318 Phasidis
1414 2283 1648 2329 episcopum
1684 2279 1775 2318 in-7

239 2327 392 2374 tellegit
430 2327 535 2363 idem
575 2337 665 2364 eum
699 2327 843 2374 Sergio
881 2329 1044 2364 sentire.
1106 2328 1286 2371 Quorum
1325 2331 1568 2367 auctoritate
1606 2334 1775 2370 motus8

238 2374 450 2411 Heraclius
480 2379 520 2411 et
558 2376 645 2422 ipse
680 2375 850 2411 eandem
893 2377 1124 2422 opinionem
1162 2378 1418 2423 amplectitur
1458 2381 1498 2414 et
1535 2378 1739 2414 turbidam

238 2433 386 2468 aquam
414 2423 514 2459 bibit
541 2423 592 2459 ab
632 2423 707 2459 illis
734 2434 814 2459 non
843 2425 1074 2470 pastoribus
1112 2425 1184 2461 sed
1210 2426 1472 2461 mercenariis
1505 2426 1738 2462 exhibitam.

238 2469 387 2506 Verum
423 2481 513 2506 cum
541 2469 579 2507 S.
606 2470 858 2517 Sophronius
883 2482 1038 2508 summo
1066 2473 1293 2509 sacerdotio
1320 2474 1496 2519 fungens
1510 2472 1775 2519 Hierosoly-9

238 2518 324 2563 mis,
350 2518 543 2554 subiectis
569 2519 645 2554 sibi
672 2520 953 2555 sacerdotibus
992 2521 1238 2565 convocatis,
1279 2530 1351 2567 per
1389 2521 1549 2556 concilii
1575 2521 1738 2557 modum

239 2565 566 2611 demonstrasset,
593 2567 662 2612 qui
700 2577 824 2603 unam
852 2568 892 2603 in
931 2567 1093 2604 duabus
1117 2567 1261 2605 Christi
1294 2569 1450 2604 naturis
1488 2569 1740 2605 voluntatem

238 2616 362 2659 atque
387 2614 587 2650 actionem
623 2615 884 2659 affirmarent,
924 2626 994 2651 eos
1030 2616 1149 2661 plane
1187 2627 1310 2652 unam
1350 2627 1514 2662 quoque
1552 2620 1739 2653 naturam

239 2665 430 2706 statuere,
464 2662 584 2708 eique
611 2661 798 2706 Ioannes,
824 2674 931 2709 papa
959 2664 1176 2707 Romanus,
1202 2674 1392 2700 assensus
1419 2669 1535 2709 esset,
1562 2675 1634 2701 rex
1661 2665 1741 2701 edi·
1757 2663 1802 2700 10

239 2712 347 2744 ctum
374 2710 564 2755 proponit
589 2720 722 2755 neque
748 2711 995 2756 singularem
1023 2721 1156 2757 neque
1171 2712 1370 2747 binariam
1390 2713 1428 2747 in
1445 2712 1601 2748 Christo
1621 2713 1741 2748 actio-

239 2766 330 2791 nem
357 2767 446 2792 esse
472 2758 745 2800 asserendam,
773 2759 880 2804 quod
899 2759 1074 2794 edictum
1102 2770 1183 2795 non
1211 2759 1448 2795 orthodoxis
1474 2763 1641 2804 tantum,
1669 2760 1740 2796 sed

240 2802 382 2840 Severi
401 2805 520 2840 etiam
537 2806 805 2842 sectatoribus
820 2807 1033 2842 ridiculum
1053 2807 1280 2843 videbatur.
1325 2806 1468 2853 Sergio
1486 2808 1741 2854 patriarchae
1758 2808 1798 2842 11

241 2850 453 2897 Cpolitano
469 2852 661 2888 defuncto
676 2853 857 2899 Pyrrhus
883 2854 1063 2890 eiusdem
1079 2855 1280 2901 opinionis
1297 2855 1489 2900 succedit,
1517 2857 1741 2892 sententiae

241 2897 381 2936 Severi
409 2903 448 2935 ct
473 2898 566 2947 Cyri
593 2904 633 2936 et
659 2901 880 2938 admirator
907 2906 946 2938 et
973 2902 1232 2949 approbator.
