2054 3282
459 218 693 260 SOMNIVM
718 215 968 259 MAVRICII.
1017 214 1228 256 PHOCAE
1253 213 1474 256 SEDITIO.
1648 213 1718 254 195

218 349 292 402 τῆς
328 345 512 400 ἀγωνίας
549 346 574 387 ὁ
604 344 796 400 βασιλεὺς
832 344 901 386 καὶ
939 343 1010 386 τὸν
1047 342 1294 385 Φιλιππικὸν
1329 341 1721 397 μετακαλεσάμενος

219 418 369 470 πρῶτα
399 414 478 470 μὲν
509 415 765 469 συγγνώμην
799 414 897 469 ᾔτει,
935 413 998 459 ὥς
1032 412 1168 467 μάτην
1203 412 1403 453 ὑπονοῶν
1439 408 1530 453 κατ’
1576 411 1719 464 αὐτοῦ,
1734 412 1764 450 C

221 483 305 525 εἶτα
337 484 461 537 ἤρετο
492 484 530 524 εἶ
558 483 602 524 ἓν
631 487 716 528 τοῖς
732 482 986 536 Ῥωμαϊκοῖς
1012 481 1214 536 τάγμασιν
1236 479 1322 522 οἶδε
1344 481 1598 534 στρατιώτην
1619 479 1719 521 Φω-

221 556 313 595 κᾶν.
375 553 399 594 ὁ
432 552 478 594 δὲ
509 552 658 593 εἰδέναι
689 551 1014 605 ἀνταπεκρίνατο
1045 550 1117 592 καὶ
1146 553 1293 591 τοῦτον
1323 548 1424 590 εἷναι
1454 548 1526 590 τὸν
1546 548 1631 603 πρὸ
1651 565 1719 603 μι-
1733 551 1780 587 36

23 674 25 677 ¹
187 624 331 675 5κροῦ
375 620 568 662 σταλέντα
611 620 728 674 παρὰ
770 624 843 675 τῆς
886 622 1089 674 στρατιᾶς,
1136 618 1215 664 “ὁ’ς
1254 633 1319 659 σοι
1355 618 1427 659 καὶ
1464 618 1722 672 ἰταμώτερον

0 679 22 750 fx:
225 689 459 743 ὁιελέγετο”
461 721 469 729 .
531 689 602 730 καὶ
634 689 658 730 ὁ
688 688 882 771 βασιλεὺς
911 688 1000 734 οἶός
1031 688 1136 729 ἐστιν
1167 687 1191 728 ὁ
1223 686 1331 741 ἀνὴρ
1361 686 1437 741 τὴν
1467 686 1628 741 ἡλικίαν
1651 702 1722 728 και
1735 688 1780 725 37

0 759 50 804 Φ
68 757 270 801 111299τὸ
307 757 417 811 ἦθος
453 758 709 811 προσηρετο·
755 756 826 798 καὶ
858 757 882 797 ὁ
920 755 1166 802 Φιλιππικὸς
1197 756 1292 797 νέον
1322 754 1423 797 εἶναι
1453 755 1525 797 τὸν
1561 755 1723 797 Φωκᾶν

0 833 18 884 syl
224 824 322 872 εἶπε,
352 825 424 867 τὸν
457 825 502 867 δὲ
531 826 689 879 τρόπον
719 825 886 880 θρασὺν
916 825 988 866 καὶ
1020 825 1167 866 δειλόν.
1228 824 1338 878 πρὸς
1368 828 1489 866 τοῦτο
1522 823 1568 866 δὲ
1599 824 1623 865 ὁ
1644 825 1722 878 βα-
1736 828 1782 862 38

7 886 19 901 ³
225 894 358 940 σιλεὺς
388 894 742 948 ἀντεφθέγξατο“
745 894 798 936 ἐἰ
827 893 959 939 δειλὸς
990 893 1062 934 καὶ
1092 893 1284 948 φονεύς”
1317 893 1388 934 καὶ
1420 893 1646 948 διηγήσατο
1676 892 1724 934 τὸ

166 969 211 1004 10
226 963 332 1017 ὄναρ
369 963 500 1016 αὐτῷ.
563 963 697 1017 ἐφάνη
737 962 783 1004 δὲ
819 963 909 1004 τότε
947 962 1017 1003 καὶ
1056 963 1245 1016 κομήτης
1283 962 1413 1016 ἀστὴρ
1446 962 1470 1003 ὁ
1501 962 1725 1016 λεγόμενος
1737 965 1784 1000 39

225 1032 374 1086 ξιφίας.
435 1037 496 1086 τῷ
528 1036 631 1085 γοῦν
662 1031 837 1086 ἀδελφῷ
869 1031 998 1072 αὐτοῦ
1021 1029 1177 1084 Πέτρῳ
1199 1034 1491 1085 στρατηγοῦντι
1516 1031 1606 1071 τότε
1638 1031 1723 1072 ἓπι-
1737 1034 1785 1069 40

225 1100 375 1142 στέλλει
397 1100 421 1141 ὁ
441 1099 634 1155 βασιλεὺς
656 1100 842 1154 διαβάντι
862 1099 934 1141 τὸν
946 1099 1106 1153 Ἴστρον
1126 1098 1229 1153 μετὰ
1251 1103 1324 1153 τῆς
1345 1103 1535 1153 στρατιᾶς
1563 1100 1726 1141 ἐκεῖθεν
1741 1103 1776 1138 D

227 1169 332 1223 αὐτῇ
363 1168 412 1209 τὰ
443 1167 552 1222 πρὸς
581 1168 656 1223 τὴν
686 1169 829 1223 χρείαν
859 1168 1117 1222 πορίζεσθαι.
1180 1167 1232 1222 ἦν
1263 1167 1308 1208 δὲ
1338 1172 1460 1209 τοῦτο
1487 1168 1553 1209 διὰ
1575 1169 1724 1223 φιλαρ-
1739 1174 1782 1209 41

228 1238 374 1291 γυρίαν
418 1237 788 1291 οἶκονομούμετόν,
832 1238 897 1278 ἵνα
937 1236 1182 1291 ληιζόμενον
1218 1236 1264 1277 τὸ
1304 1236 1512 1278 ὁπλιτικὸν
1549 1237 1725 1291 ἀποτρέ-

171 1313 215 1348 15
228 1321 349 1360 φοιτο
386 1305 456 1346 καὶ
495 1305 621 1351 αὐτὸς
657 1305 856 1359 κερδήσοι
891 1305 939 1347 τὸ
976 1305 1270 1359 στρατιωτικὸν
1306 1307 1544 1360 σιτηρέσιον.
1606 1310 1727 1347 τοῦτο
1741 1312 1788 1347 42

229 1374 368 1416 στάσιν
397 1378 446 1429 τῇ
479 1378 647 1428 στρατιᾷ
679 1374 909 1428 ἐνεποίησε·
949 1374 1021 1415 καὶ
1052 1375 1198 1415 αὐτίκα
1230 1374 1422 1428 βασιλεὺς
1452 1372 1553 1428 παρ’
1587 1376 1729 1417 αὐτῶν

229 1443 253 1484 ὁ
290 1442 449 1488 Φωκᾶς
492 1442 764 1497 ἀνηγόρευτο·
810 1442 1007 1497 ἐτύγχανε
1051 1442 1089 1483 δ’
1130 1443 1193 1483 ὢν
1236 1442 1551 1497 ἑκατόνταρχος.
1614 1444 1638 1484 ὁ
1683 1444 1728 1485 δὲ
1740 1449 1787 1484 43

228 1510 456 1566 στρατηγὸς
489 1509 651 1565 Πέτρος
687 1514 808 1552 τοῦτο
843 1510 1003 1564 μαθὼν
1034 1512 1163 1565 ἔφυγε
1194 1511 1265 1553 καὶ
1295 1516 1356 1565 τῷ
1386 1512 1549 1566 βασιλεῖ
1574 1512 1726 1566 αὐτάγ-

228 1580 345 1635 γελος
375 1583 449 1621 τοῦ
487 1579 705 1634 γεγονότος
741 1579 913 1633 ἐγένετο.
977 1580 1001 1621 ὁ
1034 1580 1079 1621 δὲ
1110 1579 1181 1621 καὶ
1211 1583 1297 1622 τῶν
1328 1580 1372 1622 ἓν
1402 1584 1451 1635 τῇ
1482 1580 1596 1622 πόλει
1630 1596 1724 1623 στα-
1738 1587 1786 1622 44

229 1721 274 1758 15
299 1723 349 1758 ὅτι
376 1722 563 1758 στασιάσαν
586 1721 623 1756 τὸ
651 1721 900 1767 στρατιωτικὸν
925 1721 983 1757 τὸν
1012 1723 1146 1758 Φωκᾶν
1171 1722 1385 1768 ἀνηγόρευσε
1409 1723 1552 1769 βασιλέα
1579 1723 1642 1759 ΟΕ

300 1855 323 1890 2
346 1859 488 1900 πρῶτον
514 1854 612 1900 pr
754 1854 788 1889 2.
814 1854 837 1890 3
860 1859 982 1899 πρῶτα
1006 1853 1071 1899 μὲν
1099 1875 1141 1879 -
1168 1853 1253 1899 εἶτα]
1283 1865 1319 1889 v.
1347 1854 1399 1889 ad
1426 1854 1522 1889 XIII
1548 1855 1605 1897 93,
1635 1855 1676 1890 11

302 1903 325 1938 3
339 1903 441 1948 ἤρετο
458 1906 547 1948 post
559 1902 654 1937 οἶδεν
669 1902 700 1938 Ε
796 1902 969 1947 ρωμαίων
983 1903 1080 1948 Ewp
1179 1901 1272 1937 οἶδεν
1288 1903 1382 1948 Ewp
1482 1908 1615 1948 φωκᾶν
1629 1917 1728 1948 στρα-

303 1951 430 1996 τιώτην
443 1950 539 1996 Ewp
620 1949 643 1984 5
654 1949 750 1994 παρὰ
763 1955 822 1996 τῆς
836 1955 994 1995 στρατιᾶς
1010 1961 1085 1986 0111.
1100 1949 1135 1984 D
1151 1951 1198 1986 W
1195 1961 1217 1985 0
1233 1950 1297 1986 lat.
1378 1951 1578 1995 &quote-“90²¹
1592 1951 1679 1995 (Sic)
1694 1951 1726 1986 A

302 1999 325 2033 6
349 1998 418 2034 ἐστὶ
444 1997 480 2032 D
577 1998 598 2032 ὁ
621 1997 710 2044 ἀνὴρ
738 2007 813 2032 om.
840 1997 876 2032 D
982 1998 1004 2033 8
1033 1998 1072 2033 δὲ
1096 2003 1198 2034 τοῦτο
1226 1998 1323 2043 Ewp
1436 1997 1479 2033 13
1506 1998 1567 2044 τὴν
1594 2009 1669 2034 mn.
1697 1998 1728 2032 Ο

305 2046 350 2082 Ῑῖ)
374 2046 531 2092 κερδήσῃ
547 2045 688 2091 R(wp)‚
714 2045 787 2081 sed
813 2057 850 2081 v.
877 2045 892 2080 I
921 2057 958 2092 p.
976 2045 1058 2091 384,
1071 2046 1104 2082 3.
1133 2046 1168 2081 Π
1194 2057 1230 2092 p.
1249 2045 1330 2091 245,
1347 2047 1391 2081 19
1406 2057 1435 2081 κ.
1537 2047 1581 2081 18
1605 2047 1729 2091 πέτρος

306 2105 381 2130 om.
407 2093 444 2128 D
541 2093 746 2139 αὐτάγγελος
772 2099 822 2138 τῷ
846 2094 983 2140 βασιλεῖ
1004 2093 1036 2130 O

235 2235 443 2288 peri-ectus
469 2231 520 2266 ab
548 2242 595 2266 eo
621 2241 778 2277 angore
803 2242 875 2266 rex
903 2232 1095 2267 arcessito
1122 2232 1344 2278 Philippico
1370 2233 1541 2278 primum
1569 2233 1730 2268 veniam

264 2281 335 2315 etit
354 2280 485 2316 inanis
512 2278 562 2314 de
588 2289 636 2314 eo
663 2279 1094 2324 suspicioni33dei11de
1118 2283 1250 2326 rogat,
1276 2290 1371 2315 num
1399 2281 1503 2315 inter
1526 2280 1731 2316 Romanas

235 2291 420 2374 Pegiones
444 2327 608 2362 militem
637 2327 799 2362 novelit
822 2326 1009 2362 Phoeam.
1061 2327 1131 2363 Ine
1148 2328 1368 2373 respondet
1394 2338 1437 2363 se
1462 2338 1582 2363 nosse
1608 2332 1731 2373 atque
1745 2329 1791 2364 36

236 2385 327 2412 eum
354 2385 454 2419 esse,
487 2375 555 2420 qui
581 2385 663 2410 non
690 2375 746 2410 ita
772 2374 896 2410 multo
923 2378 1018 2410 ante
1044 2376 1096 2410 ab
1123 2376 1306 2411 exercitu
1332 2377 1476 2411 missus
1495 2376 1732 2412 insolentius

237 2434 327 2460 cum
354 2424 441 2469 ipso
468 2422 691 2458 collocutus
726 2427 841 2458 esset.
893 2422 995 2458 Tum
1021 2427 1142 2469 rogat
1168 2433 1252 2466 lex,
1292 2433 1373 2468 qua
1399 2423 1450 2458 sit
1476 2427 1610 2459 aetate
1636 2434 1733 2470 quo·
1746 2425 1791 2460 :37

238 2481 317 2517 que
331 2471 514 2517 ingenio3
542 2470 816 2516 respondente
829 2469 1052 2516 Philippico
1067 2469 1242 2507 phocam
1263 2481 1350 2506 esse
1364 2471 1434 2506 iuv
1438 2481 1554 2507 enem
1569 2475 1608 2507 et
1622 2473 1733 2516 inge-

236 2520 304 2554 nio
324 2519 468 2564 paltim
482 2518 788 2564 audaeipartim
805 2518 978 2553 timido‘
981 2518 1040 2553 ‘si'
1077 2519 1241 2563 inquit‘
1244 2518 1420 2554 ‘timidus
1434 2523 1504 2562 est,
1532 2519 1793 2555 homicida38

237 2566 327 2603 est'’
329 2593 338 2610 ,
365 2567 484 2611 eique
509 2566 706 2601 somnium
734 2570 884 2601 narrat.
935 2565 1037 2601 Tum
1066 2570 1222 2601 cometa
1245 2576 1409 2612 quoque
1435 2568 1634 2612 apparuit,
1664 2567 1792 2613 qui-‘39

239 2614 401 2660 xiphias
440 2614 596 2649 dicitur.
649 2613 806 2649 Dehine
840 2615 953 2649 fratri
981 2613 1100 2649 Petro
1136 2615 1358 2650 exereitum
1394 2614 1557 2650 (lucenti
1595 2615 1794 2650 scribit4o

238 2671 323 2706 rex,
360 2666 406 2697 ut
431 2661 532 2697 Istro
562 2671 651 2696 eum
687 2662 813 2708 copiis
845 2662 1013 2697 traiecto
1050 2661 1144 2697 inde
1174 2665 1441 2697 commeatum
1478 2665 1654 2708 peteret3
1692 2663 1733 2698 id
1747 2663 1789 2698 41

239 2709 450 2746 eonsilium
476 2709 528 2744 ab
555 2709 729 2744 avaritia
755 2713 816 2746 est
847 2711 1084 2755 profectum,
1123 2715 1168 2744 ut
1195 2709 1425 2755 legionibus
1451 2710 1663 2746 latrocinio
1690 2721 1734 2746 se

239 2757 560 2794 sustentantibus
586 2757 773 2792 militaria
798 2757 999 2803 stipendia
1032 2757 1270 2792 lucraretur.
1322 2757 1380 2793 Ea
1405 2767 1470 2793 res
1496 2757 1733 2794 seditionem
1748 2760 1795 2795 42

239 2806 344 2841 inter
377 2803 520 2840 milites
550 2805 780 2848 concitavit,
821 2805 889 2850 qui
926 2805 1059 2840 statim
1088 2804 1262 2841 l‘hocam
1290 2805 1568 2841 centurionem
1595 2816 1733 2852 regem

240 2855 496 2889 creaverunt.
545 2852 634 2894 Quo
673 2853 837 2898 cognito
864 2852 1009 2887 Petrus
1044 2852 1127 2888 dux
1169 2854 1269 2898 suga
1302 2857 1466 2899 arrepta
1500 2854 1597 2900 ipse,
1637 2854 1734 2899 quid
1748 2854 1795 2890 43

243 2900 463 2945 accidisset,
493 2901 578 2946 regi
610 2900 779 2935 nuntiat.
831 2901 903 2943 Qui
934 2903 1021 2936 orto
1049 2901 1166 2936 etiam
1197 2901 1233 2935 ἰιι
1262 2901 1362 2936 urbe
1390 2901 1563 2937 tumultu
1600 2912 1649 2937 ex
1679 2902 1795 2938 νει-44
