2054 3282
321 233 391 270 634
712 233 893 270 ZONAR.
921 233 1051 268 EPIT.
1077 231 1188 268 XVII
1214 231 1270 276 25,
1298 232 1424 268 1—11.

323 357 419 398 σθο)
466 356 510 397 δὲ
554 355 625 397 καὶ
669 357 785 409 ἑτέρα
822 371 879 400 τις
923 353 1158 407 συγκίνησις
1202 355 1367 408 ἔθνους,
1412 356 1437 408 ἢ
1470 354 1558 395 τότε
1593 353 1667 408 τὴν
1701 352 1812 408 ἑῴαν

325 425 486 479 διέλαβε
516 425 587 466 καὶ
617 426 740 478 μέχρι
770 428 843 464 τοῦ
875 427 948 464 νῦν
985 421 1114 476 αὐτὴν
1154 422 1424 477 ἕπιβόσκεται,
1468 422 1564 469 τοὺς
1598 422 1814 477 Τούρκους

288 494 442 547 2φημί.
505 493 579 534 εἰσὶ
609 493 686 547 μὲν
718 491 793 533 οὖν
825 490 938 533 οὗτοι
970 492 1088 545 γένος
1119 508 1152 532 τι
1189 491 1394 533 Οῦννικὸν
1427 493 1572 533 οἰκοῦν
1602 491 1649 532 τὰ
1680 507 1812 545 προσ-

324 562 470 615 άρκτια
517 565 602 602 τῶν
648 561 909 602 [ζαυκασίων
955 561 1084 614 ὀρῶν,
1135 560 1404 615 πολυπληθὲς
1449 560 1520 602 καὶ
1566 560 1813 614 αὐτόνομον.

287 630 410 671 :agnei
443 628 478 670 δ’
513 631 538 684 ἡ
571 629 756 683 Περσῶν
787 629 895 683 ἀρχὴ
929 631 954 683 ἢ
986 629 1146 683 μᾶλλον
1177 630 1201 683 ἡ
1235 629 1515 677 ΖΙΙακεδόνων,
1547 631 1572 684 ἣ
1604 628 1678 684 τὴν
1698 628 1850 682 Περ-5

324 703 412 740 σῶν
443 699 651 752 βασιλείαν
682 698 887 746 καθεῖλεν,
931 698 1015 739 ὑπὸ
1046 698 1317 752 Σαρακηνῶν
1354 697 1587 753 καθῄρητο,
1631 697 1713 739 εἶτα
1745 697 1816 739 καὶ

325 765 437 808 οὗτοι
459 766 567 820 πρὸς
589 766 792 821 ἀλλήλους
814 767 1101 812 στασιάσαντες
1117 767 1173 812 εἷς
1190 767 1437 812 ἀντιπάλους
1452 767 1605 821 μοίρας
1622 766 1816 821 διῄρηντο

279 836 394 877 Βκαὶ
426 835 616 890 ἀλλήλοις
648 837 867 890 ἐμάχοντο,
907 835 1169 890 ΛῙουχούμετ
1201 836 1224 877 ὁ
1255 839 1328 876 τοῦ
1355 835 1567 890 Ἰμβραήλ,
1607 834 1817 888 ῙΙερσίδος

324 905 471 958 ἄρχων
502 904 572 945 καὶ
604 904 868 959 Χορασμίων
899 905 970 946 καὶ
996 904 1167 959 ᾹΙηδίας
1197 905 1271 945 καί
1298 920 1420 946 τινων
1451 904 1601 952 ἄλλων,
1632 903 1818 958 πόλεμον

323 974 454 1027 ἤρατο
495 973 600 1014 κατὰ
639 973 736 1019 τοὺς
772 973 954 1027 χρόνους
989 973 1205 1015 Βασιλείου
1244 977 1317 1014 τοῦ
1353 973 1558 1027 βασιλέως
1588 972 1693 1014 κατὰ
1726 972 1815 1013 Βα-
1831 979 1877 1013 10

323 1041 546 1095 βυλωνίων
576 1058 617 1083 τε
644 1041 715 1083 καὶ
734 1041 892 1089 Ἰνδῶν,
925 1043 1162 1096 ἡττώμενος
1185 1042 1230 1083 δὲ
1252 1041 1518 1096 συμμαχικὸν
1540 1042 1587 1083 ἒκ
1612 1041 1817 1095 Τούρκων

76 1112 270 1148 W111203
288 1113 310 1147 4
322 1111 636 1164 μετεπέμψατο”
668 1110 720 1165 ἦν
752 1110 797 1152 δὲ
827 1115 911 1157 τοῖς
943 1110 999 1156 εἷς
1024 1111 1265 1165 συμμαχίαν
1286 1110 1455 1151 ἐλθοῦσι
1475 1115 1536 1164 τῷ
1558 1109 1818 1164 ΝῙουχούμετ

289 1178 553 1233 ὖστρατηγὸς
587 1179 860 1233 Ταγγρολίπιξ
890 1179 1128 1221 Μουκάλετ.
1191 1179 1266 1221 σὺν
1304 1179 1463 1225 τούτοις
1500 1179 1523 1220 ὁ
1558 1177 1867 1232 ΜουχούμετῙ)
1889 1183 2028 1219 1V170

323 1251 408 1293 τοῖς
430 1248 655 1294 ἀντιθέτοις
675 1249 932 1303 προσβαλὼν
962 1253 1186 1302 τροποῦται
1217 1247 1369 1293 αὐτοὺς
1399 1247 1470 1288 καὶ
1501 1247 1730 1295 ἀναζεύξας
1761 1247 1818 1293 εἷς

323 1315 372 1356 τὰ
405 1316 535 1358 οἰκεῖα
568 1317 646 1357 οὐκ
679 1318 740 1358 εἴα
772 1316 868 1363 τοὺς
903 1317 1120 1371 Τούρκους
1151 1318 1207 1362 εἷς
1237 1316 1311 1371 τὴν
1347 1317 1509 1358 ἑαυτῶν
1546 1316 1817 1370 ὑποστρέψαι,
1834 1321 1877 1356 15

401 1446 419 1480 1
447 1447 572 1484 ἔθνους
597 1449 800 1492 συγκίνησις
826 1447 888 1482 BC
1005 1447 1026 1481 Ξ
1052 1448 1198 1490 τόρκους
1224 1447 1255 1481 Β
1374 1446 1396 1481 3
1422 1445 1582 1481 οὗννικόν
1608 1444 1676 1480 ΑΕ
1701 1445 1816 1481 Cedr-

397 1493 584 1538 (Scylitz.)
612 1494 648 1529 II
676 1505 711 1539 p.
739 1495 819 1537 566,
849 1495 902 1538 15,
929 1494 1073 1530 οὗνικὸν
1099 1495 1141 1538 O,
1171 1493 1333 1529 οὗννικὸν
1359 1492 1481 1539 wpDz'
1589 1494 1622 1528 3.
1648 1494 1672 1528 4
1697 1494 1817 1529 οἰκοῦν

398 1546 486 1587 post
503 1543 598 1586 ὁρῶν
617 1542 651 1576 D
738 1542 761 1576 4
779 1543 872 1586 ὁρῶν
890 1541 971 1586 AR,
990 1543 1086 1587 ὀρῶν
1103 1541 1309 1587 B÷prDi
1405 1542 1427 1577 5
1446 1545 1535 1587 post
1552 1542 1574 1586 ἡ
1594 1542 1705 1587 prius
1724 1541 1815 1576 add.

397 1594 466 1624 τῶν
494 1589 529 1623 D
675 1590 697 1625 5
721 1590 742 1635 ἢ
766 1591 896 1634 μᾶλλον
912 1610 953 1614 —-
973 1591 995 1625 8
1019 1589 1233 1635 μουχούμετ]
1262 1595 1332 1625 τῶν
1357 1590 1567 1634 μακεδόνων
1591 1589 1649 1634 ἐφ’
1675 1588 1817 1628 ἑαυτοὺς

398 1637 544 1678 (ἑαυτῶν
560 1639 603 1680 Ε)
630 1639 840 1682 τραπέντων,
866 1638 926 1673 καὶ
951 1638 1240 1683 ἀντιμαχομένων
1265 1638 1425 1682 ἀλλήλοις
1443 1637 1615 1682 (ἀλλήλων
1629 1637 1674 1679 Ε)
1697 1638 1817 1682 ἴσχυσε

395 1685 498 1720 πάλιν
523 1685 586 1731 τὴν
610 1685 724 1730 ἀρχὴν
749 1685 1012 1730 ἀνακτήσασθαι
1040 1686 1301 1726 (ἀνασώσασθαι
1316 1685 1439 1730 Ewp),
1466 1685 1515 1723 ὡς
1540 1685 1739 1729 ἔμπροσθέν
1755 1698 1817 1729 μοι

398 1733 586 1778 ἱστόρηται,
612 1733 650 1767 τὸ
676 1733 711 1778 (ἡ
727 1733 838 1778 Ewp)
867 1733 899 1768 δ’
921 1733 1024 1771 αὖθις
1049 1733 1117 1768 ὑπὸ
1142 1738 1355 1778 σαρακηνῶν
1382 1732 1443 1778 τὴν
1468 1733 1629 1774 ἐξουσίαν
1653 1733 1817 1777 ἀφῄρητο

396 1780 457 1815 καὶ
483 1781 682 1816 δεδούλωτο
708 1781 922 1824 (δεδούλωτό
939 1795 972 1815 τε
992 1781 1113 1826 Ewp),
1140 1783 1176 1816 οἵ
1198 1782 1275 1826 δέγε
1300 1781 1493 1825 σαρακηνοὶ
1511 1781 1740 1825 (σαρακηνοῖς
1758 1780 1818 1815 καὶ

399 1828 512 1873 Ewp)
537 1830 602 1874 οὐχ
628 1828 691 1874 ὑφ’
717 1829 777 1863 ἕνα
804 1829 892 1874 ἦσαν
917 1829 1070 1873 ἡγεμόνα
1095 1829 1280 1870 τελοῦντες,
1307 1828 1394 1872 πρὸς
1420 1828 1588 1873 ἀλλήλους
1614 1831 1718 1873 (post
1743 1828 1816 1863 ἀλλ.

399 1876 490 1911 add.
517 1875 552 1911 τὲ
576 1875 678 1922 W*p)
715 1876 774 1911 καὶ
801 1877 895 1911 οὗτοι
922 1877 1161 1915 στασιάσαντες
1187 1877 1235 1915 εἷς
1260 1877 1464 1914 ἀντιπάλους
1495 1877 1620 1920 μοίρας
1650 1876 1819 1920 διῄρηντο

397 1924 458 1958 καὶ
483 1924 643 1969 ἀλλήλοις
667 1924 833 1968 ε’πήεσαν·
861 1925 1065 1969 μουχούμετ
1090 1924 1152 1959 οὖν
1179 1927 1267 1966 (om.
1296 1924 1340 1965 E)
1367 1924 1528 1969 BCEwp
1658 1923 1680 1958 9
1704 1937 1819 1968 χωρα-

398 1973 513 2016 σμίων
532 1972 627 2017 Ewp
648 1971 762 2007 Cedr.
791 1972 812 2006 l.
841 1982 872 2006 c.
901 1983 937 2017 p.
963 1972 1044 2013 567,
1070 1972 1102 2016 4,
1129 1973 1314 2017 χοραμίων
1340 1971 1386 2014 D,
1414 1983 1451 2006 v.
1480 1971 1531 2006 ad
1554 1970 1668 2006 XVII
1691 1971 1747 2014 25,
1773 1971 1820 2006 20

444 2021 573 2064 μηδιάς
599 2019 633 2054 τὲ
658 2019 718 2054 καὶ
744 2020 859 2055 ἄλλων
885 2025 988 2054 τινῶν
1014 2019 1077 2055 BC
1227 2020 1271 2054 lO
1297 2020 1469 2065 βασιλέως
1495 2018 1567 2053 AD
1595 2018 1709 2055 Cedr.
1737 2019 1759 2053 l.
1788 2029 1819 2053 C.

399 2078 436 2112 p.
451 2066 531 2110 567,
546 2067 579 2111 5,
596 2067 930 2112 πορφυρογεννήτου
945 2067 1042 2113 pr
1120 2067 1165 2102 12
1181 2067 1458 2112 προςεκαλέσατο
1477 2066 1540 2102 BC
1616 2066 1659 2101 13
1677 2080 1820 2111 ταγματ·

398 2115 511 2160 άρχης
525 2114 632 2159 BCE,
652 2115 854 2160 ταγμάρχης
869 2114 953 2160 W*p
1030 2116 1074 2150 13
1092 2116 1328 2160 ταγκρολόπιξ
1342 2114 1387 2159 Α,
1414 2115 1636 2160 ταγγρολίπιξ
1650 2112 1819 2159 prDi,

401 2162 686 2208 Tangrolipix:
718 2164 786 2199 Wo
813 2163 878 2197 lat.
907 2166 1148 2206 constanter,
1189 2173 1294 2208 quae
1330 2164 1460 2198 forma
1494 2162 1676 2198 Cedreno
1712 2160 1820 2207 (Scy-

399 2210 532 2255 litzae)
560 2220 724 2255 quoque
749 2210 912 2246 videtur
939 2221 1026 2246 esse
1052 2210 1261 2246 reddenda
1381 2210 1444 2246 σὺν
1469 2210 1602 2248 τούτοις
1627 2208 1711 2254 AD,
1736 2209 1820 2254 μεθ’

400 2257 451 2293 ὧν
477 2257 576 2304 pr
676 2258 721 2293 15
746 2257 820 2303 τὴν]
849 2257 889 2293 τὰ
915 2258 950 2292 D

329 2379 482 2412 motum
517 2380 576 2412 est
614 2377 917 2421 transeundum,
957 2388 1062 2423 quae
1089 2377 1291 2414 Orientem
1326 2380 1410 2413 tum
1445 2377 1593 2412 invasit
1622 2380 1662 2412 et
1693 2386 1823 2422 usque

259 2445 262 2448 ·
293 2421 316 2456 2
330 2424 382 2459 ad
401 2425 508 2459 hunc
527 2425 633 2460 diem
651 2426 826 2470 infestat,
854 2425 1008 2461 Turcos
1027 2425 1128 2460 dico.
1179 2424 1281 2461 Sunt
1299 2428 1433 2460 autem
1452 2425 1478 2459 ii
1497 2435 1599 2470 gens
1622 2425 1822 2469 quaedam

329 2472 519 2507 Hunnica
546 2473 854 2518 populosissima
881 2484 928 2508 ac
954 2473 1092 2516 libera,
1132 2473 1420 2509 caucasiorum
1446 2473 1640 2507 montium
1668 2475 1823 2517 septen-

293 2518 316 2551 3
330 2520 500 2556 trionale
526 2520 631 2555 latus
658 2521 855 2556 accolens.
905 2520 1005 2556 Nam
1026 2531 1116 2555 cum
1136 2521 1347 2566 imperium
1366 2520 1580 2555 Persarum
1608 2519 1673 2554 vel
1691 2520 1824 2564 potius

329 2566 608 2612 Macedonum,
652 2579 732 2613 quo
758 2568 974 2604 Persarum
1012 2579 1185 2613 regnum
1228 2567 1403 2603 deletum
1444 2570 1514 2611 est,
1554 2578 1578 2601 a
1612 2566 1824 2603 Saracenis

331 2615 532 2650 sublatum
574 2620 688 2660 esset,
728 2616 837 2660 iique
874 2617 979 2651 inter
1019 2626 1107 2651 sese
1146 2615 1381 2650 dimicantes
1407 2618 1530 2659 atque
1555 2615 1597 2649 in
1627 2615 1824 2650 factiones

331 2662 448 2697 divisi
476 2663 543 2697 alii
570 2663 669 2698 alios
696 2666 993 2709 oppugnarent,
1031 2663 1321 2707 Muchumetus‚
1354 2662 1561 2697 Imbraelis
1589 2663 1701 2703 filius,
1734 2662 1824 2697 Per-

331 2710 439 2753 sidis,
455 2709 790 2754 Chorasmiorum,
809 2710 977 2755 Mediae,
997 2711 1167 2746 aliorum
1187 2710 1441 2755 quorundam
1461 2710 1702 2755 populorum
1721 2710 1825 2755 prin-

333 2767 438 2802 ceps,
465 2759 713 2803 temporibus
740 2758 876 2793 Basilii
903 2759 1010 2803 regis
1038 2768 1128 2793 cum
1155 2761 1341 2803 suscepto
1369 2760 1510 2793 contra
1537 2757 1659 2792 Indos
1685 2760 1724 2792 et
1751 2757 1825 2791 Ba-

294 2803 518 2848 4bylonios
544 2806 648 2840 bello
677 2806 967 2849 succubuisset,
995 2805 1220 2841 Turcorum
1241 2805 1401 2840 auxiliis
1420 2805 1620 2840 arcessitis
1645 2804 1825 2850 Tangro-

295 2851 317 2885 5
333 2852 450 2897 lipice
468 2852 668 2888 Mucaleto
689 2853 792 2888 duce
811 2854 945 2888 hostes
962 2853 1170 2898 superavit
1193 2853 1436 2898 domumque
1463 2862 1651 2887 reversus
1670 2852 1825 2887 Turcos

334 2899 386 2933 ad
401 2909 474 2935 sua
488 2901 621 2936 redire
641 2911 719 2937 non
739 2901 843 2946 sivit,
869 2901 941 2937 sed
958 2901 1133 2936 retinere
1151 2900 1324 2945 volebat,
1351 2910 1522 2946 quorum
1542 2910 1666 2945 opera
1685 2902 1824 2935 contra
