1968 3302
419 217 748 256 THEODOSIVS
774 219 822 254 II.
873 217 1103 255 EVDOCIA
1128 217 1467 257 IMPERATRIX.
1626 221 1692 257 101

191 339 433 395 Πουλχερία
465 341 732 396 μνηστεύεται
761 341 836 396 τὴν
865 341 910 389 ἕξ
932 340 1124 396 Ἀθηνῶν
1144 340 1373 390 Εὐδοκίαν,
1405 342 1587 389 κάλλους
1616 343 1695 397 μὲν

193 410 373 464 ἔχουσαν
403 413 615 464 περιττῶς,
649 411 800 465 σοφίας
833 410 879 452 δὲ
903 414 1195 465 μετασχοῦσαν
1214 410 1500 465 παντοδαπῆς.
1563 414 1589 466 ἢ
1612 413 1730 454 θυ-6

194 479 324 534 γάτηρ
354 478 432 533 μὲν
463 479 516 534 ἦν
535 478 736 521 Λεοντίου
765 479 874 525 τινὸς
901 479 1139 534 φιλοσόφου
1163 478 1398 534 Ἀθήνηθεν
1420 481 1694 535 ὡρμημένου,

195 547 390 602 Ἆθηναῒς
437 546 474 590 δ’
522 547 779 602 ὠνομάζετο.
843 549 891 595 ὃς
937 546 1061 602 γνοὺς
1107 548 1153 597 ἒξ
1197 548 1425 603 ἐπιστήμης
1471 550 1729 604 εὐτυχῆσαιΊ

157 615 180 650 5
191 617 427 671 μέλλουσαν
456 617 531 672 τὴν
561 617 774 671 θυγατέρα
806 617 1029 671 λαμπρῶς,
1062 616 1348 672 διατιθέμενος
1378 617 1452 672 τὴν
1477 618 1557 672 μὲν
1577 635 1692 673 περι-

19 731 22 734 ⁴
193 684 339 726 ουσίαν
369 685 499 727 αὐτοῦ
530 689 614 732 τοῖς
650 686 754 732 υἱοῖς
791 685 1075 727 καταλέλοιπε·
1121 685 1200 728 δύο
1233 683 1269 728 δ’
1303 685 1411 741 ἦσαν
1439 686 1694 741 Οὐαλλέριος

17 753 91 793 III
107 754 177 790 237
191 753 262 794 καὶ
282 752 328 794 Γ
321 754 491 800 ενέσιος’
523 758 573 809 τῇ
603 754 648 796 δὲ
680 755 858 808 θυγατρὶ
888 754 1038 796 ἑκατὸν
1068 755 1292 809 χρυσίνους
1320 755 1482 810 μόνους
1513 756 1729 811 δοθῆναιδ

28 811 30 816 ⁷
192 823 417 877 ἐπέσκηψε,
462 823 632 878 γράψας
668 825 811 878 ἀρκεῖν
849 824 955 878 αὐτῇ
991 823 1065 878 τὴν
1100 824 1230 879 τύχην
1266 825 1404 879 αὐτῆς.
1466 828 1552 866 τῶν
1592 828 1729 879 γοῦν9
1755 827 1791 862 D

192 891 412 946 συγγόνων
447 893 575 948 αὐτῆς
605 893 968 947 σφετερισαμένων
998 892 1073 947 τὴν
1102 893 1308 948 πατρικὴν
1339 894 1485 935 οὐσίαν
1511 895 1536 949 ἡ
1567 894 1692 948 Ἀθη-

132 966 179 1001 10
191 960 282 1006 ναΐς
311 960 492 1015 νόμιμον
521 960 568 1003 τὸ
600 962 753 1003 οἰκεῖον
784 960 927 1016 ἀπῄτει
953 961 1099 1016 λάχος·
1131 962 1202 1003 καὶ
1224 963 1343 1017 ἠξίου
1364 961 1462 1009 τοὺς
1482 962 1693 1017 ἀδελφοὺς
1708 965 1753 1001 10

188 1028 249 1083 μὴ
282 1029 388 1070 κατὰ
419 1029 492 1076 τὰς
522 1034 596 1072 τοῦ
627 1030 787 1085 πατρὸς
821 1030 1032 1085 διαθήκας
1069 1031 1243 1078 ἀδίκους
1282 1033 1413 1078 οὔσας
1448 1036 1590 1074 ποιεῖν.
1653 1033 1694 1073 οἱ

190 1096 236 1139 δὲ
267 1098 338 1139 καὶ
368 1102 441 1153 τῆς
472 1099 606 1145 οἰκίας
637 1099 767 1154 αὐτὴν
798 1100 963 1148 ἓξῶσαν
993 1105 1066 1156 τῆς
1096 1106 1310 1156 πατρικῆς.
1375 1101 1580 1156 δεξαμένη
1606 1101 1689 1143 τοί-
1708 1104 1749 1138 11

188 1182 262 1208 νυν
295 1166 426 1222 αὐτὴν
456 1169 482 1222 ἡ
514 1167 623 1222 πρὸς
652 1167 813 1223 μητρὸς
843 1169 938 1210 θεία
971 1169 1227 1224 ἀνελήλυθεν
1258 1171 1315 1216 εἷς
1346 1171 1689 1212 Κωνσταντινού-

187 1235 320 1285 πολιν,
353 1235 424 1277 καὶ
454 1240 527 1291 τῆς
558 1235 824 1291 Πουλχερίας
856 1237 1034 1286 ἐδέοντο,
1067 1238 1336 1293 διηγούμεναι
1367 1238 1441 1293 τὴν
1472 1238 1689 1281 ὑπόθεσιν.

130 1303 336 1346 15ἶδοῧσα
376 1301 413 1346 δ’
452 1305 585 1360 ἐκείνη
624 1305 698 1360 τὴν
734 1305 869 1361 κόρην
906 1307 1134 1362 περικαλλῆ
1177 1307 1248 1348 καὶ
1291 1307 1523 1356 νεάζουσαν
1566 1308 1690 1362 ἤρετο
1707 1311 1751 1347 12

188 1373 227 1413 εἰ
253 1373 474 1427 ἀπείρατος
505 1375 560 1416 ἔτι
591 1374 747 1429 ἀνδρός
769 1375 867 1416 ἔστι·
901 1375 972 1416 καὶ
1004 1379 1160 1429 γνοῦσα
1191 1379 1313 1417 τοῦτο
1344 1377 1529 1430 βαπτίζει
1561 1376 1691 1431 αὐτὴν
1707 1381 1751 1416 13

187 1441 242 1482 ἔτι
281 1440 413 1484 οὖσαν
450 1443 639 1497 ἀμύητον
675 1442 747 1484 καὶ
788 1442 1001 1486 Εὗδοκίαν
1044 1445 1368 1499 μετονομάσασα
1411 1450 1472 1499 τῷ
1516 1445 1691 1500 ἀδελφῷ

185 1510 338 1566 ταύτην
364 1510 583 1566 Θεοδοσίῳ
615 1511 858 1566 συζεύγνυσι
889 1512 960 1554 καὶ
993 1512 1215 1567 διαδήματι
1245 1517 1394 1555 ταινιοῒ
1419 1513 1490 1555 καὶ
1518 1514 1689 1568 Αὐγού-

187 1595 287 1621 σταν
317 1580 445 1622 καλεῖ.

126 1655 174 1690 20
306 1647 458 1704 Γήμας
489 1648 535 1691 δὲ
565 1649 717 1705 ταύτην
748 1650 773 1691 ὁ
807 1649 1035 1698 Θεοδόσιος
1065 1649 1137 1693 τὸν
1161 1650 1386 1706 Ἀντίοχον,
1417 1653 1465 1699 ὃς
1493 1655 1580 1694 τῶν
1610 1653 1688 1708 βα·
1707 1651 1751 1687 14

186 1754 234 1790 20
257 1754 338 1800 περὶ
363 1760 424 1791 τοῦ
449 1755 622 1801 εὐνούχου
645 1755 820 1801 Ἀντιόχου
847 1755 910 1792 CE

258 1851 281 1886 2
308 1851 481 1896 θυγατέρα
503 1851 509 1895 Ι
532 1851 560 1887 C
695 1852 717 1888 3
743 1851 835 1891 τινὸς
859 1852 998 1892 λέοντος
1024 1853 1060 1887 D
1193 1853 1215 1888 6
1240 1853 1418 1899 οὐαλέριος
1444 1853 1616 1900 prDi‚
1643 1859 1690 1890 ut

258 1899 355 1934 XIII
372 1899 506 1944 22,19;
533 1911 571 1934 ν.
589 1899 720 1935 Malal.
747 1911 783 1945 p.
798 1900 879 1944 353,
900 1901 954 1945 16,
982 1900 1195 1947 Nicephor.
1216 1901 1363 1938 Callist.
1382 1902 1430 1938 H.
1451 1903 1494 1938 E.
1512 1903 1605 1938 XIV
1631 1903 1689 1938 23.

258 1947 280 1982 7
304 1946 477 1992 Γενέσιος]
509 1959 546 1982 v.
565 1948 770 1992 Ioannem,
798 1948 920 1983 Nikiu
940 1949 1078 1994 oppidi
1098 1949 1344 1995 episcopum,
1373 1962 1409 1995 p.
1424 1950 1494 1986 457
1522 1949 1688 1996 [notiees

258 1995 293 2030 et
320 1994 492 2031 eoetraits
518 1996 556 2031 d.
582 2006 787 2031 manuscr.
816 1996 864 2031 de
890 1996 931 2031 la
957 1994 1049 2032 bibl.
1075 1997 1230 2032 nation.
1257 1999 1283 2033 t.
1311 1998 1455 2034 XXIV
1474 1998 1621 2043 (1883)]

258 2043 298 2077 11
329 2042 389 2082 τὰς
414 2043 527 2078 initio
554 2054 658 2079 vere.
687 2054 762 2079 om.
789 2043 824 2078 D
1092 2044 1137 2079 12
1163 2048 1254 2091 post
1279 2047 1394 2081 τοίνυν
1421 2057 1496 2081 om.
1521 2046 1631 2092 αὐτὴν
1658 2047 1688 2082 Ε

259 2091 304 2125 15
330 2091 439 2135 ἤρατο
467 2091 498 2126 Ε
597 2091 642 2127 16
666 2092 713 2126 ἔτι
733 2090 813 2132 AR,
841 2093 903 2126 εἴτι
930 2092 1015 2138 W*p
1112 2093 1183 2128 ἔστι
1201 2092 1369 2140 prDi‚
1395 2094 1487 2130 ἐστιν
1503 2093 1550 2139 A,
1578 2106 1615 2130 v.
1635 2095 1688 2129 ad

258 2137 353 2173 XIII
381 2139 412 2182 1,
438 2138 460 2173 5
558 2139 603 2174 17
632 2142 721 2185 post
746 2139 882 2175 Εὐδοκ.
909 2139 1002 2175 add.
1027 2139 1135 2186 αὐτὴν
1161 2141 1192 2176 Ε

15 1038 31 1053 ‘⁴'

15 1163 22 1170 ο

13 1298 37 1332 ,ιδ

18 1401 22 1409 ,

7 1462 16 1475 -.·

6 1535 14 1546 Β
19 1547 22 1549 Α

6 1557 11 1566 A
23 1566 24 1569 ,

8 1666 15 1673 ,

0 2044 20 2076 55:

0 2076 10 2083 ι.

0 2090 15 2108 r

0 2119 8 2135 'A

5 2171 19 2179 ,.

2 2273 16 2289 a·
2 2250 22 2262 τ’·
0 2187 23 2242 ,Am

188 2234 426 2270 cruditionis
459 2234 695 2280 participem
728 2235 879 2271 variae.
932 2235 1044 2278 Quae
1075 2236 1156 2271 filia
1182 2236 1343 2272 Leontii
1370 2237 1579 2273 cuiusdam
1607 2238 1724 2285 phi-6

186 2281 342 2327 Iosophi
369 2280 537 2318 Athenis
565 2282 639 2318 orti
666 2281 861 2318 Athenais
893 2284 1190 2319 nominabatur.
1242 2283 1321 2321 Sed
1353 2288 1470 2331 pater
1502 2296 1592 2321 cum
1626 2285 1724 2322 co-7

186 2330 397 2375 gnovisset
435 2340 486 2365 ex
524 2330 708 2366 doctrina
746 2331 950 2366 fortunam
987 2331 1238 2377 splendidam
1275 2342 1363 2368 esse
1396 2333 1518 2368 filiam
1551 2343 1689 2370 conse—

187 2380 384 2422 cuturam,
426 2381 666 2413 testamento
699 2388 782 2414 rem
814 2388 927 2414 suam
956 2379 1193 2415 familiarem
1220 2379 1310 2415 filiis
1337 2381 1500 2426 reliquit
1528 2381 1688 2418 duobus

187 2424 362 2461 Vallerio
381 2428 421 2461 et
438 2424 625 2471 Genesin,
652 2426 758 2461 filiae
784 2429 919 2462 autem
948 2430 1109 2462 centum
1138 2437 1284 2463 aureos
1312 2428 1419 2463 solos
1446 2428 1533 2464 dari
1560 2429 1724 2474 iussit,8

188 2473 297 2518 quod
331 2473 418 2508 eius
452 2474 616 2509 fortuna
652 2475 687 2509 ei
722 2474 933 2510 sufficeret.
985 2474 1147 2510 Fratres
1178 2476 1304 2521 igitur
1336 2477 1579 2522 patrimonio
1611 2477 1723 2513 sibi9

188 2520 394 2556 vindicato
425 2519 692 2557 Athenaidem
726 2526 766 2557 et
796 2532 910 2557 suam
942 2523 1068 2568 ipsius
1096 2523 1320 2568 portionem
1349 2524 1621 2570 postulantem
1648 2529 1688 2561 et
1702 2525 1748 2561 10

189 2571 382 2612 orantem,
409 2579 461 2604 ne
487 2569 710 2605 secundum
738 2570 864 2616 patris
891 2573 1175 2606 testamentum
1202 2571 1396 2607 iniustum
1424 2576 1606 2618 agerent,
1635 2583 1686 2608 ex

188 2615 306 2651 domo
342 2617 462 2652 etiam
498 2618 745 2663 expulerunt
778 2620 960 2664 paterna.
1013 2617 1209 2664 Suscepta
1246 2622 1378 2654 tamen
1413 2630 1437 2654 a
1468 2624 1686 2656 matertera
1702 2621 1742 2656 11

186 2665 225 2698 et
251 2662 402 2709 CpolIm
431 2665 629 2710 perducta
646 2665 899 2701 Pulcheriam
928 2666 1116 2712 precibus
1143 2666 1311 2702 adibant
1337 2677 1462 2702 causa
1488 2669 1685 2714 exposita.

4 2741 15 2755 ᾗ
185 2710 257 2746 Illa
284 2712 517 2758 conspicata
548 2713 748 2758 virginem
775 2713 1085 2759 pulcherrimam
1113 2717 1152 2749 et
1178 2717 1313 2750 aetate
1339 2715 1548 2751 florentem
1567 2715 1747 2752 inter-12

0 2760 18 2800 -ἑ
185 2759 358 2804 rogavit,
394 2769 489 2795 num
518 2770 665 2806 expers
691 2760 823 2796 adhuc
851 2766 956 2797 essct
983 2762 1076 2806 viri3
1116 2772 1163 2797 eo
1197 2762 1361 2808 cognito
1389 2763 1569 2809 baptizat
1596 2774 1683 2799 eam
1700 2764 1746 2799 13

0 2807 19 2829 ‘³2
141 2807 148 2813 '
185 2806 303 2841 etiam
336 2809 419 2842 tum
453 2817 534 2842 non
567 2812 843 2844 consecratam
876 2812 1114 2855 mutatoque
1144 2810 1306 2845 nomine
1333 2810 1552 2846 Eudociam
1581 2811 1686 2847 hanc

186 2852 414 2889 Theodosio
434 2854 649 2901 despondit
668 2855 894 2891 diademate
917 2860 1100 2892 ornatam
1121 2860 1160 2893 et
1178 2856 1406 2903 Augustam
1426 2859 1684 2905 appellatam.

304 2901 390 2937 Hac
417 2912 547 2939 uxore
574 2903 697 2939 ducta
715 2903 970 2940 Theodosius
996 2904 1238 2940 Antiochum
1267 2906 1497 2942 eunuchum
1524 2907 1683 2953 regium
1701 2907 1744 2943 14

0 3090 10 3224 ἡ-·---*·“ι
10 3062 11 3067 Α
