2054 3282
573 248 809 288 BVLGARI
835 248 1061 287 THOMAM
1087 247 1370 288 INVADVNT.
1648 247 1719 286 345

220 373 434 417 πεόεύεται
476 373 582 417 κατὰ
619 374 669 417 τὰ
700 373 924 417 Κιὸόκτου.
985 378 1107 418 τοῦτο
1143 374 1216 418 τὸν
1253 374 1490 430 ἀποστάτην
1525 374 1718 430 ἒθρόησε.

220 444 367 498 κρίνας
398 443 444 486 δὲ
475 444 729 499 ἀσύμφορον
764 444 903 498 ἑαυτῷ
939 444 1027 499 ἅμα
1066 461 1109 486 τε
1145 443 1216 487 καὶ
1252 444 1491 500 πολιορκεῖν
1528 446 1600 488 καὶ
1635 451 1720 494 τοῖς
1734 442 1780 479 ¹8

221 513 485 568 Βουλγάροις
516 513 934 567 ἀντιστρατεύσασθαι
968 513 1251 570 (μερισθείσης
1281 513 1361 569 γὰρ
1393 515 1511 570 αὐτῷ
1540 520 1613 571 τῆς
1645 517 1718 558 δυ-

221 582 391 636 νάμεως
421 582 501 624 οὐκ
533 581 765 636 ἀξιόμαχον
796 581 944 624 ἑαυτὸν
976 582 1187 638 οὐδετέρῳ
1206 583 1420 638 τυγχάνειν
1440 583 1581 640 ᾤετο),
1613 580 1856 627 κατάΨῙῙῙ
1876 580 1945 616 112

186 653 307 692 5τῶν
330 650 592 704 Βουλγάρων
623 650 814 705 ἐχώρησε
843 650 963 692 παντὶ
992 655 1055 706 τῷ
1085 652 1355 706 στρατεύματι
1386 653 1458 695 καὶ
1488 654 1720 709 συμβαλὼν

222 720 385 775 ἡττᾶται
416 718 487 761 καὶ
516 718 697 766 πολλοὺς
727 718 806 774 μὲν
836 719 1061 774 ἀποβάλλει
1085 723 1171 762 τῶν
1192 721 1354 770 ἑαυτοῦ,
1386 721 1483 769 τοὺς
1501 722 1581 778 μὲν
1601 724 1718 778 φθα-

222 789 381 842 ρέντας,
413 786 510 834 τοὺς
541 787 587 830 δὲ
617 787 688 829 καὶ
719 787 904 835 ἁλόντας.
966 788 1057 830 ὅσοι
1090 789 1135 831 δὲ
1165 789 1237 831 τόν
1266 806 1309 832 τε
1338 791 1603 846 βαρβαρικὸν
1628 793 1718 835 ἀκι-
1735 788 1779 824 19

35 860 208 898 111396
222 857 356 911 νάκην
402 857 607 911 ἐξέφυγον
649 855 720 898 καὶ
765 856 840 911 τὴν
886 857 1176 912 αἰχμαλωσίαν
1223 859 1433 914 διέφυγον,
1479 859 1526 902 τὸ
1567 856 1764 915 μέλλονΟ

38 924 39 927 '
221 925 560 979 καραδοκοῦντες
590 925 815 980 ἡσύχαζον.
879 926 920 967 οῖ
950 925 1190 981 Βούλγαροι
1223 927 1268 970 δὲ
1298 927 1396 975 τοὺς
1426 926 1781 984 αἶχμαλώτους20

164 999 209 1035 10
221 994 293 1036 καὶ
323 994 434 1036 λείαν
464 993 622 1048 πολλὴν
653 993 903 1048 ἐπαγόμενοι
934 995 1208 1050 ἀνεζεύγνυον
1237 1001 1288 1052 τῇ
1308 997 1401 1053 νίκῃ
1424 998 1718 1053 γαυρούμενοι.

221 1063 374 1118 ταύτην
403 1062 477 1117 τὴν
508 1061 632 1118 ἧτταν
669 1067 743 1105 τοῦ
781 1063 1016 1105 ἀποστάτου
1054 1064 1156 1106 ὅσον
1194 1065 1241 1107 ἐκ
1279 1069 1352 1107 τοῦ
1397 1065 1545 1108 στόλου
1589 1067 1719 1109 αὐτοῦ
1732 1064 1777 1100 21

222 1132 519 1186 περιελέλειπτο
541 1131 729 1187 ἕγνωκὸς
749 1131 858 1186 πρὸς
877 1132 950 1174 τὸν
970 1132 1144 1188 Μιχαὴλ
1166 1133 1462 1189 ηὐτομόλησεν.
1519 1135 1563 1176 ἐν
1583 1135 1719 1177 τοιού-
1733 1133 1780 1169 22

221 1217 307 1247 τοις
337 1201 383 1243 δὲ
413 1202 438 1243 ὁ
468 1201 671 1255 τύραννος
701 1201 887 1256 γεγονὼς
917 1202 988 1243 καὶ
1018 1202 1150 1258 πάντῃ
1183 1203 1479 1258 ἕξασθενήσας,
1513 1204 1635 1259 ὅμως
1665 1206 1720 1247 ἔτι

221 1274 295 1312 τοῦ
325 1270 563 1324 πολιορκεῖν
594 1270 674 1312 οὐκ
706 1270 917 1325 ἀφίστατο,
962 1270 1064 1312 ἀλλὰ
1100 1271 1234 1326 μηδὲν
1273 1272 1417 1314 ἀνύων
1453 1271 1720 1313 ἀπανίσταται

164 1342 208 1379 15
221 1338 299 1393 μὲν
329 1343 402 1394 τῆς
438 1338 712 1392 προσεδρείας
749 1343 821 1394 τῆς
857 1339 1033 1388 πόλεως,
1077 1340 1211 1382 ἄπεισι
1249 1339 1294 1382 δὲ
1328 1340 1605 1395 πορρωτέρω,
1649 1339 1724 1381 καί

220 1422 308 1449 τινα
328 1406 458 1449 τόπον
478 1406 617 1461 εὑρὼν
642 1407 870 1462 ἐπιτήδειον
901 1407 945 1449 ἕν
974 1407 1111 1462 τούτῳ
1141 1408 1331 1462 βάλλεται
1361 1409 1544 1463 χάρακα,
1577 1408 1717 1450 κάκεῖ·
1748 1463 1754 1468 ι

220 1476 298 1518 θεν
325 1475 580 1531 ὁρμώμενος
610 1476 789 1530 ἐληίζετο
819 1480 892 1531 τῆς
921 1476 1087 1523 πόλεως
1117 1476 1165 1518 τὰ
1191 1477 1415 1531 προάστεια
1437 1477 1509 1518 καὶ
1528 1475 1602 1524 τὰς
1621 1476 1717 1518 τού-

219 1559 306 1586 των
342 1544 527 1599 ἒκεράιζε
565 1544 746 1599 χάριτας.
809 1545 966 1600 ἐπῆλθε
1003 1546 1139 1588 τοίνυν
1181 1545 1318 1600 τούτῳ
1356 1546 1381 1588 ὁ
1418 1546 1604 1600 Μχαήλ,
1647 1545 1719 1587 καὶ
1731 1546 1778 1582 23

219 1613 361 1669 μάχης
403 1613 758 1668 συγκροτηθείσης
801 1614 842 1655 οἱ
883 1617 956 1655 τοῦ
994 1613 1135 1669 Θωμᾶ
1173 1614 1339 1662 ἑκόντες
1382 1615 1620 1670 ἐτράπησαν
1661 1614 1768 1661 sis-D

294 1751 311 1787 1
340 1752 508 1787 κιὸόκτου
534 1750 570 1787 Α
596 1751 649 1796 (v.
676 1752 728 1787 ad
754 1751 826 1787 XV
847 1752 901 1797 18,
916 1753 964 1798 5),
991 1754 1173 1799 κηὸόκτου
1194 1754 1304 1800 pr,
1331 1755 1544 1800 Κηὸούκτου
1571 1753 1718 1790 Genes-

294 1810 332 1844 p.
356 1798 415 1844 42,
440 1799 474 1844 6,
505 1799 685 1846 Theoph.
711 1803 816 1835 cont.
844 1811 880 1846 p.
907 1801 964 1844 65,
991 1801 1046 1846 12,
1075 1801 1190 1838 Cedr.
1218 1801 1410 1847 (Scylitz.)
1436 1802 1474 1837 II
1500 1813 1538 1848 p.
1564 1802 1621 1845 86,
1647 1801 1671 1837 4

293 1846 317 1883 2
341 1846 401 1882 καὶ
427 1851 518 1893 post
542 1861 578 1882 τε
604 1858 678 1883 om.
705 1846 801 1883 DDz·
931 1849 954 1884 4
979 1849 1102 1885 ἑαυτὸν
1127 1861 1227 1885 corr.
1255 1861 1305 1885 ex
1331 1850 1446 1895 ἑαυτῷ
1471 1850 1507 1885 Α
1628 1851 1719 1895 post

294 1894 383 1930 κατὰ
409 1905 569 1930 erasum
597 1898 657 1931 est
681 1895 747 1941 γὰρ
773 1897 813 1932 in
842 1896 870 1931 B
973 1897 996 1932 5
1021 1903 1071 1942 τῷ
1099 1909 1173 1934 οῐη.
1202 1897 1237 1932 D
1335 1898 1357 1932 6
1383 1898 1522 1943 ἡττᾶται
1550 1895 1718 1943 prDi,

294 1943 460 1988 ἡττᾶσθαι
476 1941 510 1978 Α
591 1942 657 1987 μὲν
670 1944 782 1988 prius
798 1955 872 1980 om.
888 1943 979 1980 ODi
1061 1945 1082 1980 7
1097 1950 1187 1991 post
1200 1946 1276 1980 ὅσοι
1292 1946 1331 1981 δέ
1345 1946 1436 1981 add.
1451 1959 1489 1990 γε
1506 1945 1604 1991 pr
1683 1959 1718 1980 τε

295 2001 370 2025 om.
397 1989 426 2026 C
500 1991 522 2025 8
548 1993 640 2026 mite
666 1991 837 2037 ἐξέφυγον
863 1992 955 2027 add.
975 1991 1094 2031 CDw:
1120 1993 1181 2028 καὶ
1206 1993 1268 2039 τὴν
1293 1994 1537 2039 αἰχμαλωσίαν
1611 1993 1717 2028 καὶ-

294 2038 461 2083 διέφυγον
489 2037 660 2082 om.AR,
687 2038 778 2075 add.
794 2038 984 2086 BEwpDi
1062 2040 1085 2075 9
1110 2041 1295 2086 εἰσύχαζον
1322 2041 1409 2087 (Sic)
1435 2040 1470 2076 A
1548 2041 1590 2075 1‘2
1614 2040 1718 2086 ἔγνω-

293 2085 357 2125 κὸς
377 2083 544 2131 prDi‚
563 2085 732 2131 ἐγνωκὼς
750 2085 819 2122 ΑΕ
916 2088 1048 2127 τούτοις
1067 2088 1102 2123 D
1203 2089 1246 2124 13
1264 2088 1303 2124 δὲ
1324 2099 1398 2124 om.
1419 2088 1454 2124 D
1554 2088 1598 2123 14
1615 2088 1718 2123 ε’παύ-

292 2146 376 2169 σατο
403 2132 499 2179 Ewp
646 2138 737 2179 post
760 2133 847 2170 ἀλλὰ
873 2134 964 2170 add.
991 2136 1052 2171 καὶ
1076 2136 1181 2176 αὖθις
1207 2136 1305 2183 pr
1455 2136 1499 2172 16
1525 2137 1653 2181 τρόπον
1681 2135 1717 2171 D

220 2264 397 2300 indutias
416 2275 505 2300 cum
524 2264 662 2301 Leone
682 2267 844 2310 fecerat,
871 2266 1062 2303 Romanis
1080 2268 1243 2312 amicus,
1271 2268 1375 2303 ultro
1395 2268 1603 2314 suppetias
1629 2267 1718 2312 regi

221 2313 342 2356 venit,
381 2313 521 2348 castris
550 2313 601 2348 ad
629 2312 838 2349 Cidoctum
871 2314 1023 2350 locatis,
1074 2315 1132 2350 Ea
1158 2326 1222 2351 res
1249 2315 1495 2351 desertorem
1526 2315 1717 2351 turbavit.

219 2358 320 2395 Nam
341 2369 431 2396 cum
451 2370 472 2396 e
491 2371 534 2396 re
553 2371 633 2396 non
652 2371 740 2397 esse
760 2364 922 2407 putaret
939 2362 1056 2398 simul
1077 2366 1116 2398 et
1135 2363 1278 2399 urbem
1306 2364 1537 2409 oppugnari
1561 2365 1600 2398 et
1626 2372 1717 2398 eum
1733 2360 1778 2396 18

220 2406 407 2453 Buigaris
426 2407 618 2453 dimicari,
638 2408 747 2454 quod
766 2409 905 2444 divisis
923 2410 1048 2455 copiis
1067 2411 1221 2446 neutris
1240 2422 1313 2456 par
1332 2411 1446 2454 foret,
1469 2414 1611 2447 contra
1629 2410 1718 2445 Bul-

220 2465 343 2501 garos
369 2465 459 2491 cum
487 2459 570 2491 toto
597 2457 776 2492 exercitu
806 2461 866 2492 est
891 2458 1097 2503 profectus
1116 2468 1338 2504 pugnaque
1357 2459 1568 2494 commissa
1587 2458 1718 2493 victus

220 2502 366 2538 multos
391 2513 554 2539 suorum
585 2505 727 2546 amisit,
754 2506 897 2550 partim
917 2516 1068 2550 caesos,
1095 2506 1238 2551 partim
1258 2509 1407 2552 captos.
1459 2506 1533 2548 Qui
1561 2516 1659 2541 vero
1680 2508 1718 2541 et
1734 2504 1777 2539 19

220 2550 486 2586 barbarorum
502 2562 636 2587 ensem
653 2552 883 2598 effugerant
897 2556 936 2588 et
956 2554 1242 2599 captivitatem,
1264 2555 1567 2600 exspectatione
1582 2563 1717 2589 rerum

221 2598 449 2633 suturarum
465 2600 650 2644 suspensi
666 2600 940 2645 quiescebant.
967 2600 1145 2646 Buigan,
1161 2601 1331 2647 captivis
1347 2607 1386 2637 et
1399 2612 1548 2647 magna
1564 2601 1717 2647 praeda
1731 2600 1778 2635 20

221 2644 411 2690 adducta,
426 2645 518 2682 elati
535 2647 703 2682 victoria
718 2651 982 2683 recesserunt.
1012 2649 1068 2684 Ea
1084 2648 1198 2684 clade
1213 2648 1428 2685 desertoris
1445 2650 1610 2694 cognita
1621 2649 1717 2684 clas·
1730 2647 1773 2683 21

221 2693 275 2727 sis
298 2693 384 2728 eius
403 2693 597 2739 reliquiae
615 2694 667 2729 ad
685 2694 918 2731 michaelem
938 2696 1186 2732 defecerunt.
1226 2697 1282 2732 Eo
1301 2707 1435 2733 rorum
1455 2700 1563 2732 statu
1583 2700 1716 2742 tyran·
1730 2694 1776 2730 22

221 2749 308 2783 nus,
324 2741 397 2776 etsi
407 2741 494 2776 eius
504 2742 612 2777 vires
621 2742 803 2788 undique
813 2744 1110 2787 minuebantur,
1127 2748 1261 2779 tamen
1275 2745 1327 2780 ab
1341 2745 1551 2780 obsidione
1562 2755 1643 2779 non
1659 2755 1716 2780 re-

221 2787 401 2832 cedebat,
427 2788 509 2831 sed,
536 2798 625 2824 cum
646 2800 696 2825 ne
717 2794 799 2826 tuin
820 2791 980 2836 quidem
1001 2792 1216 2837 quicquain
1237 2793 1460 2837 proficeret,
1488 2792 1635 2827 omissa
1653 2802 1716 2827 ur-

221 2834 282 2870 bis
301 2836 606 2881 oppugnatione
632 2837 794 2882 longius
813 2838 994 2874 abscedit
1013 2843 1052 2874 et
1070 2839 1200 2874 locum
1220 2839 1421 2884 quendam
1442 2844 1715 2885 opportunum

220 2888 363 2919 nactus
390 2883 537 2919 vallum
566 2886 785 2921 communit
811 2891 933 2931 atque
959 2886 1053 2922 inde
1079 2886 1316 2922 suburbana
1335 2887 1471 2933 diripit
1494 2897 1715 2933 eorumque

221 2930 504 2967 amoenitatem
531 2936 675 2968 vastat.
726 2931 805 2970 Sed
831 2932 1025 2970 Michaeie
1055 2944 1146 2970 eum
1186 2944 1383 2981 aggresso
1422 2935 1716 2981 commissaque
1729 2934 1775 2970 23
