2054 3282
580 242 932 289 CONSTANTINI
956 241 1257 288 comvelvM.
1604 242 1675 287 28¹7

177 375 326 424 τεύσας
353 377 478 432 μέχρι
507 374 827 431 Χρυσοπόλεως
861 372 1002 429 ἦλθεν.
1063 373 1088 415 ὁ
1120 372 1167 416 δὲ
1197 373 1515 419 Κωνσταντῖνος
1551 370 1675 426 στρά-
1691 375 1738 411 14

177 460 308 500 τευμα
338 445 515 500 πέμψας
543 444 619 500 τὴν
648 444 796 498 λίμνην
816 441 962 496 Βανῆς
983 438 1035 483 δι’
1068 441 1197 483 αὐτοῦ
1229 441 1421 495 κατέσχε’
1454 439 1525 482 καὶ
1555 444 1677 482 τοῦτο

177 513 388 568 μαθόντες
409 514 450 555 οἱ
465 513 644 568 Ἄραβες
665 511 914 554 σπείσασθαι
930 509 1153 564 Ῥωμαίοις
1172 510 1389 565 ᾐτήσαντο.
1426 508 1679 554 ἀπελθόντες
1693 514 1738 549 15

179 580 256 623 οὖν
286 582 328 624 οῖ
355 585 441 624 τῶν
471 585 628 624 κοινῶν
659 579 861 634 διοικηταὶ
889 578 999 632 πρὸς
1033 578 1105 620 τὸν
1129 579 1312 633 Ἀαρών,
1356 578 1422 620 ἴνα
1459 577 1679 631 συνθήκας
1693 582 1723 620 C

141 651 396 706 ὃποιήσωσι,
440 650 512 692 καὶ
552 649 612 705 μὴ
658 649 950 704 φροντίσαντες
987 647 1194 702 πρότερον
1233 646 1425 702 ὁμήρους
1459 649 1546 687 τῶν
1575 641 1677 700 παρ’

178 718 350 765 ἐκείνοις
392 718 635 773 ἀναγκαίων
677 718 828 772 λαβεῖν,
872 716 1189 771 κατεσχέθησαν
1223 712 1324 770 παρ’
1357 715 1487 757 αὐτοῦ
1524 714 1596 756 καὶ
1633 714 1678 756 ἐν

176 787 324 834 πέδαις
353 788 685 843 καθείρχθησαν.
747 787 850 828 ὅθεν
880 786 1123 840 βιασθέντες
1154 785 1194 826 οἱ
1222 787 1472 838 κρατοῦντες
1494 782 1561 825 διὰ
1581 782 1679 830 τοὺς
1697 789 1739 824 16

178 855 385 910 ἄρχοντας
415 855 667 908 ἐσπείσαντο,
709 855 958 908 συνθέμενοι
988 853 1154 909 φόρους
1186 853 1346 895 διδόναι
1375 856 1461 898 τοῖς
1482 851 1678 907 Ἄραψιν.

178 924 220 965 οῖ
246 923 326 979 μὲν
356 922 433 966 οὖν
463 924 530 966 ἐπὶ
558 923 764 970 τοιαύταις
795 923 1028 978 συνθήκαις
1049 923 1285 970 ἀνέζευξαν.
1348 921 1374 976 ἡ
1398 921 1444 963 δὲ
1463 921 1679 975 βασίλισσα
1695 927 1751 963 17.

120 990 383 1034 1οἘλπίδιον
412 991 485 1034 τὸν
513 992 731 1046 πατρίκιον
761 990 992 1046 στρατηγὸν
1011 990 1204 1037 Σικελίας
1228 990 1562 1045 προεχειρίσατο·
1595 989 1679 1031 εἶτα

177 1060 381 1114 μαθοῦσα
418 1061 479 1103 ὅτι
514 1060 564 1102 τὰ
599 1064 686 1102 τῶν
716 1059 949 1114 Καισάρων
979 1063 1139 1115 φρονεῖ,
1185 1059 1332 1101 ἔστειλε
1370 1058 1467 1105 τοὺς
1503 1058 1680 1107 ἄξοντας

179 1127 341 1171 ἐκεῖθεν
371 1129 509 1171 αὐτόν.
569 1133 655 1171 τῶν
687 1129 733 1171 δὲ
763 1128 1032 1170 Σικελιωτῶν
1060 1127 1120 1182 μὴ
1153 1126 1560 1181 παραχωρησάντων
1594 1130 1679 1172 τοῖς
1694 1133 1739 1170 19

179 1197 353 1240 σταλεῖσι
390 1197 532 1253 λαβεῖν
566 1197 639 1240 τὸν
663 1197 885 1251 Ἐλπίδιον,
930 1197 956 1251 ἡ
988 1195 1150 1251 Εἰρήνη
1190 1196 1323 1250 θυμῷ
1362 1195 1571 1250 ληφθεῖσα
1604 1195 1679 1250 τὴν

18 1270 166 1309 Π359
179 1265 339 1307 ἐκείνου
371 1270 547 1320 γυναῖκα
578 1266 650 1308 καὶ
685 1266 783 1313 τοὺς
820 1265 976 1312 παῖδας
1011 1265 1243 1319 μαστίξασα
1281 1264 1354 1305 καὶ
1395 1267 1481 1306 τῶν
1523 1267 1728 1319 τριχῶνΙ)

119 1341 165 1378 15
178 1334 417 1390 ἀφελομένη
450 1335 494 1376 ἐν
523 1340 585 1389 τῷ
615 1335 862 1390 πραιτωρίῳ
892 1334 1108 1388 καθεῖρξε·
1151 1330 1242 1374 κατ’
1284 1332 1443 1374 ἐκείνου
1477 1332 1522 1374 δὲ
1553 1332 1675 1374 ε’κπέ-
1689 1340 1737 1376 20

177 1418 324 1458 πομφε
355 1403 602 1458 στράτευμα,
633 1404 837 1458 εὐνοῦχον
861 1403 1002 1448 αὐτοῖς
1033 1401 1285 1456 ἐπιστήσασα
1315 1404 1401 1443 τῶν
1423 1401 1680 1443 πιστοτάτων

179 1471 295 1526 αὐτῇ.
355 1471 557 1526 πολέμων
588 1471 634 1513 δὲ
665 1474 854 1526 συνεχῶν
893 1471 1145 1525 γενομένων,
1189 1470 1376 1524 τρέπεται
1414 1469 1439 1511 ὁ
1471 1469 1679 1516 Ἐλπίδιος
1692 1478 1735 1514 21

178 1538 250 1582 καὶ
279 1539 443 1594 ἀπέδρα
474 1540 532 1587 εἰς
551 1539 757 1595 Ἀφρικὴν
787 1539 859 1581 καὶ
888 1542 974 1586 τοῖς
989 1538 1148 1594 Ἄραψι
1170 1538 1509 1594 προσεχώρησεν.
1571 1539 1620 1580 οἱ·
1633 1538 1679 1581 δὲ
1691 1546 1739 1583 22

178 1705 201 1742 9
224 1706 303 1752 περὶ
327 1710 389 1743 τοῦ
412 1709 598 1752 πατρικίου
625 1706 858 1753 (πατριάρχου
885 1704 928 1750 C)
951 1706 1128 1742 Ἐλπιδίου
1155 1705 1219 1743 CE

252 1862 272 1898 l
298 1861 408 1909 ἦλθεν
433 1860 603 1910 prDi,
627 1862 717 1910 ἦλθε
741 1861 789 1909 Α,
815 1873 854 1900 v.
881 1863 935 1900 ad
959 1861 1057 1899 XIII
1084 1862 1116 1909 1,
1142 1862 1165 1899 ὅ
1351 1861 1375 1899 3
1398 1860 1581 1909 ρωμαίους
1610 1861 1678 1900 CD

250 1910 284 1947 5.
310 1911 334 1946 6
357 1910 514 1956 ὁμήρους
542 1915 634 1958 post
657 1911 776 1958 λαβεῖν
802 1910 831 1948 C
951 1911 984 1947 6.
1012 1912 1033 1947 ’ἲ
1058 1911 1096 1947 ἐν
1119 1911 1242 1950 πέδαις
1267 1909 1414 1957 AEwp‚
1441 1911 1617 1956 δεσμῶται
1645 1911 1677 1948 Ο

250 1957 273 1994 9
297 1958 507 2000 συνέζευξαν
523 1959 566 2003 Ε,
593 1958 774 2001 ἀνέζευξεν
792 1958 840 2003 D,
868 1970 970 1996 corr.
986 1959 1054 1998 Dw
1150 1959 1286 2006 βασιλὶς
1305 1958 1337 1995 O
1435 1959 1480 1995 13
1497 1959 1678 2005 λ.φθεῒσα

253 2003 303 2049 D,
328 2006 460 2053 suppl.
486 2020 508 2052 η
535 2005 604 2045 Dw
721 2006 766 2043 14
789 2007 927 2043 ἐκείνου
954 2012 1044 2054 post
1062 2008 1263 2061 μαστίξασα
1290 2007 1387 2053 Ewp
1500 2007 1544 2043 15
1571 2006 1604 2043 δ’
1630 2007 1678 2053 p*

251 2054 389 2090 invitis
405 2053 515 2090 ΑΒΝ
615 2054 659 2090 16
683 2054 894 2101 ἕπιστήσασα
911 2054 1081 2102 prDz,
1105 2050 1293 2100 ἐπιστήσας
1317 2053 1354 2090 Α
1448 2054 1624 2091 πιστάτων
1641 2055 1677 2090 D

249 2101 515 2186 lxslnyiwintffgoev
541 2101 571 2139 C
693 2103 739 2139 18
763 2103 878 2149 ἄραψι
902 2102 984 2149 AO,
1014 2103 1176 2149 ἅρραψιν
1201 2103 1244 2148 Ε,
1270 2103 1407 2150 ἄραψιν
1433 2102 1530 2150 w*p,
1557 2114 1594 2139 V.
1624 2102 1678 2139 ad

397 2176 406 2195 ἲ

180 2308 457 2359 Chrysopolim
482 2321 614 2359 nsque
640 2316 912 2359 processerim
939 2316 1080 2349 contra
1106 2321 1225 2359 quem
1245 2310 1532 2350 Constantinus
1559 2312 1680 2350 misso
1697 2314 1742 2351 14

180 2360 364 2396 exercitu
390 2359 522 2396 Banes
561 2361 748 2407 paludem
778 2361 1012 2407 occupavit3
1054 2371 1135 2406 quo
1162 2360 1319 2396 Arabes
1345 2361 1511 2406 cognito
1538 2371 1680 2406 pacem

179 2416 204 2443 a
238 2406 430 2443 Romanis
473 2409 716 2454 petiverunt.
775 2408 1036 2454 Magistratus
1074 2409 1210 2454 igitur,
1251 2408 1346 2444 dum
1385 2419 1467 2443 non
1503 2410 1680 2454 acceptis
1696 2410 1742 2447 15

180 2455 292 2501 prius
316 2454 536 2492 illustribus
570 2466 621 2492 ex
649 2467 698 2492 ea
723 2461 847 2503 gente
874 2456 1083 2492 obsidibus
1110 2456 1162 2491 ad
1189 2456 1402 2500 Aaronem,
1442 2460 1486 2491 ut
1512 2466 1603 2492 cum
1631 2467 1680 2492 eo

180 2503 495 2548 paciscerentur,
521 2504 685 2548 abeunt,
712 2505 858 2540 retenti
885 2508 925 2540 et
950 2505 991 2539 in
1018 2504 1182 2539 vincula
1208 2505 1379 2539 coniecti
1406 2507 1510 2540 sunt.
1546 2504 1681 2546 Quare
1697 2506 1741 2542 16

179 2551 308 2586 coacti
335 2551 555 2597 imperator
593 2555 633 2587 et
658 2552 893 2598 imperatrix
930 2555 1096 2598 propter
1132 2552 1395 2597 magistratus
1422 2561 1562 2597 pacem
1589 2562 1679 2587 cum

179 2596 385 2634 Arabibus
410 2599 606 2644 fecerunt,
643 2600 838 2635 tributum
868 2599 1042 2646 polliciti.
1105 2599 1166 2634 Illi
1204 2600 1329 2645 igitur
1367 2609 1416 2635 ea
1442 2599 1681 2636 condicione
1696 2602 1740 2638 17

180 2645 462 2682 discesserunt.
513 2646 672 2693 Regina
705 2658 802 2683 vero
835 2657 926 2683 cum
962 2646 1162 2693 Elpidium
1202 2647 1428 2693 patricium,
1467 2656 1586 2692 quem
1625 2646 1681 2683 Si·
1696 2649 1741 2686 18

181 2692 296 2729 ciliae
321 2696 549 2739 praetorem
577 2699 748 2738 crearat,
781 2694 1025 2732 Caesaribus
1051 2694 1215 2730 studere
1242 2695 1514 2741 cognovisset,
1539 2694 1679 2730 reduci

179 2741 306 2777 iussit.
356 2741 482 2783 Quem
511 2743 606 2788 quia
633 2740 755 2779 Siculi
782 2753 806 2778 a
838 2742 983 2788 legatis
1010 2743 1101 2788 capi
1141 2752 1223 2778 non
1250 2742 1448 2786 sinebant,
1475 2742 1594 2779 Irene
1620 2743 1680 2779 ira
1698 2744 1741 2781 19

180 2788 334 2834 percita
347 2798 519 2825 uxorem
545 2789 650 2826 illius
675 2793 715 2826 et
742 2790 889 2826 liberos
904 2790 1044 2836 flagris
1058 2800 1198 2825 caesos
1227 2792 1267 2826 et
1282 2800 1395 2826 rasos
1419 2790 1459 2825 in
1474 2800 1679 2826 carcerem

180 2836 482 2882 praetorianum
517 2838 689 2874 coniecit
726 2841 766 2874 et
791 2838 1015 2874 exercitum
1043 2842 1184 2873 contra
1210 2838 1320 2874 illum
1347 2837 1463 2882 misit,
1503 2838 1679 2883 quodam
1693 2841 1742 2876 20

180 2893 232 2919 ex
258 2883 499 2921 fidelissimis
524 2885 607 2921 suis
633 2885 830 2921 eunuchis
856 2886 891 2922 ei
912 2886 1154 2932 praeposito.
1205 2885 1366 2922 Crebris
1391 2895 1490 2922 vero
1517 2886 1680 2932 proeliis
1693 2887 1738 2925 21

181 2931 402 2969 commissis
436 2932 677 2981 profligatus
707 2933 885 2981 Elpidius
922 2934 964 2970 in
991 2933 1170 2970 Africam
1206 2933 1258 2970 ad
1284 2932 1442 2970 Arabes
1474 2934 1680 2985 conmgit3
