2054 3282
552 202 769 241 ZENONIS
796 200 995 240 OBITVS.
1045 197 1369 237 ANASTASIVS
1397 199 1424 235 1.
1670 198 1737 234 133

236 327 541 382 σφοδροτάταις
573 326 745 381 δόκησιν
775 329 859 371 τοῖς
890 325 1046 379 ὁρῶσιν
1077 324 1140 370 ὡς
1177 323 1354 377 τέθνηκε
1390 325 1620 376 παρασχεῖν
1666 321 1738 362 καὶ

236 398 374 443 οὕτως
417 395 631 450 ἐντεθῆναι
673 399 735 449 τῷ
772 394 897 448 τάφῳ
940 393 1012 435 καὶ
1049 393 1094 434 ἓν
1130 391 1250 446 αὐτῷ
1284 391 1480 433 τεθνάναι
1518 390 1738 444 γοώμενον

235 465 307 507 καὶ
337 464 434 511 τοὺς
465 464 644 510 οἰκείους
675 462 1032 517 ἀνακαλούμενον,
1064 465 1136 516 τῆς
1151 460 1372 515 Ἀριάδνης
1401 460 1538 514 μήτινι
1569 475 1735 513 συγχω-

237 534 396 589 ρούσης
433 534 594 582 ἀνοῖξαι
629 531 676 574 τὸ
712 536 859 586 μνῆμα
896 533 922 586 ἢ
961 530 1072 576 ὅλως
1113 528 1367 583 ἐπιστροφὴν
1411 527 1572 570 ἐκείνου
1614 528 1735 583 ποιή-

200 606 223 643 5
238 604 407 645 σασθαι.

363 671 488 714 Οὕτω
521 670 567 712 δὲ
602 669 809 716 θανόντος
847 668 1089 722 οἰκτρότατα
1123 667 1340 723 Ζήνωνος,
1385 667 1410 721 ἡ
1438 665 1633 720 Ἀριάδνη
1667 664 1737 707 τὸν
1751 664 1778 706 3
1794 667 1829 702 D

238 741 420 795 Δίκορον
456 739 724 782 Ἀναστάσιον
767 738 1038 792 σελεντιάριον
1082 738 1194 785 ὄντα,
1240 739 1326 778 τῶν
1371 735 1647 790 χαμαιζήλων
1692 734 1738 776 δὲ

236 814 357 852 τοῦτο
389 808 656 863 ἀξιωμάτων,
701 809 758 854 εἰς
788 807 862 861 τὴν
892 806 1102 861 βασιλείαν
1133 806 1327 861 ἀνήγαγε,
1372 805 1521 859 γνώμῃ
1559 803 1631 847 καὶ
1666 808 1739 859 τῆς

237 879 459 933 γερουσίας
488 877 558 919 καὶ
586 881 659 919 τοῦ
682 876 1000 930 στρατεύματος,
1039 874 1269 930 Οὗρβικίου
1291 878 1364 916 τοῦ
1386 873 1596 927 εἷκτομίου,
1628 873 1737 927 μέγα

181 951 224 986 lO
236 948 325 990 τότε
357 947 607 1002 δυναμένου,
646 945 963 990 σπουδάσαντος
994 945 1051 990 εἰς
1081 943 1155 998 τὴν
1185 943 1333 985 τούτου
1366 942 1605 997 ἀνάρρησιν.
1668 940 1736 982 Δί-
1751 944 1775 980 2

236 1033 367 1071 κορος
407 1012 444 1058 δ’
483 1014 666 1057 ἐκαλεῖτο
706 1014 730 1055 ὁ
762 1013 1040 1067 Ἄναστάσιος,
1086 1012 1146 1054 ὅτι
1190 1012 1393 1067 ἀνομοίας
1436 1010 1630 1065 ἀλλήλαις
1665 1009 1739 1057 τὰς

236 1085 369 1140 κόρας
400 1084 482 1139 εἶχε
511 1087 598 1125 τῶν
629 1082 890 1138 ὀφθαλμῶν·
937 1085 986 1136 τῇ
1016 1081 1094 1136 μὲν
1126 1081 1206 1135 γὰρ
1238 1080 1290 1136 ἧν
1320 1080 1367 1122 τὸ
1398 1083 1554 1135 χρῶμα
1585 1079 1736 1134 μελάν-

235 1170 366 1208 τερον,
398 1155 424 1209 ῆ
458 1153 504 1195 δὲ
520 1151 627 1194 λαιὰ
659 1150 768 1205 πρὸς
798 1151 845 1192 τὸ
874 1151 1153 1205 γλαυκότερον
1175 1150 1474 1206 ἔχρωμάτιστο.
1535 1149 1737 1204 μέλλοντα
1751 1152 1774 1187 3

238 1223 284 1265 δὲ
315 1223 545 1278 στεφθῆναι
577 1220 704 1263 αὐτὸν
735 1220 944 1275 ἀπῄτησεν
976 1221 1190 1274 ἔγγραφον
1221 1219 1449 1274 ὁμολογίαν
1469 1223 1542 1274 τῆς
1562 1219 1738 1264 πίστεως

181 1293 223 1328 ¹5
237 1292 308 1333 καὶ
339 1295 412 1334 τοῦ
443 1292 540 1346 μήτι
570 1293 852 1344 παρακινῆσαι
883 1292 968 1330 τῶν
999 1293 1071 1343 τῆς
1103 1288 1324 1344 ἐκκλησίας
1356 1288 1582 1342 δογμάτων
1611 1287 1636 1329 ὁ
1656 1302 1737 1328 πα-

236 1361 434 1416 τριάρχης
464 1360 701 1415 Εὐφήμιος.

355 1428 475 1472 Μετὰ
507 1428 587 1483 γὰρ
612 1427 822 1481 Ἄκάκιον,
855 1427 1053 1468 κάκιστον
1083 1430 1168 1472 τοῖς
1199 1426 1484 1481 ὀρθοδοξοῦσι
1516 1424 1965 1479 γενόμενον4Ρ1154Α

235 1498 304 1540 καὶ
343 1498 417 1553 τὴν
456 1497 678 1552 ἐκκλησίαν
715 1497 782 1551 ἔτη
822 1495 1107 1550 κατεσχηκότα
1144 1495 1246 1537 δέκα
1277 1494 1386 1549 πρὸς
1416 1498 1503 1541 τοῖς
1534 1492 1636 1535 ἑπτὰ
1667 1493 1739 1535 καὶ

235 1566 434 1621 θανόντα,
472 1566 684 1621 Φραβίτας
714 1564 1028 1620 κεχειροτόνητο
1059 1564 1334 1619 πατριάρχης,
1374 1563 1587 1618 ὄμόδοξος
1611 1562 1737 1604 Ἀκα-

236 1680 259 1714 6
282 1679 441 1725 βασιλεία
462 1678 681 1714 Ἀναστασίου
707 1682 768 1713 τοῦ
794 1678 951 1722 Δικόρου
978 1675 1118 1712 ACDE
1233 1676 1279 1712 10
1303 1677 1387 1712 ὅθεν
1413 1676 1558 1721 δι’κορος
1582 1675 1740 1711 ἐκαλεῖτο

236 1728 257 1762 ὁ
277 1726 493 1766 Ἂναστάσιος
519 1725 582 1763 ΟΕ
682 1726 726 1762 17
750 1725 832 1769 περὶ
855 1729 1086 1770 πατριαρχῶν
1113 1723 1176 1761 CE

308 1835 331 1870 2
356 1840 429 1874 ταῖς
454 1838 505 1869 τῶ
530 1833 577 1877 D,
605 1844 707 1869 corr.
734 1834 830 1879 αὐτῷ
857 1833 926 1871 Dw
1054 1833 1077 1868 3
1103 1833 1370 1878 συγχουρούσης
1396 1832 1499 1878 pr
1621 1830 1644 1866 4
1669 1831 1740 1866 ε’πι-

308 1882 468 1928 στροφὴν
495 1882 586 1921 ὅλως
612 1881 643 1916 Β
742 1882 762 1918 7
789 1880 1034 1925 σελεντιάριον]
1062 1892 1099 1916 ν.
1119 1881 1283 1916 Fabroti
1302 1880 1544 1926 glossarium
1566 1879 1739 1915 Cedreni

310 1930 346 1965 II
374 1942 410 1976 p.
437 1930 506 1965 936
615 1929 859 1975 χαμαιζήλων]
887 1940 924 1964 ν.
952 1929 1116 1964 Rosium
1145 1927 1292 1964 Kaiser
1315 1926 1564 1964 Anastasius
1591 1927 1610 1962 1
1636 1926 1740 1962 Diss.

310 1979 449 2023 inaug.
467 1977 555 2013 Hal.
575 1976 669 2014 Sax.
690 1977 782 2013 1882
809 1989 845 2023 p.
860 1977 882 2013 9
909 1987 1002 2012 ann.
1021 1977 1044 2011 6
1135 1977 1167 2011 9.
1184 1977 1230 2012 10
1254 1977 1328 2011 τότε
1344 1976 1433 2021 μέγα
1451 1976 1483 2010 Ε
1582 1975 1628 2010 10
1653 1975 1740 2010 ἐκεί-

309 2040 372 2061 νου
387 2025 488 2071 pr
589 2026 631 2060 11
659 2025 805 2070 ἀνομίας
819 2025 866 2069 D,
894 2035 995 2060 corr.
1011 2024 1079 2063 Dw
1180 2024 1235 2059 11.
1256 2023 1300 2059 12
1326 2023 1399 2069 εἶχε
1425 2023 1484 2063 τὰς
1504 2025 1615 2068 κόρας
1641 2023 1740 2068 pr

312 2074 356 2109 14
382 2074 576 2119 στεφθῆναι
603 2092 646 2098 -
675 2073 720 2108 15
745 2073 828 2119 μήτι
857 2084 932 2108 om.
961 2072 991 2107 Ε
1135 2072 1180 2108 15
1205 2077 1267 2118 τῆς
1292 2072 1482 2117 ἐκκλησίας
1507 2070 1588 2114 ΑΕ,
1613 2071 1742 2116 ἔκκλη-

311 2162 500 2194 σιαστικῶν
527 2156 624 2203 pr
761 2157 805 2193 17
830 2157 1038 2202 ὄρθοδόξοις
1063 2156 1166 2194 EDw
1314 2156 1359 2191 18
1383 2135 1441 2199 ἔέἦ
1468 2155 1516 2200 D,
1543 2165 1646 2190 corr.
1672 2154 1741 2193 Dw

359 2206 603 2251 κατεσχηκότα
628 2203 845 2251 AEwap,
873 2205 1148 2250 τετυραννηκότα
1174 2203 1206 2240 Ο
1306 2203 1350 2239 19
1375 2204 1561 2249 ὄμοδόξως
1587 2203 1618 2238 Ε

242 2315 361 2350 situm
388 2314 428 2349 in
452 2313 639 2359 sepulcro
658 2313 712 2348 ibi
731 2316 933 2348 mortuum
955 2323 1053 2356 esse,
1082 2311 1298 2347 eiulantem
1318 2321 1495 2356 suosque
1514 2313 1739 2353 vocantem,

242 2373 333 2398 cum
354 2361 534 2397 Ariadne
567 2361 664 2396 nulli
692 2360 934 2396 concederet
962 2360 1120 2406 aperire
1146 2363 1451 2395 monumentum
1479 2362 1551 2394 aut
1578 2358 1740 2394 omnino

244 2420 381 2446 curam
408 2409 513 2445 illius
540 2409 744 2444 adhibere.

360 2457 394 2493 3.
445 2457 605 2492 Zenone
633 2457 685 2492 ad
713 2457 817 2491 hunc
845 2456 1007 2491 modum
1035 2455 1255 2491 miserrime
1281 2458 1452 2498 mortuo,
1480 2453 1659 2489 Ariadne
1678 2453 1743 2488 Di-

245 2515 382 2541 corum
409 2503 681 2540 ANASTASIVM
709 2505 973 2539 silentiarium
1010 2503 1173 2544 (humile
1200 2507 1259 2538 est
1285 2503 1361 2537 hoc
1386 2504 1548 2545 munus)
1580 2501 1630 2537 de
1657 2512 1743 2537 sen-

245 2554 370 2589 tentia
396 2555 560 2588 senatus
584 2556 622 2588 et
641 2553 844 2588 exercitus
863 2552 914 2587 ad
934 2562 1105 2597 regnum
1127 2551 1274 2594 evexit,
1302 2560 1392 2585 eum
1412 2549 1600 2585 Urbicius
1619 2559 1743 2584 eunu-

246 2601 355 2644 chus,
396 2601 464 2646 qui
489 2601 656 2635 multum
685 2604 768 2636 tum
799 2600 939 2646 potuit,
976 2609 1139 2645 operam
1168 2598 1355 2642 dedisset,
1394 2601 1439 2633 ut
1464 2598 1497 2633 is
1524 2601 1742 2633 crearetur.

247 2648 418 2684 Dicorus
450 2651 585 2683 autem
620 2648 907 2683 nominabatur
933 2646 1184 2690 Anastasius,
1225 2645 1333 2691 quod
1365 2645 1623 2680 dissimilibus
1657 2644 1780 2680 erat2

247 2696 455 2732 oculorum
484 2705 537 2741 pu
569 2695 654 2739 illis,
682 2695 808 2731 altera
835 2696 1027 2741 nigriore,
1060 2695 1187 2730 altera
1215 2693 1266 2728 ad
1293 2693 1466 2729 colorem
1494 2692 1742 2739 glauciorem

248 2744 487 2779 declinante.
539 2706 618 2779 geel
653 2747 871 2788 antequam
907 2743 939 2777 is
978 2742 1207 2777 diademate
1248 2745 1473 2785 ornaretur,
1514 2740 1744 2786 patriarcha
1758 2740 1780 2773 3

249 2792 307 2827 Eu
339 2791 494 2826 hemius
520 2791 572 2826 ab
605 2800 652 2826 eo
684 2791 828 2837 petivit
862 2790 954 2826 fidei
991 2790 1284 2825 confessionem
1321 2789 1590 2834 conscriptam
1626 2791 1666 2823 et
1700 2791 1744 2823 ut

248 2838 313 2885 pol
331 2839 506 2874 iceretur
532 2848 574 2874 se
601 2838 754 2874 nullum
780 2838 974 2874 ecclesiae
1005 2838 1154 2884 dog-ma
1181 2847 1269 2873 esse
1297 2836 1554 2872 aboliturum.

360 2885 466 2921 Nam
506 2889 597 2932 post
629 2884 833 2931 Acacium,
874 2887 942 2933 qui
982 2886 1198 2932 pessimum
1237 2887 1378 2921 contra
1418 2883 1665 2920 orthodoxos
1702 2883 1781 2919 se4
