2054 3282
403 235 655 283 QVARTVM
679 236 867 278 LEONIS
892 237 1192 279 CONIVGIVM.
1243 236 1487 279 INSIDIAE.
1624 239 1695 280 447

194 360 247 404 ’τὸ
281 360 566 416 Ταυρομένιον
604 361 864 418 ἐξεπόρθησε
899 362 972 405 καὶ
1008 362 1082 418 τὴν
1123 367 1253 418 νῆσον
1293 364 1468 419 κατέσχε
1506 363 1695 419 Λῆμνον,

199 429 271 472 καὶ
300 429 433 484 πολλὴ
464 434 550 472 τῶν
581 430 831 484 ἀνθρώπων
861 431 905 472 ἒν
936 431 1076 478 αὐτοῖς
1106 432 1258 487 συνέβη
1291 431 1455 487 φθορά.

320 498 526 553 Προόδου
565 499 610 541 δὲ
648 498 754 541 κατὰ
792 499 867 554 τὴν
908 500 1190 555 πεντηκοστὴν
1232 501 1459 556 γενομένης
1500 505 1574 543 τοῦ
1616 502 1695 556 βα·
1712 505 1756 540 13

201 567 434 613 σιλεύοντος
469 568 527 613 εἰς
562 567 636 609 τὸν
673 571 747 609 τοῦ
787 568 907 622 ἁγίου
937 567 1125 611 Μωκίου
1163 568 1266 611 ναὸν
1301 568 1408 611 κατὰ
1445 569 1493 611 τὸ
1532 570 1635 616 ἔθος
1671 570 1696 612 ὖ

165 638 188 673 ὅ
199 635 391 690 βασιλεὺς
428 634 552 682 οὗτος
590 636 814 691 ἐποιήσατο
850 636 925 691 τὴν
965 637 1224 690 προέλευσιν·
1269 638 1344 679 καί
1381 654 1440 684 τις
1482 638 1565 694 ἤδη
1608 641 1696 684 ταῖς
1713 643 1756 677 14

200 705 372 758 κιγκλίσι
400 708 473 745 τοῦ
494 705 792 759 θυσιαστηρίου
814 709 887 746 τοῦ
909 705 1222 760 αὐτοκράτορος
1241 706 1541 761 πλησιάζοντος
1561 707 1694 762 ἐξώρ-

198 789 331 827 μησεν
369 773 417 814 ἔκ
454 777 528 814 τοῦ
564 774 768 827 ἄμβωνας
797 773 982 828 βάκτρον
1012 773 1115 827 μετὰ
1147 778 1289 829 χεῖρας
1319 775 1432 829 ἔχων
1461 775 1696 829 βαρύτατον

199 841 270 882 καὶ
308 841 414 883 κατὰ
452 835 526 896 τῆς
561 842 776 896 βασιλικῆς
817 842 1044 895 ἐπήνεγκεν
1086 842 1189 885 αι’ντὸ
1231 843 1439 898 κεφαλῆς·
1484 843 1555 884 καὶ
1597 859 1694 885 συν·
1711 849 1755 883 15

199 910 365 963 έτριψεν
394 911 447 951 ἄν
482 910 625 964 αὐτήν,
669 911 707 951 εἰ
732 910 792 964 μὴ
825 914 874 965 τῇ
905 911 1137 966 ᾐωρημένῃ
1169 911 1313 966 λυχνίᾳ
1343 911 1619 966 προσαράξαν
1648 911 1695 954 τὸ

141 980 188 1015 10
197 979 384 1032 βάκτρον
414 978 609 1033 ἀφῄρητο
640 979 765 1033 ταύτῃ
797 983 869 1033 τῆς
889 983 1138 1033 καταφορᾶς
1158 979 1232 1034 τὴν
1253 979 1532 1034 σφοδρότητα.
1591 981 1696 1026 τέως
1712 987 1754 1020 16
1782 986 1817 1021 D

201 1044 238 1087 δ’
273 1045 350 1087 οὖν
388 1046 490 1100 αἷμα
528 1051 600 1101 τῆς
635 1051 709 1088 τοῦ
747 1047 952 1101 βασιλέως
995 1047 1183 1103 κεφαλῆς
1225 1049 1461 1102 καταρρέον
1502 1048 1710 1103 θόρυβον

198 1118 283 1160 τοῖς
313 1115 514 1169 ἄρχουσιν
544 1115 797 1170 ἐνεποίησεν·
843 1115 902 1156 ὅτι
934 1113 972 1157 δ’
1005 1116 1057 1157 αὖ
1086 1120 1227 1171 παρῆν
1258 1117 1346 1157 ἐκεῖ
1366 1117 1640 1171 Ἀλέξανδρος
1670 1117 1695 1158 ὁ
1712 1123 1754 1159 17

197 1186 271 1223 τοῦ
302 1183 509 1237 βασιλέως
543 1183 817 1238 αὖτάδελφος,
862 1184 1072 1238 ὑπόληψις
1109 1184 1225 1238 παρὰ
1262 1188 1346 1230 τοῖς
1383 1185 1563 1227 πλείοσιν
1601 1186 1694 1226 ἕπε-

197 1251 379 1306 κράτησε
420 1255 493 1306 τῆς
535 1252 757 1307 ἐπιβουλῆς
794 1252 922 1294 αὐτὸν
959 1252 1018 1307 μὴ
1057 1251 1157 1294 εἶναι
1194 1253 1441 1307 ἀμὲθεκτον.
1503 1253 1528 1294 ὁ
1565 1253 1611 1295 δὲ
1648 1253 1695 1295 τὸ
1711 1261 1755 1295 18

138 1323 184 1358 15
198 1319 390 1374 τόλμημα
428 1321 607 1374 ποιήσας
644 1320 844 1374 βασάνοις
886 1320 1143 1375 ὗποβληθεὶς
1185 1321 1256 1362 καὶ
1298 1322 1460 1376 μηδένα
1503 1322 1695 1376 μηνύσας

197 1387 415 1441 συνίστορα
460 1391 601 1442 χεῖρας
644 1388 867 1443 ἀπετμήθη
911 1389 982 1430 καὶ
1023 1389 1161 1434 πόδας
1202 1389 1274 1430 καὶ
1317 1389 1432 1435 τέλος
1470 1389 1693 1445 παρεδόθη
1711 1397 1903 1433 W111144

195 1456 307 1510 πυρί.
369 1455 394 1497 ὁ
433 1456 480 1498 δὲ
514 1456 703 1511 μοναχὸς
733 1456 921 1511 Μάρκος
958 1457 982 1497 ὁ
1013 1457 1060 1498 τὸ
1097 1457 1349 1512 τετραῴδιον
1391 1462 1466 1500 τοῦ
1508 1458 1693 1513 μεγάλου
1709 1467 1754 1502 19

21 1533 53 1565 Ζι-
196 1524 410 1579 σαββάτου
447 1525 758 1579 ἀναπληρώσας
796 1526 878 1579 ἔφη
917 1525 1071 1579 παρὼν
1100 1526 1210 1580 πρὸς
1239 1526 1311 1568 τὸν
1341 1527 1510 1581 βασιλέα
1543 1527 1694 1569 “resno

195 1663 219 1699 3
243 1664 293 1698 ὅτι
320 1663 357 1700 ἓν
382 1669 425 1710 τῇ
446 1664 495 1703 εἷς
520 1663 578 1699 τὸν
602 1664 702 1710 ἅγιον
728 1664 882 1700 ῘΙῙώκιον
907 1664 1110 1709 προελεύσει
1144 1664 1277 1711 ἐπλήγη
1303 1666 1325 1700 ό
1346 1664 1512 1712 βασιλεὺς
1544 1664 1607 1711 τὴν
1638 1680 1694 1701 κε-

195 1711 491 1804 ῗίαὲεήέοὲτδιὲφ.
515 1713 537 1747 ὅ
559 1713 641 1758 βασ.
668 1712 714 1757 Ε)
740 1711 804 1748 CE
936 1713 978 1748 17
1004 1713 1084 1758 περὶ
1109 1717 1168 1758 τῆς
1191 1714 1426 1759 προρρήσεως
1451 1718 1512 1748 τοῦ
1535 1718 1694 1759 μοναχοῦ

271 1878 288 1914 1
317 1879 451 1926 λήμνον
476 1879 563 1921 (sie)
588 1878 625 1915 A
721 1878 744 1915 2
766 1878 857 1915 πολὺ
883 1878 931 1924 D,
958 1889 1061 1916 corr.
1080 1879 1148 1918 Dw
1246 1881 1371 1926 φθορᾶ
1396 1880 1478 1924 ΕΙ),
1505 1891 1606 1918 corr.
1625 1880 1693 1919 Dw

270 1927 294 1961 3
318 1926 504 1972 γενομένης
530 1928 642 1973 Awp,
668 1929 850 1973 γινομένης
876 1926 1050 1972 RDwDi,
1076 1928 1258 1973 γινομένου
1278 1929 1437 1974 punctis
1455 1932 1638 1965 notatum
1659 1929 1693 1964 D

269 1974 291 2009 4
318 1979 409 2021 post
433 1975 515 2014 ἔθος
541 1975 633 2011 add.
659 1975 720 2010 καί
746 1975 815 2011 Rw
939 1974 973 2010 4.
999 1975 1023 2011 5
1047 1975 1148 2015 οὗτος
1173 1976 1194 2010 ὁ
1207 1978 1287 2022 βασ.
1310 1975 1339 2012 C
1436 1977 1459 2011 6
1484 1978 1637 2022 κιγκνίσι
1658 1977 1693 2011 Ι)

269 2022 292 2058 7
315 2021 403 2067 μετὰ
428 2021 622 2068 AEwpDi
647 2023 700 2067 (v.
716 2022 770 2057 13-
844 2021 949 2059 nist.
965 2023 1120 2059 Unters.
1132 2023 1165 2070 f.
1182 2024 1451 2059 rav-‚eremana
1477 2024 1584 2070 Lips.
1603 2025 1693 2059 1894

271 2079 307 2116 1).
332 2070 380 2115 5),
407 2070 462 2105 ἐπὶ
488 2070 520 2106 Ο
652 2070 675 2105 9
699 2070 947 2116 προςαρράξιιν
973 2070 1040 2105 Ew
1058 2082 1080 2115 i,
1108 2081 1144 2106 v.
1172 2071 1224 2106 ad
1250 2071 1345 2107 XIII
1373 2073 1405 2116 7,
1432 2073 1455 2107 8
1586 2073 1632 2107 10
1657 2073 1694 2107 τὸ

269 2119 510 2163 σφοδρότατον
535 2118 631 2163 Ewp
769 2118 814 2153 10
838 2117 936 2164 τέως]
963 2117 1000 2153 τὸ
1026 2081 1058 2154 ὁ
1194 2119 1238 2154 1‘2
1263 2118 1302 2154 δὲ
1328 2119 1357 2155 C
1487 2120 1532 2155 13
1556 2120 1635 2164 περὶ
1663 2120 1693 2155 Ε

272 2166 316 2200 18
340 2166 485 2211 βασιλέα
510 2170 626 2201 τοῦτο·
654 2164 702 2212 p*

197 2306 341 2331 norum
367 2295 506 2331 classis
530 2294 847 2331 Tauromenium
879 2295 1056 2331 vastavit
1081 2298 1120 2331 et
1145 2293 1342 2331 Lemnum
1380 2295 1551 2332 insulam
1578 2305 1692 2332 occu·

197 2345 321 2390 pavit,
347 2344 496 2390 quibus
522 2343 620 2379 locis
644 2343 755 2379 multi
784 2342 964 2378 homines
990 2343 1209 2389 perierunt.

316 2391 402 2427 Rex
435 2396 570 2427 autem
597 2401 688 2427 eum
715 2391 755 2426 in
782 2395 1015 2437 pentecoste
1040 2392 1079 2426 in
1107 2389 1145 2427 S.
1172 2390 1288 2427 Mocii
1324 2391 1466 2427 aedem
1505 2391 1555 2427 de
1581 2402 1693 2428 more
1709 2394 1752 2429 13

197 2440 464 2486 supplicatum
492 2440 569 2475 iret
594 2439 755 2484 iamque
793 2439 958 2475 sacrm-ii
992 2438 1179 2474 cancellis
1211 2439 1570 2485 appropinquaret,
1609 2441 1753 2485 qui-14

198 2487 290 2523 dam
325 2497 377 2523 ex
413 2487 585 2523 umbone
621 2487 811 2532 prodiens
851 2486 1040 2522 baculum
1078 2486 1375 2532 gravissimum,
1412 2496 1532 2532 quem
1572 2487 1693 2523 mani·

198 2535 274 2570 bun
296 2535 496 2581 gestabat,
530 2535 639 2579 regis
666 2535 787 2580 capiti
814 2535 999 2580 impegit3
1037 2533 1147 2580 quod
1173 2534 1293 2580 plane
1318 2534 1578 2579 contudisset,
1616 2535 1691 2570 nisi
1708 2537 1752 2573 15»

197 2583 315 2618 luetis
332 2582 575 2628 dependenti
596 2582 742 2627 lychno
760 2582 886 2617 illisus
904 2582 1120 2617 maximam
1140 2582 1219 2617 vim
1238 2582 1447 2618 amisisset.
1498 2582 1692 2619 Proeeres
1708 2586 1752 2621 16

195 2639 287 2666 cum
316 2629 557 2676 sanguinem
583 2640 606 2666 e
633 2631 764 2676 capite
790 2630 899 2675 regis
923 2635 1153 2666 manantem
1181 2629 1376 2672 viderent.
1404 2629 1552 2666 turbati
1581 2634 1693 2675 sulm

196 2682 236 2713 et
276 2679 372 2723 quia
397 2678 522 2713 frater
548 2678 635 2713 eius
660 2677 894 2713 Alexander
931 2677 1010 2713 illie
1041 2687 1120 2712 non
1147 2676 1301 2722 aden-at,
1340 2677 1450 2723 apud
1477 2677 1691 2723 plerosque
1708 2679 1751 2716 17

195 2726 372 2772 suspicio
398 2725 569 2761 invaluit
594 2735 687 2761 eum
713 2725 949 2761 insidiarum
989 2725 1112 2761 fuisse
1139 2734 1220 2761 non
1247 2729 1466 2770 expertem.
1516 2723 1597 2762 Sed
1623 2726 1690 2771 qui
1708 2728 1752 2762 18

195 2772 236 2808 id
264 2774 420 2808 facinus
443 2782 568 2808 ausus
589 2778 687 2817 erat,
715 2773 1022 2818 ‹manationibus
1039 2772 1243 2808 adhibitus
1260 2772 1370 2809 nullo
1389 2773 1550 2808 conscio
1570 2773 1691 2809 nomi—

196 2824 305 2863 nato,
341 2820 512 2867 pedibus
550 2825 589 2856 et
628 2821 815 2856 manibun
852 2821 1082 2866 amputatis,
1119 2821 1159 2855 in
1200 2820 1336 2866 ignem
1374 2823 1435 2856 est
1472 2821 1690 2857 coniectus.

196 2867 248 2903 At
275 2866 433 2904 Marcus
470 2869 703 2911 monachus,
741 2869 809 2914 qui
850 2868 1092 2904 teti-andium
1125 2868 1262 2913 magni
1289 2868 1448 2903 sabbati
1476 2868 1690 2915 supplevit,
1709 2871 1751 2906 19

196 2919 281 2953 tum
307 2926 499 2963 praesens
524 2915 674 2952 “Rex''
698 2917 829 2963 iuquit
852 2916 992 2951 ''ismul
1018 2926 1043 2951 a
1070 2915 1228 2952 Davide
1263 2916 1512 2963 praedietmn
1546 2921 1605 2953 ent
1631 2916 1691 2954 his
