1968 3302
389 223 786 271 CONSTANTINVS
811 223 1026 268 MAGNVS
1051 223 1230 267 RERVM
1256 223 1497 267 POTI'I'VR.
1674 224 1697 266 3

190 356 298 399 ὥστε
334 356 406 398 καὶ
443 356 683 411 σκώμματα
720 351 811 397 κατ’
850 353 980 396 αὐτοῦ
1017 354 1274 409 πεποιῆσθαι
1311 353 1396 395 ὑπό
1427 369 1564 396 τινων.
1613 352 1732 408 ‹inp-&9

190 426 237 468 δέ
266 442 367 468 ποτε
397 425 760 479 ἀντιπαρετάξατο,
795 423 997 478 γοητείαις
1026 423 1289 477 κεχρημένος
1312 422 1383 463 καὶ
1407 419 1458 464 δι’
1482 423 1697 478 ἀνατομῆς

187 495 365 550 βρεφῶν
394 493 706 549 μαντευόμενος
737 492 808 534 καὶ
839 493 942 534 ἄλλα
974 492 1170 547 πράττων
1196 492 1388 546 ἀθέΙιιιτα,
1421 493 1447 533 ἃ
1482 492 1578 538 δέος
1609 493 1695 534 ἕνε-

186 564 295 605 ποίει
315 569 376 618 τῷ
399 562 719 616 Κωνσταντίνῳ.
768 562 1001 615 ἀγωνιῶντι
1032 565 1135 615 γοῦν
1168 560 1235 602 διὰ
1267 565 1395 602 ταῦτα
1426 561 1557 607 τύπος
1578 561 1696 615 αὐτῷ
1713 565 1757 600 10

153 632 412 687 5σταυρικὸς
449 631 662 686 μεσούσης
698 631 861 685 ἡμέρας
901 630 952 670 δι’
993 630 1166 683 ἀστέρος
1204 629 1339 683 ἐφάνη
1378 626 1469 670 κατ’
1510 628 1740 683 οὗρανὸνΒ

189 701 260 743 καὶ
292 701 435 755 γραφὴ
468 699 563 754 περὶ
593 699 665 740 τὸν
694 698 876 753 σταυρὸν
892 698 1146 752 Ῥωμαϊκοῖς
1168 698 1394 752 στοιχείοις,
1430 694 1480 738 δι’
1505 697 1695 752 ἀστέρων

188 769 259 811 καὶ
291 769 431 815 αὗτοῖς
468 769 744 822 τυπουμένοις
781 767 853 808 καὶ
890 767 1125 821 φράζουσιν
1156 766 1237 808 “ἒν
1268 766 1404 821 τούτῳ
1436 766 1583 808 νίκα”.
1646 766 1693 807 ἔκ
1710 772 1752 807 11

188 842 349 893 χρυσοῦ
386 839 524 879 τοίνυν
562 838 708 878 αὐτίκα
754 836 976 890 σχεδιάσας
1020 835 1202 889 σταυρὸν
1245 835 1351 876 κατὰ
1394 834 1466 876 τὸν
1510 835 1693 889 φανέντα

187 907 318 948 τύπον
355 907 473 961 αὐτῷ
509 907 581 948 καὶ
616 910 763 948 τοῦτον
800 906 999 951 κελεύσας
1036 910 1108 959 τῆς
1145 908 1335 958 στρατιᾶς
1366 905 1496 946 αὐτοῦ
1527 920 1692 959 προπο-

130 983 176 1018 10
188 975 400 1030 ρεύεσθαι,
448 979 532 1022 τοῖς
563 979 636 1016 τοῦ
669 975 908 1023 Μαξεντίου
941 975 1221 1028 συρρήγνυται
1253 973 1324 1015 καὶ
1354 974 1582 1028 ὑπερτερεῖ,
1630 973 1693 1019 ὡς

186 1043 284 1090 τοὺς
313 1044 480 1090 πλείους
511 1047 597 1085 τῶν
628 1041 698 1086 ὑπ’
733 1044 880 1098 ἐκείνῳ
913 1044 1257 1097 στρατευομένων
1278 1043 1563 1097 ἀναιρεθῆναι,
1595 1041 1692 1088 τοὺς

188 1113 233 1154 δὲ
264 1112 435 1159 λοιποὺς
467 1113 524 1159 εἰς
555 1112 695 1167 φυγὴν
727 1112 897 1154 ἀπιδεῖν.
951 1111 1013 1157 οἷς
1038 1111 1109 1152 καὶ
1131 1111 1258 1157 αὐτὸς
1279 1111 1303 1152 ὁ
1337 1110 1571 1159 Μαξέντιος
1593 1126 1690 1152 συν-
1707 1118 1752 1153 12

187 1181 518 1236 αποόιόράσκων
550 1182 621 1223 καὶ
653 1182 696 1223 ἕν
733 1186 782 1236 τῇ
821 1180 986 1235 γεφύρᾳ
1025 1180 1249 1234 γενόμενος
1285 1184 1359 1221 τοῦ
1395 1180 1610 1235 Τιβέριόος
1640 1184 1691 1235 τῇ

186 1250 426 1305 καλουμένῃ
460 1250 664 1305 Βουλβίᾳ,
712 1250 787 1291 σὺν
823 1255 885 1303 τῷ
922 1250 1038 1303 ἵππῳ
1075 1248 1182 1290 κατὰ
1226 1253 1299 1290 τοῦ
1343 1252 1538 1303 ποταμοῦ
1583 1249 1688 1297 ἕξω-

128 1326 172 1362 15
185 1319 357 1374 λίσθησε
393 1319 464 1360 καὶ
501 1319 703 1361 ἀπώλετο.
765 1318 836 1360 καὶ
868 1318 892 1359 ὁ
922 1318 1000 1372 μὲν
1033 1318 1145 1359 οὕτω
1180 1317 1431 1372 διέφθαρτο·
1495 1318 1534 1359 οἱ
1566 1317 1614 1359 δέ
1645 1333 1690 1371 γε
1706 1325 1750 1361 13

180 1387 381 1442 Ῥωμαῖοι
411 1392 483 1442 τῆς
515 1388 676 1429 ἐκείνου
713 1387 959 1442 τυραννίδος
996 1387 1299 1441 ἀπαλλαγέντες
1336 1386 1409 1433 τὰς
1445 1387 1581 1434 πύλας
1617 1391 1691 1442 τῆς

183 1518 208 1554 4
236 1518 316 1564 περὶ
347 1523 408 1554 τοῦ
441 1519 610 1564 φανέντος
640 1524 691 1564 τῷ
722 1519 863 1565 μεγάλῳ
890 1519 1145 1564 Κωνσταντίνῳ
1178 1517 1224 1554 δι’
1257 1517 1413 1563 ἀστέρων
1446 1522 1597 1564 σταυροῦ
1626 1516 1689 1555 CE

183 1566 244 1602 καὶ
269 1568 366 1606 ὅπως
391 1567 548 1602 ἀπώλετο
574 1568 594 1600 ὁ
618 1566 814 1609 Μαξέντιος
842 1566 881 1612 C,
910 1566 1093 1613 διαφθορὰ
1118 1567 1320 1608 ΛῙαξεντίου
1347 1567 1379 1602 Ε

257 1697 276 1732 l
303 1696 364 1733 καὶ
390 1696 589 1742 σκώμματα
614 1696 691 1733 κατ’
716 1697 824 1733 αὐτοῦ
841 1697 1062 1733 πεποιεῒσθαι
1081 1697 1152 1733 ὖπό
1167 1711 1273 1733 τινων
1301 1695 1382 1742 ΑΕ,
1408 1696 1469 1733 καὶ
1486 1696 1688 1743 σκώμματα

256 1744 313 1781 διὰ
345 1749 446 1780 τοῦτο
480 1745 557 1780 κατ’
592 1746 698 1781 αὐτοῦ
733 1746 947 1792 πεποιῆσθαι
981 1746 1051 1781 ὑπό
1081 1759 1188 1781 τινων
1214 1745 1258 1791 R,
1297 1745 1358 1782 καὶ
1384 1746 1582 1791 σκώμματα
1609 1745 1686 1781 κατ’

255 1793 362 1829 αὐτοῦ
394 1794 464 1829 ὑπό
497 1807 600 1829 τινων
635 1793 692 1830 διὰ
724 1800 825 1830 τοῦτο
855 1795 1069 1839 πεποιῆσθαι
1095 1793 1143 1838 D,
1182 1794 1243 1829 καὶ
1275 1794 1335 1830 διὰ
1359 1799 1460 1830 τοῦτο
1486 1794 1687 1839 σκώμματα

254 1841 331 1876 κατ’
357 1842 466 1877 αὐτοῦ
484 1842 553 1877 ὑπό
571 1856 676 1877 τινων
692 1844 907 1888 πεποιῆσθαι
935 1853 998 1888 wp
1081 1842 1103 1877 3
1127 1842 1306 1877 ἒνεποιόυν
1332 1842 1432 1888 pr
1518 1843 1542 1878 4
1565 1842 1629 1878 οὖν
1656 1842 1687 1877 Ε

654 1904 707 1926 ων

254 1925 276 1961 ὅ
301 1925 444 1971 ἀστέρος
471 1925 517 1970 A,
542 1926 686 1972 ἀστέρος
714 1926 761 1971 D,
787 1927 943 1972 ἀστέρων
970 1926 1068 1972 pr
1088 1925 1144 1962 Di
1277 1927 1310 1962 6.
1339 1928 1359 1963 7
1410 1927 1470 1962 καὶ
1496 1926 1614 1967 αὐτοῖς
1641 1926 1686 1963 δι’

241 1974 410 2019 ’ἀστέρων
436 1974 467 2009 Ε
589 1975 612 2010 8
638 1975 824 2021 σχεδιάσας
850 1976 976 2011 αὐτίκα
1003 1975 1034 2010 Ε
1151 1975 1173 2010 9
1199 1980 1300 2011 τοῦτο
1327 1975 1362 2010 D
1472 1976 1685 2021 πορεύεσθαι

254 2021 301 2066 D,
329 2032 430 2058 corr.
458 2021 527 2060 Dw
642 2024 687 2059 10
710 2025 868 2069 μαξίμου
895 2023 943 2068 D,
972 2034 1073 2059 corr.
1095 2023 1183 2059 ead.
1203 2035 1253 2058 m.
1352 2024 1590 2070 συρρύγνηται
1611 2023 1687 2059 Dw

255 2071 298 2105 11
323 2070 464 2109 πλείους
490 2070 560 2106 AR
587 2072 652 2114 (ef.
680 2071 859 2118 Theoph.
887 2083 924 2118 p.
955 2071 1008 2116 14,
1036 2072 1072 2112 7)
1110 2073 1177 2108 Wo
1204 2072 1290 2107 lat:
1317 2073 1470 2108 maiore
1499 2099 1506 2107 .
1535 2099 1542 2107 .
1570 2075 1686 2118 part-e

255 2144 263 2152 .
279 2144 287 2153 .
315 2128 446 2163 caesa,
470 2119 651 2158 πλείστους
672 2119 756 2166 w*p
855 2120 992 2155 ἐκείνου
1011 2120 1113 2166 pr
1214 2120 1258 2155 12
1284 2126 1409 2166 φυγεῖν
1423 2120 1454 2155 Β
1555 2121 1600 2156 13
1626 2125 1686 2166 τῆς

253 2166 449 2212 τιβεριάὸος
465 2166 495 2201 Ε
606 2167 651 2202 14
674 2168 824 2214 βουλβία
850 2167 921 2203 AR
948 2172 987 2204 et
1014 2172 1207 2214 quattuor
1233 2169 1275 2213 P,
1305 2169 1429 2215 μιλβίᾳ
1453 2180 1536 2215 wp:
1563 2170 1684 2204 immo

250 2215 416 2260 μουλβίᾳ.
467 2213 546 2250 Sed
574 2226 610 2249 v.
637 2216 760 2250 vitam
787 2216 1063 2261 Metrophanis
1089 2220 1128 2252 et
1147 2215 1373 2253 Alexandri
1399 2228 1424 2252 a
1443 2216 1684 2253 Combefisio

253 2263 295 2298 in
326 2262 414 2298 hist.
447 2262 602 2298 haeres.
630 2262 844 2299 Monothel.
873 2264 1022 2299 editam
1049 2275 1086 2310 p.
1113 2264 1227 2301 5760
1260 2268 1299 2300 et
1325 2276 1350 2300 a
1375 2265 1520 2301 Photio
1548 2275 1685 2302 excer-

253 2313 363 2356 ptam
390 2321 427 2356 p.
442 2310 539 2349 470a
565 2311 611 2346 25
638 2311 764 2347 Bekk.
890 2312 934 2347 16
959 2311 1018 2350 τὰς
1031 2312 1142 2351 πύλας
1169 2333 1211 2338 -
1240 2324 1277 2358 p.
1293 2313 1326 2358 4,
1343 2314 1362 2348 1
1389 2313 1530 2348 ἀναπετ.
1559 2324 1634 2349 om.
1654 2313 1684 2348 E

182 2442 306 2487 deret,
334 2443 660 2480 cavillationibus
674 2455 698 2479 a
716 2445 920 2481 nonnullis
935 2446 1227 2482 incessebatur.
1267 2445 1346 2483 Sed
1365 2447 1529 2482 tandem
1548 2447 1684 2483 educit
1698 2447 1720 2482 9

182 2491 417 2536 exereitum,
444 2493 675 2538 praestigiis
702 2493 945 2539 quibusdam
971 2504 1070 2530 usus
1094 2500 1132 2529 et
1151 2498 1313 2541 praeter
1332 2495 1412 2530 alia
1430 2495 1611 2531 nefanda
1632 2505 1683 2531 ex

181 2539 396 2574 infantium
423 2539 665 2576 dissectione
693 2542 864 2587 captatis
888 2543 1084 2588 auguriis.
1136 2542 1291 2585 Quibus
1311 2542 1576 2579 Constantino
1598 2553 1684 2590 per·
1700 2542 1745 2578 10

181 2587 320 2623 territo
347 2591 387 2623 et
413 2588 548 2623 animo
575 2590 777 2624 aestuanti
804 2590 937 2635 figura
966 2591 1098 2626 crucis
1125 2591 1232 2626 circa
1251 2590 1459 2626 meridiem
1479 2591 1684 2628 delineata

181 2634 314 2671 sidere
339 2636 379 2670 in
407 2636 519 2671 eaelo
547 2638 738 2683 apparuit
772 2642 811 2672 et
843 2639 1045 2684 scriptura
1079 2639 1186 2673 circa
1219 2648 1381 2674 crucem
1407 2638 1601 2675 Romanis
1626 2639 1683 2675 lit-

181 2683 276 2718 teris
315 2687 354 2718 et
391 2684 478 2728 ipsa
517 2694 589 2729 per
627 2685 762 2721 stellas
795 2696 989 2732 expressa
1017 2697 1059 2722 IN
1085 2696 1168 2722 1100
1197 2687 1374 2733 νιΝυΕξῗξ
1388 2685 1528 2723 Statim
1556 2688 1741 2734 igiturll

182 2740 302 2766 eruce
329 2741 380 2766 ex
408 2741 508 2767 auro
536 2732 588 2767 ad
621 2734 791 2768 formam
826 2744 947 2779 quam
974 2735 1133 2770 viderat
1164 2736 1274 2769 facta
1304 2739 1343 2771 et
1375 2736 1574 2772 exercitui
1608 2746 1681 2771 suo

181 2778 381 2824 praelata,
429 2781 640 2815 commisso
680 2782 834 2827 proelio
875 2781 1124 2818 Maxentium
1166 2783 1308 2827 vincit,
1355 2784 1508 2819 maiore
1550 2785 1681 2830 copia·

181 2836 269 2862 rum
302 2826 406 2862 illius
442 2831 557 2873 parte
594 2838 724 2873 caesa,
764 2831 907 2865 ceteris
940 2831 981 2865 in
1015 2831 1154 2876 sugam
1188 2831 1328 2867 versis.
1379 2831 1488 2867 Inter
1515 2843 1616 2877 quos
1643 2832 1742 2868 et12

180 2875 267 2921 ipse
293 2874 523 2911 Maxentius
556 2879 718 2922 pontem
749 2877 928 2913 Milvium
968 2880 1212 2914 transiturus
1251 2888 1356 2925 equo
1399 2880 1512 2925 lapso
1552 2882 1591 2915 in
1619 2880 1682 2915 Ti-

181 2923 307 2959 berini
335 2924 627 2971 praecipitatus
653 2925 941 2972 sublimi-gitur.
995 2927 1041 2963 Et
1061 2927 1123 2962 liic
1142 2927 1247 2962 illius
1267 2929 1342 2964 l'uit
1361 2929 1505 2964 exitus.
1558 2928 1681 2964 Cuius
1698 2929 1742 2964 13
