1968 3302
835 256 1054 292 Praefatio.
1599 255 1695 292 XIX

311 376 524 420 Zeitschr.
558 377 586 420 l.
621 392 658 421 c.
692 393 733 435 p.
767 379 854 422 219
895 382 938 421 et
977 378 1134 422 Omont
1166 378 1447 421 Fae-similes
1486 379 1564 421 des
1602 393 1693 420 ma-

311 463 458 491 nuscr.
491 464 616 506 yrecs
649 452 775 494 dates
807 453 860 494 de
893 452 939 494 la
973 452 1072 494 bibl.
1103 453 1272 493 nation.
1303 450 1364 493 du
1395 452 1468 492 IX
1495 465 1555 493 aa
1579 451 1703 494 XIV

308 522 450 564 siecle.
515 524 652 566 Paris
687 525 800 566 1891
828 524 1023 580 planche
1055 524 1144 575 65).

367 594 446 643 Ar:
482 595 523 637 in
557 595 708 638 eodem
742 596 850 639 libro
883 609 1034 639 manus
1066 609 1216 638 recens
1249 597 1307 648 (v.
1340 596 1453 652 Bgesz.
1478 596 1693 638 Zeitschr.

307 665 334 707 l.
370 680 406 711 e.
438 681 479 722 p.
514 668 630 719 220).

215 736 274 780 R:
309 737 482 782 codices
523 741 783 784 recentiores
825 741 892 783 vel
931 754 1078 784 omnes
1110 740 1180 783 vel
1213 739 1452 796 complures
1472 741 1500 794 1,
1550 753 1573 782 e
1606 739 1694 794 qui-

306 810 383 853 bus
416 812 552 854 notati
585 817 681 855 sunt.

366 884 421 926 B:
456 884 799 929 vindobonensis
821 886 888 940 16,
922 899 1036 928 saec.
1061 885 1156 927 XV.
1181 898 1319 927 meum
1353 885 1396 926 in
1428 897 1549 928 usum
1573 898 1597 926 a
1620 883 1693 927 Se-

424 957 595 1012 gifredo
630 958 820 1001 Meklero
855 958 1035 1001 collatus
1069 959 1126 1012 (v.
1160 958 1187 999 l.
1222 971 1258 1000 c.
1292 971 1333 1013 p.
1368 957 1452 999 207
1474 958 1562 1009 55.)

364 1029 439 1084 131:
475 1043 526 1072 ca
559 1044 668 1084 quae
707 1031 846 1086 prima
885 1045 1035 1073 manus
1076 1044 1152 1086 per
1195 1043 1378 1072 errorem
1422 1032 1691 1084 exaraverat,

422 1116 499 1158 pro
534 1103 685 1157 quibus
721 1107 839 1146 reeta
873 1102 1018 1146 statim
1053 1102 1252 1145 restituit.

364 1173 436 1223 Rs:
471 1189 619 1218 manus
651 1189 812 1218 recens.

364 1246 450 1295 Bw:
484 1247 627 1289 Wolfii
660 1261 810 1291 manus
844 1249 902 1301 (v.
936 1248 962 1290 l.
998 1261 1034 1290 e.
1068 1261 1110 1303 p.
1144 1248 1262 1299 213).

363 1317 417 1360 O:
452 1319 722 1363 Monacensis
756 1320 856 1374 324,
891 1333 1004 1362 saec.
1038 1319 1128 1362 fere
1151 1320 1276 1361 XIII.
1301 1318 1359 1375 (P)
1386 1323 1483 1374 post
1508 1318 1689 1361 Dindor-

422 1390 519 1432 tium
545 1393 600 1443 (v.
627 1395 655 1433 t.
681 1392 731 1434 V.
757 1391 860 1434 edit.
881 1391 1078 1433 Dindorf.
1104 1405 1144 1447 p.
1165 1391 1229 1432 III
1246 1392 1319 1442 ss.)
1354 1405 1379 1433 a
1411 1404 1478 1433 me
1512 1390 1691 1433 collatus

421 1465 475 1516 (v.
512 1463 538 1506 l.
573 1477 610 1506 c.
644 1478 684 1520 p.
708 1464 795 1506 ,⁶203
814 1465 901 1517 ss.).

361 1535 448 1584 Cw:
482 1535 622 1579 Wolfii
655 1550 805 1578 manus
838 1537 895 1589 (v.
929 1536 955 1577 l.
991 1550 1027 1578 c.
1062 1550 1103 1592 p.
1137 1537 1255 1588 207).

361 1607 420 1649 D:
456 1608 726 1651 Monacensis
759 1609 830 1662 93,
864 1622 978 1651 saec.
998 1609 1116 1650 XVI.
1151 1623 1177 1650 a
1209 1621 1277 1651 me
1311 1607 1492 1650 collatus
1523 1609 1578 1660 (v.
1603 1607 1628 1649 l.
1651 1621 1687 1650 c.

418 1694 459 1735 p.
494 1681 582 1722 214
599 1682 662 1732 5.).

361 1751 452 1800 Dw:
487 1752 628 1795 Wolfii
662 1767 812 1796 manus
844 1755 900 1806 (v.
934 1753 960 1795 l.
996 1767 1032 1795 e.
1067 1767 1108 1809 p.
1143 1753 1262 1805 215).

358 1824 415 1866 Ε;
451 1824 719 1868 Monacensis
741 1825 842 1879 325,
876 1839 989 1868 saec.
1011 1826 1128 1868 XIV.
1153 1840 1178 1868 a
1209 1839 1275 1868 me
1299 1825 1481 1868 collatus
1515 1827 1572 1878 (v.
1596 1825 1623 1867 l.
1649 1838 1685 1868 c.

416 1910 457 1952 p.
493 1897 610 1949 213).

383 1985 448 2017 awt
485 1968 627 2011 Wolfii
662 1983 812 2013 manus
845 1971 903 2023 (v.
938 1970 964 2012 l.
999 1983 1036 2013 e.
1070 1985 1112 2026 p.
1146 1971 1264 2022 214).

209 2038 264 2081 O:
299 2054 530 2084 consensus
563 2041 758 2084 codicum
791 2042 920 2085 BCD.

208 2111 259 2153 P:
294 2111 476 2154 Parisini
511 2112 724 2168 Ducangii
759 2114 827 2156 vel
860 2128 1005 2157 omnes
1039 2115 1105 2157 vel
1138 2128 1260 2157 unus.

189 2183 263 2224 W:
297 2183 438 2226 Wolfii
473 2183 611 2226 codex
644 2198 755 2227 nune
788 2185 1039 2241 deperditus
1073 2185 1130 2242 (v.
1165 2201 1206 2242 p.
1242 2187 1338 2238 IX).

296 2254 643 2309 Quotiescunque
673 2256 841 2299 litterae
865 2257 1028 2300 codicis
1052 2271 1179 2313 supra
1203 2262 1267 2301 est
1290 2258 1483 2300 additum
1509 2273 1528 2301 s
1551 2259 1685 2311 (velut

175 2326 260 2380 E'),
295 2327 581 2370 testimonium
616 2342 698 2370 non
733 2335 797 2371 est
833 2334 1006 2383 eertum,
1042 2329 1119 2372 sed
1146 2344 1199 2372 ex
1223 2331 1407 2384 silentio,
1442 2336 1488 2373 nt
1512 2330 1681 2373 dicitur.

294 2399 397 2441 Cum
439 2399 578 2442 codici
618 2401 787 2443 litterae
830 2401 941 2444 infra
983 2401 1201 2444 adiectum
1235 2403 1289 2445 sit
1321 2417 1361 2444 m
1411 2403 1547 2455 (velut
1579 2403 1682 2459 Em),

174 2470 386 2526 scriptura
422 2471 545 2514 liuius
580 2473 675 2515 libri
708 2473 750 2514 in
784 2474 975 2528 margine
1009 2478 1163 2516 exstat.

294 2612 305 2636 ¹
333 2614 664 2661 Quotiescunque
700 2616 825 2662 igitur
860 2617 987 2652 solum
1026 2618 1190 2652 allatum
1226 2622 1286 2653 cst
1321 2619 1604 2664 compendium
1634 2619 1677 2664 R,

176 2677 286 2719 patet
313 2674 418 2709 banc
445 2676 686 2721 scripturam
711 2677 885 2712 inveniri
913 2678 951 2712 in
982 2679 1168 2713 omnibus
1195 2678 1402 2714 codicibus
1421 2679 1576 2725 BCDE3
1610 2681 1680 2716 sed

173 2743 263 2768 cum
293 2738 505 2779 praeterea
539 2735 680 2771 addita
715 2739 775 2771 est
807 2737 925 2772 lectio
957 2738 1078 2772 unius
1105 2740 1167 2773 vel
1200 2738 1374 2783 plurium
1403 2739 1595 2774 libroruin
1623 2751 1682 2775 re-

173 2794 409 2837 centiorum,
449 2795 617 2831 evidens
652 2800 711 2831 est
745 2797 987 2842 scripturam
1020 2798 1155 2843 priore
1182 2798 1269 2833 loco
1304 2799 1465 2834 allatam
1494 2801 1680 2836 omnibus

170 2853 210 2887 in
249 2854 458 2890 codicibus
493 2856 788 2891 recentioribus
829 2862 995 2892 exstare
1033 2859 1213 2903 exceptis
1252 2858 1309 2903 iis,
1350 2869 1522 2905 quorum
1562 2861 1678 2895 lectio

171 2913 320 2949 diserte
347 2914 542 2950 adiuncta
569 2919 638 2951 est.
697 2916 896 2958 Quocirca
923 2918 954 2953 si
982 2918 1186 2953 inveneris
1213 2918 1359 2964 τοῦργον
1386 2919 1430 2962 R,
1456 2919 1604 2965 τοῦργον
1634 2920 1674 2964 Β,

171 2976 229 3008 cst
254 2974 294 3008 in
322 2975 535 3020 propatulo
563 2976 710 3021 τοῦργον
739 2987 826 3013 esse
855 2981 1067 3013 exaratum
1099 2978 1137 3013 in
1165 2978 1277 3024 CDE,
1306 2978 1451 3024 τοῦργον
1477 2980 1516 3015 in
1545 2979 1587 3014 Β,
