2054 3282
329 222 400 258 510
690 218 869 259 ZONAR.
898 217 1027 257 EPIT.
1054 215 1143 255 XVI
1170 218 1226 264 26,
1255 218 1405 265 16-27,
1431 217 1463 256 7.

329 359 457 397 μενον
488 344 599 397 ἔχων
630 343 654 384 ὁ
686 342 1049 396 στρατοπεδάρχης
1079 340 1150 382 τὸν
1181 340 1390 395 λογισμόν,
1429 341 1503 395 τήν
1533 358 1574 382 τε
1604 341 1821 396 βασιλικὴν

330 411 497 466 ἐντολὴν
528 411 598 452 καὶ
628 410 699 452 τὸν
731 411 911 463 ὄλεθρον
942 413 1015 450 τοῦ
1039 409 1232 463 Βούρτζη
1265 410 1335 450 καὶ
1365 412 1450 450 τῶν
1475 409 1550 450 σὺν
1572 410 1687 463 αὐτῷ
1708 426 1818 464 τρια-

328 480 487 521 κοσίων
518 479 699 532 ἀνδρῶν,
741 478 860 518 ἔθετο
891 477 950 531 μὴ
985 478 1100 518 ἐᾶσαι
1131 478 1355 523 τοσούτους
1387 477 1544 532 ἄνδρας
1575 478 1820 532 ἀπολέσθαι,

328 548 398 590 καὶ
437 549 543 601 ἄρας
581 547 655 588 σὺν
691 546 810 587 παντὶ
847 551 907 599 τῷ
939 546 1207 600 στρατεύματι
1237 546 1487 600 προσβάλλει
1517 550 1566 601 τῇ
1593 546 1818 601 Ἂντιόχου.

272 621 314 656 17
327 616 397 657 καὶ
441 617 586 656 αὐτίκα
632 615 671 655 οἱ
712 614 790 668 μὲν
827 614 1016 668 πολέμιοι
1054 614 1317 667 παρείθησαν
1353 614 1425 660 τὰς
1461 618 1603 669 χεῖρας
1639 615 1709 656 καὶ
1747 615 1855 661 wig-5

326 684 480 738 «ψυχάς,
522 684 561 723 οἳ
593 683 637 723 δὲ
667 681 762 735 περὶ
792 681 863 722 τὸν
895 682 1115 736 Βούρτζην
1145 682 1216 723 καὶ
1247 682 1373 728 αὐτὸς
1403 683 1560 728 ἐκεῖνος
1590 683 1671 737 ἤδη
1704 683 1817 724 ἄπει-

327 752 500 806 ρηκότες
532 750 849 804 ἀνεζωώθησαν
880 750 950 791 καὶ
981 749 1030 791 τὰ
1061 751 1235 804 κλεῖθρα
1267 755 1353 792 τῶν
1382 751 1529 792 πυλῶν
1556 751 1580 791 ὁ
1603 751 1821 806 Βούρτζης

277 825 312 860 D
325 819 485 860 πελέκει
508 819 719 872 διακόψας
740 819 884 859 ἄνετον
905 820 1088 873 παρέσχε
1109 824 1170 873 τῷ
1194 819 1533 874 στρατοπεδάρχῃ
1555 819 1628 874 τὴν
1645 820 1820 868 εἴσοδον,

328 887 399 929 καὶ
421 889 446 942 ἡ
468 886 703 942 περιφανὴς
721 887 942 941 Ἀντιόχεια
976 887 1082 941 ῥᾷον
1114 889 1250 934 οὕτως
1280 888 1363 929 ὑπὸ
1384 888 1619 942 Ῥωμαίους
1651 888 1820 942 ἐγένετο.

269 957 350 997 188
381 961 442 1009 τῷ
473 956 634 1010 βασιλεῖ
661 955 861 1009 ἀγγελθὲν
893 955 1032 1009 ἄλγος,
1065 957 1117 997 οὗ
1143 956 1363 1010 χαρμονὴν
1392 956 1639 1011 ἐνεποίησεν,
1673 958 1819 1012 ἐμηνία
1837 960 1883 995 10

325 1040 368 1064 τε
398 1029 459 1078 τῷ
491 1024 831 1078 στρατοπεδάρχῃ
864 1024 935 1065 καὶ
970 1028 1031 1077 τῷ
1062 1023 1257 1079 Βούρτζῃ
1295 1029 1367 1079 τῆς
1405 1025 1593 1080 σπουδῆς
1635 1025 1705 1067 καὶ
1747 1030 1822 1068 τοῦ

326 1093 711 1147 ἀνδραγαθήματος
742 1092 925 1146 ἀμοιβὴν
954 1093 1162 1147 παρέσχεν
1192 1094 1332 1147 ὕβρεις
1367 1093 1438 1134 καὶ
1477 1094 1657 1148 ἀπειλάς,
1703 1094 1820 1149 ἀφεί-

325 1161 415 1202 λετό
452 1177 493 1202 τε
531 1161 660 1201 αὐτοῦ
698 1160 772 1214 τὴν
810 1161 944 1215 ἀρχὴν
982 1161 1052 1201 καὶ
1082 1160 1196 1215 παρὰ
1230 1166 1290 1215 τῷ
1322 1163 1428 1216 οἴκῳ
1458 1163 1594 1216 μένειν
1623 1162 1821 1217 ἆπρόῖτον

326 1229 562 1283 διωρίσατο.

254 1297 309 1340 27
443 1298 612 1352 Συνέβη
646 1298 693 1340 δέ
722 1314 756 1339 τι
787 1298 858 1339 καὶ
889 1298 1040 1352 ἕτερον,
1073 1299 1096 1339 ὃ
1127 1298 1198 1339 τὸν
1231 1298 1367 1353 δῆμον
1394 1297 1500 1339 κατὰ
1522 1302 1595 1340 τοῦ
1616 1299 1822 1354 βασιλέως
1836 1300 1880 1335 Ῑῖ)

290 1367 498 1422 2ἒξὲμηνε
537 1367 607 1408 καὶ
646 1366 752 1408 κατὰ
791 1370 864 1407 τοῦ
899 1367 1038 1421 δήμου
1068 1365 1140 1407 τὸν
1171 1366 1475 1420 αὐτοκράτορα.
1537 1367 1642 1408 κατά
1674 1383 1708 1408 τι
1738 1383 1818 1409 πα-

325 1434 442 1477 λαιὸν
473 1436 575 1482 ἔθος
606 1435 649 1477 ἓν
679 1440 755 1489 μιᾷ
786 1438 871 1476 τῶν
904 1435 1161 1476 δεσποτικῶν
1192 1435 1351 1488 ἑορτῶν
1382 1435 1439 1481 εἰς
1462 1434 1534 1477 τὸν
1555 1436 1599 1476 ἒν
1618 1439 1669 1491 τῇ
1690 1435 1819 1491 Πηγῇ

147 1494 312 1559 ffissloffl
325 1503 444 1545 θεῖον
486 1503 588 1545 ναὸν
630 1503 820 1558 πρόοδον
859 1503 1031 1544 ἐποιεῖτο
1069 1503 1093 1543 ὁ
1131 1502 1336 1557 βασιλεύς,
1380 1502 1451 1544 καὶ
1494 1504 1646 1558 συνέβη
1689 1504 1820 1558 μέσον

320 1571 551 1626 Ἀρμενίων
582 1572 652 1613 καὶ
683 1572 890 1626 πλωίμων
910 1570 1162 1625 φιλονεικίαν
1182 1571 1403 1625 προβῆναι,
1435 1571 1519 1612 κάκ
1541 1571 1690 1626 ταύτης
1713 1587 1817 1627 συμ-

327 1697 372 1733 15
396 1698 475 1743 περὶ
500 1702 560 1744 τῆς
583 1698 691 1743 μέσον
716 1702 786 1733 τῶν
808 1698 996 1742 Ἀρμενίων
1023 1698 1118 1743 (ἂρμ,
1135 1697 1178 1739 C)
1205 1698 1264 1733 καὶ
1291 1702 1361 1733 τῶν
1384 1698 1558 1743 πλωίμων
1581 1699 1816 1743 φιλονεικίας·

325 1745 386 1781 καὶ
411 1747 508 1784 ὅπως
533 1746 554 1780 o‘
578 1747 689 1792 δῆμος
715 1745 774 1781 διὰ
799 1747 924 1791 ταύτης
948 1745 1095 1791 ἐξεμάνη
1123 1745 1212 1782 κατὰ
1238 1750 1299 1780 τοῦ
1323 1746 1497 1791 βασιλέως
1524 1745 1553 1782 C

396 1864 419 1900 2
444 1864 629 1910 τριάκοντα
655 1865 686 1900 Ε
799 1865 821 1901 5
844 1865 1018 1911 βάρβαροι
1045 1865 1151 1901 OWO
1179 1865 1245 1900 lat.
1359 1869 1449 1911 post
1472 1866 1612 1910 παρείθ.
1639 1866 1731 1901 add.
1757 1866 1817 1901 καὶ

397 1913 494 1959 Ewp
592 1913 613 1948 7
639 1914 660 1947 ὁ
683 1913 865 1959 Βούρτζης
895 1923 969 1948 om.
989 1913 1024 1947 D
1122 1914 1144 1948 8
1170 1914 1349 1959 διακόψας
1365 1913 1502 1948 πελέκει
1527 1913 1555 1950 C
1653 1915 1699 1948 10
1723 1918 1817 1949 ante

397 1961 439 1996 οὐ
466 1960 557 1996 add.
583 1960 656 1996 ἀλλ’
684 1961 781 2007 pr
879 1961 1076 2006 ἐνεποίησεν
1102 1959 1270 2007 prDi,
1296 1961 1473 2006 ἐνεποίησε
1491 1960 1575 2006 AD,
1603 1973 1639 1997 V.
1655 1962 1707 1996 ad
1720 1961 1817 1996 XIII

397 2009 430 2053 1,
445 2008 467 2043 5
544 2009 586 2043 11
605 2015 655 2053 τῷ
668 2010 704 2054 β.
719 2007 887 2054 prDi‚
902 2013 962 2043 τοῦ
975 2010 1009 2054 β.
1025 2008 1060 2043 Α
1126 2023 1160 2043 τε
1174 2009 1234 2044 καὶ
1248 2014 1307 2044 τοῦ
1322 2008 1368 2052 D,
1384 2023 1418 2044 τε
1432 2009 1506 2044 del.
1522 2009 1590 2047 Dw
1662 2009 1706 2043 13
1724 2010 1816 2054 οἴκῳ

396 2055 525 2101 μένειν]
551 2056 752 2101 οἷκωμὲνην
778 2057 808 2091 Ε
909 2056 962 2091 15.
979 2056 1023 2091 16
1048 2056 1193 2101 ἐξέμηνε
1212 2060 1306 2091 ante
1324 2056 1412 2092 κατὰ
1431 2057 1544 2103 Ewp3
1572 2057 1622 2092 de
1640 2057 1815 2092 chiasmo

397 2114 435 2139 V.
462 2104 515 2139 ad
540 2103 636 2139 XIII
662 2104 695 2148 2,
723 2104 745 2139 6
892 2103 936 2138 16
961 2109 1022 2139 τοῦ
1048 2103 1130 2146 AR,
1158 2115 1232 2139 om.
1260 2103 1346 2150 w*p
1507 2106 1549 2139 18
1575 2105 1647 2149 καὶ]
1673 2104 1709 2139 ἐν
1732 2104 1756 2150 ᾖ
1784 2104 1815 2137 s)

398 2151 443 2187 19
469 2152 647 2197 ἆρμενίων
671 2151 719 2197 D,
746 2162 847 2188 corr.
874 2151 942 2189 Dw
1041 2151 1245 2197 συμβουλὴν
1271 2151 1318 2196 D,
1345 2162 1446 2188 corr.
1474 2152 1541 2191 Dw

324 2273 364 2306 et
389 2271 569 2306 mandati
598 2271 702 2317 reg-ii
729 2275 768 2307 et
794 2272 906 2307 exit-ii
932 2270 1106 2307 Burtzae
1131 2271 1298 2316 eiusque
1328 2272 1495 2308 militum
1531 2275 1814 2318 trecentorum,

323 2322 458 2354 tamen
490 2329 573 2355 non
605 2319 934 2354 committendum
966 2329 1055 2354 esse
1083 2322 1207 2363 ratus,
1245 2323 1290 2354 ut
1315 2323 1373 2355 tot
1399 2321 1474 2355 viri
1501 2321 1688 2365 perirent,
1724 2332 1815 2357 cum

266 2366 310 2402 17
325 2367 510 2402 omnibus
540 2367 666 2412 copiis
693 2368 899 2412 profectus
925 2366 1178 2403 Antiochiam
1205 2367 1370 2403 invadit.
1421 2368 1508 2410 Quo
1542 2369 1649 2403 facto
1682 2370 1813 2405 statim

324 2417 364 2449 et
387 2423 532 2450 manus
558 2418 596 2449 et
623 2415 744 2449 animi
772 2415 945 2450 hostium
976 2414 1250 2458 conciderunt,
1289 2414 1456 2451 Burtzcs
1482 2426 1579 2451 vcro
1613 2426 1703 2451 cum
1730 2418 1813 2452 suis

322 2461 402 2496 iam
429 2461 645 2506 desperata
671 2463 800 2497 salute
826 2462 1063 2498 revixerunt
1090 2466 1129 2497 et
1150 2466 1267 2507 porta
1286 2463 1449 2508 bipenni
1472 2466 1628 2498 resecta
1645 2463 1814 2501 Burtzes

324 2509 682 2554 stratopedarchae
724 2509 894 2545 liberum
931 2510 1160 2555 ingressum
1203 2510 1400 2555 praebuit.
1451 2510 1582 2545 Tanta
1620 2512 1813 2547 facilitate

265 2555 486 2591 18illustris
511 2556 578 2591 illa
603 2555 817 2592 Antiochia
842 2557 883 2591 in
909 2556 1183 2592 Romanorum
1218 2561 1452 2602 potestatem
1481 2558 1603 2593 venit.
1653 2558 1698 2593 Id
1723 2560 1812 2605 regi

322 2604 553 2639 nuntiatum
583 2604 672 2650 plus
705 2604 854 2640 doloris
886 2605 1029 2649 attulit,
1066 2614 1186 2650 quam
1214 2605 1431 2650 voluptatis
1457 2609 1496 2641 et
1523 2605 1572 2640 de
1604 2606 1737 2642 studio
1764 2617 1812 2642 ac

323 2651 472 2686 virtute
490 2651 616 2686 iratus
634 2652 991 2698 stratopedarchae
1009 2657 1048 2688 et
1065 2651 1249 2695 Burtzae,
1278 2654 1527 2689 contumeliis
1546 2657 1585 2688 et
1610 2654 1726 2689 minis
1753 2658 1812 2690 est

321 2703 604 2734 remuneratus
630 2699 901 2745 ademptoque
926 2700 1094 2745 imperio
1119 2699 1229 2734 illum
1255 2699 1373 2735 domo
1400 2701 1512 2736 exire
1538 2701 1676 2736 vetuit.

441 2746 496 2781 27.
553 2746 711 2782 Accidit
747 2751 786 2782 et
823 2747 934 2782 aliud
971 2747 1175 2792 quiddam,
1213 2747 1322 2791 quod
1361 2751 1400 2783 et
1438 2749 1630 2794 populum
1670 2751 1811 2784 contra

286 2793 462 2838 2regem
496 2797 536 2829 et
573 2797 715 2829 contra
752 2795 946 2840 populum
983 2796 1266 2840 imperatorem
1304 2797 1575 2831 exacerbavit.
1627 2796 1809 2838 Quodam

323 2842 425 2875 festo
453 2840 652 2876 dominico
679 2852 778 2887 rege
802 2852 852 2877 ex
871 2841 999 2877 veteri
1017 2841 1311 2877 consuetudine
1328 2843 1368 2877 in
1386 2843 1594 2889 Peganum
1619 2844 1810 2889 templum

322 2888 592 2937 supplicatum
623 2899 800 2936 egresso,
831 2889 989 2937 accidit,
1022 2893 1067 2926 ut
1092 2888 1269 2926 Armenii
1295 2892 1336 2926 et
1360 2896 1510 2928 nautae
1536 2894 1624 2928 orta
1651 2894 1809 2927 conten-
