2054 3282
389 222 459 268 272
777 222 957 267 ZONAR.
985 225 1115 265 ΕΡΙΤ.
1142 220 1214 265 XV
1240 227 1273 273 6,
1301 220 1428 274 19-7‚
1455 221 1512 266 1'0.

347 352 574 408 Οᾶρχηγὸς
606 353 783 407 ἀπέδρα,
817 351 950 406 φόνος
983 349 1027 391 δὲ
1057 348 1188 395 πολὺς
1218 353 1303 391 τῶν
1334 351 1568 405 βαρβάρων
1600 352 1773 407 ἐγένετο,
1813 351 2054 394 namma?

390 421 441 461 οὐ
472 422 617 475 μείους
654 421 900 474 ἐλήφθησαν
940 417 1212 471 δορυάλωτοι,
1255 418 1401 459 πολλοὶ
1441 419 1486 460 δὲ
1525 419 1596 460 καὶ
1631 426 1692 474 τῷ
1729 421 1891 475 βασιλεῖ

330 494 376 528 ‘20
387 490 732 543 προσεχώρησαν.
803 487 1032 527 κάντεῦθεν
1079 485 1279 539 ἐπαρθεὶς
1324 487 1539 541 θρίαμβον
1586 488 1651 529 ἐπὶ
1696 493 1745 543 τῇ
1791 490 1884 545 νίκῃ

388 558 633 610 κατήγαγεν,
679 555 803 601 αὐτὸς
841 555 919 609 μὲν
955 554 1208 608 πανοπλίτης
1241 554 1358 595 διιὼν
1387 553 1486 608 μεθ’
1521 556 1784 611 ὡπλισμένης
1813 562 1886 613 τῆς

389 629 588 679 στρατιᾶς,
618 624 714 670 τοὺς
737 624 781 664 δὲ
804 622 1096 677 αἰχμαλώτους
1119 622 1314 676 δεσμίους
1335 623 1464 676 ἄγων,
1485 628 1570 670 τοῖς
1591 625 1735 671 ὅπλοις
1756 626 1884 668 αὐτοῦ
1899 633 1921 668 5

328 698 371 732 <21
387 694 461 747 τὴν
492 695 621 747 νίκην,
655 690 740 733 ἀλλ’
776 693 826 733 οὗ
858 697 906 746 τῇ
938 692 1034 745 θείᾳ
1067 692 1240 746 δυνάμει
1272 691 1618 746 ἐπιγραφόμενος.
1681 683 1751 735 καὶ
1781 694 1884 748 μετὰ

385 761 457 802 τὸν
488 762 703 815 θρίαμβον
734 760 831 806 τοὺς
857 760 1151 814 αἰχμαλώτους
1172 761 1329 806 πάντας
1351 761 1624 815 ἀναιρεθῆναι
1644 763 1883 816 προσέταξε.

347 830 369 871 7
504 829 660 882 Γέγονε
702 828 746 869 δὲ
783 828 942 882 χειμὼν
979 829 1023 869 ἓν
1059 833 1147 874 ταῖς
1183 830 1359 883 ἡμέραις
1393 834 1466 884 τῆς
1497 831 1723 885 αὗταρχίας
1754 831 1883 873 αὐτοῦ

384 898 529 951 μέγας,
563 897 669 938 ὥστε
700 896 759 951 μὴ
792 897 927 950 μόνον
957 896 1054 942 τοὺς
1084 897 1301 951 ποταμοὺς
1327 898 1374 938 ἐκ
1396 901 1468 939 τοῦ
1490 899 1658 953 ψύχους
1679 901 1882 954 κρυσταλ-

334 966 576 1019 Βλωθῆωι
618 965 771 1012 διόλου,
816 964 918 1006 ἀλλὰ
957 965 1028 1006 καὶ
1066 965 1195 1018 αὐτὴν
1226 964 1299 1019 τὴν
1330 965 1549 1007 θάλασσαν
1579 966 1653 1020 τὴν
1685 968 1883 1022 ἀρκτῴαν
1899 977 1943 1011 10

383 1033 448 1074 ἐπὶ
489 1034 631 1075 στάδια
674 1034 784 1075 πάνυ
816 1033 949 1074 πολλὰ
981 1034 1051 1075 καὶ
1082 1033 1153 1075 τὸν
1183 1037 1256 1075 τοῦ
1289 1033 1447 1075 Στενοῢ
1478 1034 1680 1089 πορθμὸν
1710 1036 1781 1077 καὶ
1811 1036 1883 1078 τὸν

346 1102 429 1143 Ξὲκ
469 1106 540 1156 τῆς
577 1102 742 1148 πόλεως
781 1101 889 1156 πρὸς
919 1101 1204 1156 Χρυσόπολιν.
1268 1100 1334 1143 εἶτ’
1376 1101 1500 1149 αὖθις
1537 1108 1599 1157 τῷ
1635 1105 1880 1159 κρυστάλλῳ

380 1170 521 1224 χιόνος
553 1171 827 1225 ἐπιπεσούσης
858 1171 1055 1225 κάκείνης
1086 1172 1133 1212 ἐκ
1165 1175 1239 1212 τοῦ
1271 1171 1431 1225 κρύους
1461 1172 1788 1227 συμπιληθείσης
1809 1173 1880 1214 καὶ

380 1239 787 1294 κρυσταλλώθείσης,
819 1240 1151 1292 πεζοποροῦντες
1184 1239 1223 1279 οἳ
1247 1239 1472 1292 ἄνθρωποι
1495 1239 1662 1294 διῄεσαν
1681 1240 1753 1282 τὸν
1773 1257 1879 1296 πορ-

380 1307 496 1362 θμὸν
527 1312 600 1349 τοῦ
633 1307 791 1349 Στενοῦ
832 1307 903 1348 καὶ
941 1308 1013 1349 τὸν
1052 1308 1099 1349 ἐκ
1139 1312 1212 1362 τῆς
1250 1307 1415 1354 πόλεως
1457 1308 1565 1362 πρὸς
1596 1308 1878 1363 Χρυσόπολιν,
1894 1318 1940 1353 15

381 1376 712 1431 (Ξχθοφοροῦντά
734 1392 776 1417 τε
797 1376 1001 1430 ὑποζύγια
1024 1376 1095 1417 καὶ
1117 1376 1215 1430 βόες
1237 1376 1404 1430 ἁμάξας
1424 1377 1612 1423 ἕλκοντες
1633 1377 1708 1419 σὺν
1729 1377 1878 1433 φόρτῳ

343 1445 534 1499 3πολλῴ.
596 1449 718 1487 τοῦτο
760 1445 805 1486 δὲ
837 1445 908 1486 καὶ
939 1446 983 1486 ἐν
1014 1449 1101 1491 ταῖς
1132 1444 1273 1490 ἄλλαις
1303 1444 1535 1491 θαλάσσαις
1565 1445 1654 1487 τότε
1686 1447 1878 1500 γενέσθαι

378 1575 400 1610 8
426 1575 498 1614 οἶος
522 1574 659 1621 χειμὼν
684 1575 820 1620 γέγονεν
845 1574 899 1610 ἐπὶ
925 1580 984 1621 τῆς
1009 1575 1184 1621 βασιλείας
1211 1579 1270 1610 τοῦ
1293 1574 1509 1620 δυσωνύμου
1529 1574 1602 1620 CE,
1628 1576 1821 1621 σημείωσαι
1840 1575 1876 1611 Α

448 1693 471 1729 2
497 1694 702 1740 δοριάλωτοι
733 1693 796 1739 Di,
827 1706 863 1730 v.
890 1694 943 1730 ad
969 1693 1065 1729 XIII
1091 1694 1123 1738 8,
1150 1694 1172 1729 3
1341 1693 1400 1729 καὶ
1427 1695 1540 1729 initio
1568 1705 1712 1731 versus
1740 1706 1815 1731 om.
1843 1695 1873 1731 E

447 1742 471 1777 4
496 1743 692 1788 κατήγαγον
718 1743 766 1787 D,
795 1753 895 1778 corr.
923 1742 992 1780 Dw
1099 1741 1234 1786 προιὼν
1261 1743 1292 1779 O
1404 1742 1425 1776 5
1451 1742 1482 1776 δ’
1510 1740 1668 1788 prDi
1771 1743 1792 1778 7
1818 1743 1875 1778 ἀν-

448 1791 634 1836 αιρεθῆναι
658 1791 866 1835 προςέταξεν
892 1788 1057 1835 EwpDi,
1091 1790 1319 1836 ἀναιρεθῆναι
1345 1790 1532 1834 προςέταξε
1558 1789 1593 1824 Α
1619 1793 1672 1832 (V,
1699 1790 1752 1825 ad
1777 1790 1875 1826 XIII

449 1838 480 1882 1,
507 1838 555 1882 5),
582 1844 632 1883 τῷ
658 1840 752 1884 ξίφει
778 1838 933 1884 ὑπήγαγε
960 1837 991 1873 Ο
1024 1839 1090 1874 Wo
1116 1838 1183 1873 lat.
1306 1839 1328 1874 8
1353 1838 1459 1872 αὐτοῦ
1488 1848 1562 1873 om.
1589 1838 1621 1872 E
1738 1839 1760 1873 9
1785 1852 1873 1883 κρυ-

447 1887 670 1931 σταλωθῆναι
697 1885 779 1930 AR,
807 1896 908 1921 corr.
935 1884 1128 1931 wapDi
1226 1887 1268 1921 11
1296 1886 1356 1922 καὶ
1382 1886 1493 1930 prius
1522 1896 1596 1921 om.
1623 1885 1671 1930 D,
1697 1886 1788 1921 add.
1805 1886 1873 1925 Dw

449 1933 494 1968 12
519 1934 727 1979 κρυστάλλω
753 1934 799 1978 Α,
826 1934 1015 1978 κρυστάλω
1042 1933 1086 1978 R,
1115 1943 1216 1968 corr.
1243 1931 1437 1979 wapDz'
1568 1933 1612 1968 13
1637 1934 1811 1979 πεσούσης
1837 1934 1872 1968 D

495 1985 589 2017 ante
611 1982 672 2017 καὶ
690 1981 782 2017 add.
801 1995 837 2016 τε
856 1981 952 2027 pr
1052 1981 1098 2016 14
1122 1982 1433 2026 κρυσταλωθείσης
1451 1979 1533 2026 AR,
1561 1991 1662 2016 corr.
1681 1980 1874 2028 wapDi

448 2029 492 2064 15
518 2034 579 2064 τοῦ
595 2030 730 2065 Στενοῢ
747 2049 788 2054 --
802 2029 1028 2074 Χρυσόπολιν
1049 2039 1124 2064 om.
1143 2029 1184 2073 O,
1209 2029 1300 2064 add.
1319 2028 1388 2064 AE
1408 2027 1594 2074 wapDi
1691 2030 1735 2064 16
1760 2029 1872 2074 ἀχθο-

447 2077 626 2122 φοροῦντά
651 2091 686 2112 τε
711 2078 881 2122 ὑποζύγια
911 2077 972 2112 καὶ
1000 2078 1080 2122 βόες
1105 2077 1241 2121 ἁμάξας
1268 2076 1438 2121 ἕλκοντες]
1465 2076 1527 2112 De
1553 2077 1728 2112 chiasmo
1757 2088 1793 2113 V.
1820 2077 1873 2112 ad

445 2123 543 2208 {III
565 2125 601 2185 '2,
628 2125 684 2207 GB
753 2126 912 2185 ἑλκόντες
936 2123 1085 2207 ΑΒΟΨΡ,
1114 2125 1251 2169 ἔχοντες
1276 2139 1311 2160 τε
1336 2125 1395 2160 καὶ
1421 2125 1580 2163 ἕλκοντες
1605 2124 1647 2169 Ε,
1674 2125 1810 2170 ἔχοντες
1835 2125 1871 2160 D

517 2186 627 2208 τουτω
781 2187 854 2211 ταις
881 2183 956 2208 om.

373 2279 566 2316 barorum
593 2279 718 2316 caede
745 2280 852 2316 edita
878 2290 954 2315 nec
980 2280 1242 2326 paucioribus
1266 2280 1409 2326 captis3
1436 2281 1549 2315 multi
1576 2290 1739 2326 quoque
1764 2280 1870 2316 ultro

314 2326 361 2362 20
374 2328 426 2363 ad
453 2339 591 2374 regem
618 2339 662 2364 se
689 2329 957 2364 contulerunt.
1010 2327 1086 2369 Qui
1112 2338 1156 2363 re
1200 2329 1300 2363 bene
1326 2332 1443 2374 gesta
1470 2328 1597 2363 elatus
1625 2329 1869 2373 triumphum

373 2386 501 2421 agens
533 2377 620 2422 lpse
654 2379 833 2411 armatus
864 2386 955 2411 cum
983 2377 1147 2411 armatis
1173 2376 1402 2421 legionibus
1430 2386 1500 2421 per
1527 2376 1669 2410 urbem
1695 2376 1780 2410 ibat
1807 2386 1869 2410 ca-

373 2424 588 2469 ptivosque
614 2425 655 2459 in
681 2424 854 2459 vinculis
882 2423 1124 2465 adducebat,
1152 2424 1323 2458 victoria
1349 2434 1430 2458 non
1458 2423 1621 2458 divinae
1649 2423 1867 2468 potentiae,

313 2470 358 2505 21
374 2471 444 2506 sed
470 2472 553 2507 suis
580 2473 701 2507 armis
726 2472 912 2517 ascripta.
962 2471 1058 2507 Post
1076 2471 1322 2516 triumphum
1339 2471 1522 2516 captivos
1542 2480 1679 2505 omnes
1693 2470 1869 2505 interimi

374 2519 498 2553 iussit.

493 2567 524 2602 7.
574 2564 666 2600 Fuit
701 2566 826 2601 hiems
866 2566 941 2602 sub
970 2567 1055 2602 eius
1093 2566 1261 2611 imperio
1288 2566 1534 2609 saevissima,
1573 2565 1675 2601 adeo
1701 2568 1747 2600 ut
1785 2575 1868 2601 non

373 2613 485 2648 fluvii
500 2616 667 2657 tantum,
695 2613 766 2648 sed
793 2616 831 2648 et
845 2614 976 2659 ipsum
1002 2623 1114 2649 mare
1129 2613 1443 2658 septentrionale
1470 2613 1518 2647 ad
1537 2613 1710 2658 plurima
1736 2613 1867 2648 stadia

373 2661 595 2706 frigoribus
634 2661 937 2706 conglaciarent
972 2665 1011 2697 et
1046 2661 1193 2696 fretum
1221 2660 1475 2706 Cpolitanum
1514 2664 1553 2695 et
1580 2671 1659 2705 quo
1687 2670 1738 2695 ex
1764 2661 1866 2696 urbe

337 2706 651 2753 2Chrysopoli1n
669 2709 863 2743 traicitur.
915 2708 1096 2754 Cumque
1122 2709 1192 2743 nix
1218 2709 1260 2742 in
1287 2708 1458 2753 glaciem
1494 2709 1704 2743 cecidisset
1735 2718 1865 2752 eaque

372 2755 468 2799 gelu
495 2755 664 2790 densata
691 2758 730 2790 et
754 2756 795 2790 in
822 2756 994 2801 glaciem
1020 2757 1108 2801 ipsa
1135 2765 1298 2801 quoque
1317 2765 1515 2790 conversa
1542 2758 1656 2799 esset,
1684 2755 1865 2790 homines

373 2805 412 2836 ct
438 2803 584 2837 fretum
612 2803 866 2848 Cpolitanum
906 2807 945 2839 et
971 2803 1248 2849 Chrysopolim
1284 2813 1413 2848 usque
1441 2803 1612 2848 pedibus
1639 2803 1865 2839 transibant

373 2852 412 2884 ct
438 2850 604 2884 sarcinis
644 2853 790 2886 onusta
827 2851 1007 2886 iumenta
1045 2854 1085 2887 et
1123 2851 1249 2886 boves
1276 2851 1456 2896 plaustra
1497 2851 1635 2896 magni
1673 2850 1864 2896 ponderis

278 2895 310 2933 3.
336 2895 586 2932 4trahentes.
638 2897 748 2934 Idem
764 2900 859 2934 tunc
886 2902 925 2935 et
951 2899 992 2935 in
1019 2899 1162 2936 ceteris
1188 2898 1367 2934 maribus
1382 2898 1577 2934 accidisse
1603 2899 1742 2934 fertur.
1769 2897 1864 2934 Post
