<?xml version="1.0" encoding="UTF-8"?>
<!DOCTYPE html PUBLIC "-//W3C//DTD XHTML 1.0 Transitional//EN"
    "http://www.w3.org/TR/xhtml1/DTD/xhtml1-transitional.dtd">
<html xmlns="http://www.w3.org/1999/xhtml" xml:lang="en" lang="en">
 <head>
  <title>
</title>
<meta http-equiv="Content-Type" content="text/html;charset=utf-8" />
  <meta name='ocr-system' content='tesseract 3.04.00' />
  <meta name='ocr-capabilities' content='ocr_page ocr_carea ocr_par ocr_line ocrx_word'/>
</head>
<body>
  <div class='ocr_page' id='page_1' title='image "./corpusscriptorum31niebuoft/corpusscriptorum31niebuoft_0228.png"; bbox 0 0 2054 3282; ppageno 0'>
   <div class='ocr_carea' id='block_1_1' title="bbox 352 224 1485 269">
    <p class='ocr_par' dir='ltr' id='par_1_1' title="bbox 352 224 1485 269">
     <span class='ocr_line' id='line_1_1' title="bbox 352 224 1485 269; baseline 0.001 -9"><span class='ocrx_word' id='word_1_1' title='bbox 352 224 421 260; x_wconf 87' lang='grc'><em>202</em></span> <span class='ocrx_word' id='word_1_2' title='bbox 708 224 888 261; x_wconf 77' lang='lat' dir='ltr'><strong>ZONAR.</strong></span> <span class='ocrx_word' id='word_1_3' title='bbox 916 225 1046 261; x_wconf 84' lang='lat' dir='ltr'>EPlT.</span> <span class='ocrx_word' id='word_1_4' title='bbox 1074 225 1164 260; x_wconf 79' lang='lat' dir='ltr'><em>xlv</em></span> <span class='ocrx_word' id='word_1_5' title='bbox 1194 224 1247 268; x_wconf 78' lang='lat'><em>14,</em></span> <span class='ocrx_word' id='word_1_6' title='bbox 1274 224 1425 269; x_wconf 80' lang='lat'>38—15,</span> <span class='ocrx_word' id='word_1_7' title='bbox 1456 225 1485 261; x_wconf 88' lang='lat'><em>1.</em></span> 
     </span>
    </p>
   </div>
   <div class='ocr_carea' id='block_1_2' title="bbox 237 346 1910 1704">
    <p class='ocr_par' dir='ltr' id='par_1_2' title="bbox 237 346 1910 1704">
     <span class='ocr_line' id='line_1_2' title="bbox 352 346 1844 402; baseline 0.003 -16"><span class='ocrx_word' id='word_1_8' title='bbox 352 347 391 386; x_wconf 84' lang='grc' dir='ltr'><em>οἱ</em></span> <span class='ocrx_word' id='word_1_9' title='bbox 422 350 493 400; x_wconf 82' lang='grc' dir='ltr'><em>τῆς</em></span> <span class='ocrx_word' id='word_1_10' title='bbox 525 347 757 400; x_wconf 70' lang='grc' dir='ltr'><em>συγκλήτου</em></span> <span class='ocrx_word' id='word_1_11' title='bbox 790 347 860 387; x_wconf 84' lang='grc' dir='ltr'><em>καὶ</em></span> <span class='ocrx_word' id='word_1_12' title='bbox 892 346 1017 391; x_wconf 68' lang='grc' dir='ltr'><em>αὐτὸς</em></span> <span class='ocrx_word' id='word_1_13' title='bbox 1045 347 1068 387; x_wconf 84' lang='grc' dir='ltr'>ὁ</span> <span class='ocrx_word' id='word_1_14' title='bbox 1091 346 1281 399; x_wconf 85' lang='grc' dir='ltr'><em>ΙΙρίσκος</em></span> <span class='ocrx_word' id='word_1_15' title='bbox 1314 347 1337 388; x_wconf 82' lang='grc' dir='ltr'>ὁ</span> <span class='ocrx_word' id='word_1_16' title='bbox 1370 348 1646 402; x_wconf 78' lang='grc' dir='ltr'><em>στρατηλάτης</em></span> <span class='ocrx_word' id='word_1_17' title='bbox 1679 349 1844 402; x_wconf 81' lang='grc' dir='ltr'><em>διεπέμ-</em></span> 
     </span>
     <span class='ocr_line' id='line_1_3' title="bbox 307 414 1844 469; baseline 0.005 -18"><span class='ocrx_word' id='word_1_18' title='bbox 307 417 336 451; x_wconf 84' lang='grc' dir='ltr'>Β</span> <span class='ocrx_word' id='word_1_19' title='bbox 350 431 478 455; x_wconf 83' lang='grc' dir='ltr'><em>ποντα</em></span> <span class='ocrx_word' id='word_1_20' title='bbox 509 414 616 467; x_wconf 80' lang='grc' dir='ltr'><em>πρὸς</em></span> <span class='ocrx_word' id='word_1_21' title='bbox 648 415 787 467; x_wconf 66' lang='grc' dir='ltr'><em>αὐτόν,</em></span> <span class='ocrx_word' id='word_1_22' title='bbox 823 414 1012 467; x_wconf 35' lang='grc' dir='ltr'><em>δεόιιιενοι</em></span> <span class='ocrx_word' id='word_1_23' title='bbox 1035 415 1319 469; x_wconf 81' lang='grc' dir='ltr'><em>ἀπαλλαγῆναι</em></span> <span class='ocrx_word' id='word_1_24' title='bbox 1340 420 1411 469; x_wconf 85' lang='grc' dir='ltr'><em>τῆς</em></span> <span class='ocrx_word' id='word_1_25' title='bbox 1431 417 1674 469; x_wconf 77' lang='grc' dir='ltr'><em>τυραννίδος</em></span> <span class='ocrx_word' id='word_1_26' title='bbox 1696 417 1844 459; x_wconf 84' lang='grc' dir='ltr'><em>Φωκᾶ.</em></span> 
     </span>
     <span class='ocr_line' id='line_1_4' title="bbox 291 482 1844 539; baseline 0.003 -17"><span class='ocrx_word' id='word_1_27' title='bbox 291 486 337 520; x_wconf 79' lang='grc'><em>39</em></span> <span class='ocrx_word' id='word_1_28' title='bbox 353 482 402 536; x_wconf 80' lang='grc' dir='ltr'><em>ἧν</em></span> <span class='ocrx_word' id='word_1_29' title='bbox 435 483 480 523; x_wconf 77' lang='grc' dir='ltr'><em>δὲ</em></span> <span class='ocrx_word' id='word_1_30' title='bbox 511 488 571 536; x_wconf 70' lang='grc' dir='ltr'><em>τῷ</em></span> <span class='ocrx_word' id='word_1_31' title='bbox 604 483 811 536; x_wconf 75' lang='grc' dir='ltr'><em>εἰρημένῳ</em></span> <span class='ocrx_word' id='word_1_32' title='bbox 844 488 1062 536; x_wconf 71' lang='grc' dir='ltr'><em>στρατηγῷ</em></span> <span class='ocrx_word' id='word_1_33' title='bbox 1079 482 1317 536; x_wconf 48' lang='grc' dir='ltr'><em>([Ιρακλείῳ</em></span> <span class='ocrx_word' id='word_1_34' title='bbox 1347 484 1659 538; x_wconf 79' lang='grc' dir='ltr'><em>ὑποστράτηγος</em></span> <span class='ocrx_word' id='word_1_35' title='bbox 1683 484 1723 525; x_wconf 86' lang='grc' dir='ltr'><em>Γ</em></span> <span class='ocrx_word' id='word_1_36' title='bbox 1718 501 1844 539; x_wconf 87' lang='grc' dir='ltr'><em>ρηγο-</em></span> 
     </span>
     <span class='ocr_line' id='line_1_5' title="bbox 291 549 1844 606; baseline 0.004 -18"><span class='ocrx_word' id='word_1_37' title='bbox 291 553 338 588; x_wconf 67' lang='grc' dir='ltr'><em>Δ10</em></span> <span class='ocrx_word' id='word_1_38' title='bbox 350 555 427 604; x_wconf 80' lang='grc' dir='ltr'><em>ρᾶς</em></span> <span class='ocrx_word' id='word_1_39' title='bbox 449 568 505 596; x_wconf 83' lang='grc' dir='ltr'><em>τις</em></span> <span class='ocrx_word' id='word_1_40' title='bbox 526 555 610 592; x_wconf 81' lang='grc' dir='ltr'><em>τῶν</em></span> <span class='ocrx_word' id='word_1_41' title='bbox 636 552 864 604; x_wconf 78' lang='grc' dir='ltr'><em>ἐπισήμων.</em></span> <span class='ocrx_word' id='word_1_42' title='bbox 928 549 1038 591; x_wconf 72' lang='grc' dir='ltr'><em>οὗτοι</em></span> <span class='ocrx_word' id='word_1_43' title='bbox 1073 555 1174 603; x_wconf 77' lang='grc' dir='ltr'><em>γοῦν</em></span> <span class='ocrx_word' id='word_1_44' title='bbox 1204 552 1339 605; x_wconf 79' lang='grc' dir='ltr'><em>ἄμφω</em></span> <span class='ocrx_word' id='word_1_45' title='bbox 1372 553 1704 606; x_wconf 86' lang='grc' dir='ltr'><em>συμπνεύσαντες</em></span> <span class='ocrx_word' id='word_1_46' title='bbox 1735 554 1844 594; x_wconf 86' lang='grc' dir='ltr'><em>στέλ-</em></span> 
     </span>
     <span class='ocr_line' id='line_1_6' title="bbox 350 618 1882 675; baseline 0.002 -15"><span class='ocrx_word' id='word_1_47' title='bbox 350 620 464 660; x_wconf 79' lang='grc' dir='ltr'><em>λουσι</em></span> <span class='ocrx_word' id='word_1_48' title='bbox 496 618 601 660; x_wconf 81' lang='grc' dir='ltr'><em>κατὰ</em></span> <span class='ocrx_word' id='word_1_49' title='bbox 634 623 706 660; x_wconf 85' lang='grc' dir='ltr'><em>τοῦ</em></span> <span class='ocrx_word' id='word_1_50' title='bbox 739 619 942 672; x_wconf 75' lang='grc' dir='ltr'><em>τυράννου</em></span> <span class='ocrx_word' id='word_1_51' title='bbox 974 619 1070 664; x_wconf 75' lang='grc' dir='ltr'><em>τοὺς</em></span> <span class='ocrx_word' id='word_1_52' title='bbox 1101 620 1231 666; x_wconf 80' lang='grc' dir='ltr'><em>ἰδίους</em></span> <span class='ocrx_word' id='word_1_53' title='bbox 1262 621 1391 673; x_wconf 78' lang='grc' dir='ltr'><em>υἱούς,</em></span> <span class='ocrx_word' id='word_1_54' title='bbox 1438 621 1461 661; x_wconf 86' lang='grc' dir='ltr'>ὁ</span> <span class='ocrx_word' id='word_1_55' title='bbox 1496 621 1574 674; x_wconf 86' lang='grc' dir='ltr'><em>μὲν</em></span> <span class='ocrx_word' id='word_1_56' title='bbox 1600 621 1882 675; x_wconf 76' lang='grc' dir='ltr'><em>Ἡράκλειοςὸ</em></span> 
     </span>
     <span class='ocr_line' id='line_1_7' title="bbox 350 687 1845 743; baseline 0.003 -16"><span class='ocrx_word' id='word_1_57' title='bbox 350 687 420 728; x_wconf 86' lang='grc' dir='ltr'><em>τὸν</em></span> <span class='ocrx_word' id='word_1_58' title='bbox 447 687 693 740; x_wconf 67' lang='grc' dir='ltr'><em>ςΗράκλειον</em></span> <span class='ocrx_word' id='word_1_59' title='bbox 723 687 893 733; x_wconf 87' lang='grc' dir='ltr'><em>πολλαῖς</em></span> <span class='ocrx_word' id='word_1_60' title='bbox 924 688 1043 728; x_wconf 85' lang='grc' dir='ltr'><em>ναυσὶ</em></span> <span class='ocrx_word' id='word_1_61' title='bbox 1074 688 1144 729; x_wconf 83' lang='grc' dir='ltr'><em>καὶ</em></span> <span class='ocrx_word' id='word_1_62' title='bbox 1179 689 1344 742; x_wconf 76' lang='grc' dir='ltr'><em>πλῆθος</em></span> <span class='ocrx_word' id='word_1_63' title='bbox 1381 694 1644 743; x_wconf 83' lang='grc' dir='ltr'><em>στρατιωτῶν</em></span> <span class='ocrx_word' id='word_1_64' title='bbox 1679 690 1845 739; x_wconf 82' lang='grc' dir='ltr'><em>πλοϊζό-</em></span> 
     </span>
     <span class='ocr_line' id='line_1_8' title="bbox 349 755 1845 812; baseline 0.003 -17"><span class='ocrx_word' id='word_1_65' title='bbox 349 772 490 809; x_wconf 84' lang='grc' dir='ltr'><em>μενον,</em></span> <span class='ocrx_word' id='word_1_66' title='bbox 536 757 559 797; x_wconf 87' lang='grc' dir='ltr'>ὁ</span> <span class='ocrx_word' id='word_1_67' title='bbox 601 756 644 797; x_wconf 82' lang='grc' dir='ltr'><em>δὲ</em></span> <span class='ocrx_word' id='word_1_68' title='bbox 683 756 898 808; x_wconf 76' lang='grc' dir='ltr'><em>πατρίκιος</em></span> <span class='ocrx_word' id='word_1_69' title='bbox 928 756 957 796; x_wconf 86' lang='grc' dir='ltr'><em>Ι</em></span> <span class='ocrx_word' id='word_1_70' title='bbox 963 755 1153 810; x_wconf 84' lang='grc' dir='ltr'><em>’ρηγορᾶς</em></span> <span class='ocrx_word' id='word_1_71' title='bbox 1191 756 1262 798; x_wconf 84' lang='grc' dir='ltr'><em>τὸν</em></span> <span class='ocrx_word' id='word_1_72' title='bbox 1299 757 1488 812; x_wconf 87' lang='grc' dir='ltr'><em>Νικήταν</em></span> <span class='ocrx_word' id='word_1_73' title='bbox 1531 760 1845 812; x_wconf 84' lang='grc' dir='ltr'><em>πεζοποροῦντα</em></span> 
     </span>
     <span class='ocr_line' id='line_1_9' title="bbox 350 823 1846 881; baseline 0.003 -17"><span class='ocrx_word' id='word_1_74' title='bbox 350 823 425 864; x_wconf 83' lang='grc' dir='ltr'><em>σὺν</em></span> <span class='ocrx_word' id='word_1_75' title='bbox 457 825 646 870; x_wconf 75' lang='grc' dir='ltr'><em>ἱππόταις</em></span> <span class='ocrx_word' id='word_1_76' title='bbox 676 825 844 870; x_wconf 79' lang='grc' dir='ltr'><em>πολλοῖς</em></span> <span class='ocrx_word' id='word_1_77' title='bbox 875 825 944 866; x_wconf 88' lang='grc' dir='ltr'><em>καὶ</em></span> <span class='ocrx_word' id='word_1_78' title='bbox 975 827 1080 880; x_wconf 84' lang='grc' dir='ltr'><em>πεζῇ</em></span> <span class='ocrx_word' id='word_1_79' title='bbox 1113 832 1291 880; x_wconf 81' lang='grc' dir='ltr'><em>στρατιᾷ,</em></span> <span class='ocrx_word' id='word_1_80' title='bbox 1324 827 1389 867; x_wconf 77' lang='grc' dir='ltr'><em>ἐπὶ</em></span> <span class='ocrx_word' id='word_1_81' title='bbox 1420 828 1652 881; x_wconf 72' lang='grc' dir='ltr'><em>συνθήκαις</em></span> <span class='ocrx_word' id='word_1_82' title='bbox 1681 832 1754 870; x_wconf 88' lang='grc' dir='ltr'><em>τοῦ</em></span> <span class='ocrx_word' id='word_1_83' title='bbox 1776 827 1846 869; x_wconf 90' lang='grc' dir='ltr'><em>τὸν</em></span> 
     </span>
     <span class='ocr_line' id='line_1_10' title="bbox 350 893 1844 949; baseline 0.004 -17"><span class='ocrx_word' id='word_1_84' title='bbox 350 893 724 947; x_wconf 81' lang='grc' dir='ltr'><em>προκαταλαβόντα</em></span> <span class='ocrx_word' id='word_1_85' title='bbox 762 893 836 947; x_wconf 81' lang='grc' dir='ltr'><em>τὴν</em></span> <span class='ocrx_word' id='word_1_86' title='bbox 867 895 1168 949; x_wconf 78' lang='grc' dir='ltr'><em>ὑπερκειμένην</em></span> <span class='ocrx_word' id='word_1_87' title='bbox 1198 898 1284 936; x_wconf 84' lang='grc' dir='ltr'><em>τῶν</em></span> <span class='ocrx_word' id='word_1_88' title='bbox 1314 895 1480 936; x_wconf 88' lang='grc' dir='ltr'><em>πόλεων</em></span> <span class='ocrx_word' id='word_1_89' title='bbox 1511 896 1581 936; x_wconf 80' lang='grc' dir='ltr'><em>καὶ</em></span> <span class='ocrx_word' id='word_1_90' title='bbox 1612 896 1844 938; x_wconf 78' lang='grc' dir='ltr'><em>καθελόντα</em></span> 
     </span>
     <span class='ocr_line' id='line_1_11' title="bbox 291 961 1908 1018; baseline 0.003 -17"><span class='ocrx_word' id='word_1_91' title='bbox 291 964 333 998; x_wconf 75' lang='lat'><em>41</em></span> <span class='ocrx_word' id='word_1_92' title='bbox 350 961 421 1002; x_wconf 87' lang='grc' dir='ltr'><em>τὸν</em></span> <span class='ocrx_word' id='word_1_93' title='bbox 457 961 661 1015; x_wconf 80' lang='grc' dir='ltr'><em>τύραννον</em></span> <span class='ocrx_word' id='word_1_94' title='bbox 704 966 775 1016; x_wconf 85' lang='grc' dir='ltr'><em>τῆς</em></span> <span class='ocrx_word' id='word_1_95' title='bbox 818 963 1026 1017; x_wconf 80' lang='grc' dir='ltr'><em>βασιλείας</em></span> <span class='ocrx_word' id='word_1_96' title='bbox 1069 963 1399 1017; x_wconf 70' lang='grc' dir='ltr'><em>ἀξιωθήσεσθαι.</em></span> <span class='ocrx_word' id='word_1_97' title='bbox 1461 969 1587 1005; x_wconf 82' lang='grc' dir='ltr'><em>ταῦτα</em></span> <span class='ocrx_word' id='word_1_98' title='bbox 1625 964 1785 1018; x_wconf 74' lang='grc' dir='ltr'><em>μαθὼν</em></span> <span class='ocrx_word' id='word_1_99' title='bbox 1822 965 1847 1006; x_wconf 86' lang='grc' dir='ltr'>ὁ</span> <span class='ocrx_word' id='word_1_100' title='bbox 1865 968 1908 1002; x_wconf 91' lang='grc'><em>10</em></span> 
     </span>
     <span class='ocr_line' id='line_1_12' title="bbox 357 1029 1845 1087; baseline 0.003 -17"><span class='ocrx_word' id='word_1_101' title='bbox 357 1029 516 1076; x_wconf 87' lang='grc' dir='ltr'><em>Φωκᾶς</em></span> <span class='ocrx_word' id='word_1_102' title='bbox 541 1030 616 1084; x_wconf 85' lang='grc' dir='ltr'><em>τὴν</em></span> <span class='ocrx_word' id='word_1_103' title='bbox 636 1035 709 1071; x_wconf 74' lang='grc' dir='ltr'><em>τοῦ</em></span> <span class='ocrx_word' id='word_1_104' title='bbox 733 1030 983 1085; x_wconf 83' lang='grc' dir='ltr'><em>Ἱ-Ιρακλείου</em></span> <span class='ocrx_word' id='word_1_105' title='bbox 1014 1033 1174 1086; x_wconf 85' lang='grc' dir='ltr'><em>μητέρα</em></span> <span class='ocrx_word' id='word_1_106' title='bbox 1206 1032 1276 1073; x_wconf 86' lang='grc' dir='ltr'><em>καὶ</em></span> <span class='ocrx_word' id='word_1_107' title='bbox 1307 1032 1381 1086; x_wconf 78' lang='grc' dir='ltr'><em>τὴν</em></span> <span class='ocrx_word' id='word_1_108' title='bbox 1410 1033 1596 1087; x_wconf 87' lang='grc' dir='ltr'><em>μνηστὴν</em></span> <span class='ocrx_word' id='word_1_109' title='bbox 1618 1032 1845 1086; x_wconf 82' lang='grc' dir='ltr'><em>Εὐδοκίαν,</em></span> 
     </span>
     <span class='ocr_line' id='line_1_13' title="bbox 351 1098 1848 1156; baseline 0.003 -18"><span class='ocrx_word' id='word_1_110' title='bbox 351 1100 402 1152; x_wconf 84' lang='grc' dir='ltr'><em>ἣν</em></span> <span class='ocrx_word' id='word_1_111' title='bbox 434 1099 479 1146; x_wconf 78' lang='grc' dir='ltr'><em>ἐξ</em></span> <span class='ocrx_word' id='word_1_112' title='bbox 503 1098 707 1154; x_wconf 79' lang='grc' dir='ltr'><em>Ἀφρικῆς</em></span> <span class='ocrx_word' id='word_1_113' title='bbox 738 1100 1053 1154; x_wconf 76' lang='grc' dir='ltr'><em>ἐμνηστεύσατο,</em></span> <span class='ocrx_word' id='word_1_114' title='bbox 1092 1101 1302 1154; x_wconf 72' lang='grc' dir='ltr'><em>θυγατέρα</em></span> <span class='ocrx_word' id='word_1_115' title='bbox 1335 1100 1466 1142; x_wconf 74' lang='grc' dir='ltr'><em>οὖσαν</em></span> <span class='ocrx_word' id='word_1_116' title='bbox 1496 1105 1569 1143; x_wconf 83' lang='grc' dir='ltr'><em>τοῦ</em></span> <span class='ocrx_word' id='word_1_117' title='bbox 1600 1106 1672 1156; x_wconf 89' lang='grc' dir='ltr'><em>τῆς</em></span> <span class='ocrx_word' id='word_1_118' title='bbox 1702 1102 1848 1156; x_wconf 84' lang='grc' dir='ltr'><em>χώρας</em></span> 
     </span>
     <span class='ocr_line' id='line_1_14' title="bbox 237 1167 1845 1225; baseline 0.002 -18"><span class='ocrx_word' id='word_1_119' title='bbox 237 1169 265 1206; x_wconf 87' lang='lat' dir='ltr'>C</span> <span class='ocrx_word' id='word_1_120' title='bbox 292 1170 337 1204; x_wconf 70' lang='lat'><em>42</em></span> <span class='ocrx_word' id='word_1_121' title='bbox 351 1167 509 1221; x_wconf 74' lang='grc' dir='ltr'><em>ἐκείνης</em></span> <span class='ocrx_word' id='word_1_122' title='bbox 529 1169 831 1222; x_wconf 83' lang='grc' dir='ltr'><em>πρωτεύοντος,</em></span> <span class='ocrx_word' id='word_1_123' title='bbox 865 1169 1090 1223; x_wconf 82' lang='grc' dir='ltr'><em>κατασχὼν</em></span> <span class='ocrx_word' id='word_1_124' title='bbox 1115 1169 1372 1211; x_wconf 83' lang='grc' dir='ltr'><em>κατέκλεισεν</em></span> <span class='ocrx_word' id='word_1_125' title='bbox 1393 1170 1437 1210; x_wconf 78' lang='grc' dir='ltr'><em>ἐν</em></span> <span class='ocrx_word' id='word_1_126' title='bbox 1457 1175 1579 1225; x_wconf 86' lang='grc' dir='ltr'><em>μονῇ.</em></span> <span class='ocrx_word' id='word_1_127' title='bbox 1640 1171 1845 1224; x_wconf 86' lang='grc' dir='ltr'><em>προκατέ-</em></span> 
     </span>
     <span class='ocr_line' id='line_1_15' title="bbox 351 1236 1847 1293; baseline 0.003 -17"><span class='ocrx_word' id='word_1_128' title='bbox 351 1236 452 1290; x_wconf 84' lang='grc' dir='ltr'><em>λαβε</em></span> <span class='ocrx_word' id='word_1_129' title='bbox 482 1237 619 1278; x_wconf 89' lang='grc' dir='ltr'><em>τοίνυν</em></span> <span class='ocrx_word' id='word_1_130' title='bbox 641 1236 886 1291; x_wconf 86' lang='grc' dir='ltr'><em>Ἡράκλειος</em></span> <span class='ocrx_word' id='word_1_131' title='bbox 907 1238 978 1279; x_wconf 83' lang='grc' dir='ltr'><em>καὶ</em></span> <span class='ocrx_word' id='word_1_132' title='bbox 1008 1239 1281 1292; x_wconf 86' lang='grc' dir='ltr'><em>προσώρμισε</em></span> <span class='ocrx_word' id='word_1_133' title='bbox 1311 1243 1373 1292; x_wconf 75' lang='grc' dir='ltr'><em>τῷ</em></span> <span class='ocrx_word' id='word_1_134' title='bbox 1403 1239 1532 1293; x_wconf 83' lang='grc' dir='ltr'><em>λιμένι</em></span> <span class='ocrx_word' id='word_1_135' title='bbox 1562 1242 1647 1280; x_wconf 81' lang='grc' dir='ltr'><em>τῶν</em></span> <span class='ocrx_word' id='word_1_136' title='bbox 1668 1238 1847 1293; x_wconf 83' lang='grc' dir='ltr'><em>Σοφιῶν</em></span> 
     </span>
     <span class='ocr_line' id='line_1_16' title="bbox 291 1304 1906 1362; baseline 0.002 -18"><span class='ocrx_word' id='word_1_137' title='bbox 291 1308 338 1343; x_wconf 80' lang='grc'><em>43</em></span> <span class='ocrx_word' id='word_1_138' title='bbox 351 1304 421 1346; x_wconf 82' lang='grc' dir='ltr'><em>καὶ</em></span> <span class='ocrx_word' id='word_1_139' title='bbox 441 1305 582 1360; x_wconf 80' lang='grc' dir='ltr'><em>μάχης</em></span> <span class='ocrx_word' id='word_1_140' title='bbox 604 1307 958 1361; x_wconf 72' lang='grc' dir='ltr'><em>συγκροτηθείσης</em></span> <span class='ocrx_word' id='word_1_141' title='bbox 979 1307 1180 1360; x_wconf 75' lang='grc' dir='ltr'><em>ὑπερέσχε</em></span> <span class='ocrx_word' id='word_1_142' title='bbox 1200 1310 1285 1348; x_wconf 86' lang='grc' dir='ltr'><em>τῶν</em></span> <span class='ocrx_word' id='word_1_143' title='bbox 1309 1311 1381 1348; x_wconf 86' lang='grc' dir='ltr'><em>τοῦ</em></span> <span class='ocrx_word' id='word_1_144' title='bbox 1405 1307 1551 1348; x_wconf 86' lang='grc' dir='ltr'><em>Φωκᾶ.</em></span> <span class='ocrx_word' id='word_1_145' title='bbox 1614 1308 1847 1362; x_wconf 86' lang='grc' dir='ltr'><em>συνήργητο</em></span> <span class='ocrx_word' id='word_1_146' title='bbox 1863 1312 1906 1348; x_wconf 88' lang='lat'><em>15</em></span> 
     </span>
     <span class='ocr_line' id='line_1_17' title="bbox 353 1374 1848 1430; baseline 0.003 -17"><span class='ocrx_word' id='word_1_147' title='bbox 353 1374 431 1427; x_wconf 76' lang='grc' dir='ltr'><em>γὰρ</em></span> <span class='ocrx_word' id='word_1_148' title='bbox 471 1375 540 1415; x_wconf 85' lang='grc' dir='ltr'><em>καὶ</em></span> <span class='ocrx_word' id='word_1_149' title='bbox 583 1374 663 1415; x_wconf 71' lang='grc' dir='ltr'><em>ὑπὸ</em></span> <span class='ocrx_word' id='word_1_150' title='bbox 700 1379 773 1416; x_wconf 85' lang='grc' dir='ltr'><em>τοῦ</em></span> <span class='ocrx_word' id='word_1_151' title='bbox 812 1374 1005 1428; x_wconf 76' lang='grc' dir='ltr'><em>Κρίσπου</em></span> <span class='ocrx_word' id='word_1_152' title='bbox 1044 1375 1118 1429; x_wconf 69' lang='grc' dir='ltr'><em>τὴν</em></span> <span class='ocrx_word' id='word_1_153' title='bbox 1162 1380 1233 1415; x_wconf 67' lang='grc' dir='ltr'><em>τοῦ</em></span> <span class='ocrx_word' id='word_1_154' title='bbox 1278 1376 1465 1429; x_wconf 76' lang='grc' dir='ltr'><em>ἐπάρχου</em></span> <span class='ocrx_word' id='word_1_155' title='bbox 1509 1375 1597 1417; x_wconf 88' lang='grc' dir='ltr'><em>τότε</em></span> <span class='ocrx_word' id='word_1_156' title='bbox 1639 1376 1848 1430; x_wconf 83' lang='grc' dir='ltr'><em>μετιόντος</em></span> 
     </span>
     <span class='ocr_line' id='line_1_18' title="bbox 292 1443 1846 1498; baseline 0.004 -19"><span class='ocrx_word' id='word_1_157' title='bbox 292 1443 500 1497; x_wconf 60' lang='grc' dir='ltr'><em>»Ηὰρχήικ</em></span> <span class='ocrx_word' id='word_1_158' title='bbox 570 1443 733 1489; x_wconf 80' lang='grc' dir='ltr'><em>Φώτιος</em></span> <span class='ocrx_word' id='word_1_159' title='bbox 766 1444 811 1484; x_wconf 73' lang='grc' dir='ltr'><em>δὲ</em></span> <span class='ocrx_word' id='word_1_160' title='bbox 842 1447 926 1484; x_wconf 82' lang='grc' dir='ltr'><em>τῶν</em></span> <span class='ocrx_word' id='word_1_161' title='bbox 964 1445 1181 1497; x_wconf 64' lang='grc' dir='ltr'><em>ἐπιφανῶν</em></span> <span class='ocrx_word' id='word_1_162' title='bbox 1221 1444 1438 1498; x_wconf 66' lang='grc' dir='ltr'><em>ὑπάρχων,</em></span> <span class='ocrx_word' id='word_1_163' title='bbox 1485 1443 1535 1485; x_wconf 80' lang='grc' dir='ltr'><em>οὗ</em></span> <span class='ocrx_word' id='word_1_164' title='bbox 1567 1444 1641 1498; x_wconf 81' lang='grc' dir='ltr'><em>τὴν</em></span> <span class='ocrx_word' id='word_1_165' title='bbox 1672 1448 1846 1498; x_wconf 85' lang='grc' dir='ltr'><em>γυναῖκα</em></span> 
     </span>
     <span class='ocr_line' id='line_1_19' title="bbox 353 1511 1848 1567; baseline 0.002 -17"><span class='ocrx_word' id='word_1_166' title='bbox 353 1512 376 1550; x_wconf 72' lang='grc' dir='ltr'>ὁ</span> <span class='ocrx_word' id='word_1_167' title='bbox 409 1511 610 1564; x_wconf 86' lang='grc' dir='ltr'><em>τύραννος</em></span> <span class='ocrx_word' id='word_1_168' title='bbox 640 1513 711 1566; x_wconf 73' lang='grc' dir='ltr'><em>βία</em></span> <span class='ocrx_word' id='word_1_169' title='bbox 743 1512 971 1566; x_wconf 62' lang='grc' dir='ltr'><em>ἐμοίχευσε,</em></span> <span class='ocrx_word' id='word_1_170' title='bbox 1012 1512 1087 1553; x_wconf 75' lang='grc' dir='ltr'><em>σὺν</em></span> <span class='ocrx_word' id='word_1_171' title='bbox 1117 1513 1267 1566; x_wconf 71' lang='grc' dir='ltr'><em>πλήθει</em></span> <span class='ocrx_word' id='word_1_172' title='bbox 1301 1516 1565 1566; x_wconf 83' lang='grc' dir='ltr'><em>στρατιωτῶν</em></span> <span class='ocrx_word' id='word_1_173' title='bbox 1596 1512 1848 1567; x_wconf 83' lang='grc' dir='ltr'><em>καταλαβὼν</em></span> 
     </span>
     <span class='ocr_line' id='line_1_20' title="bbox 351 1579 1848 1634; baseline 0.002 -15"><span class='ocrx_word' id='word_1_174' title='bbox 351 1579 400 1620; x_wconf 83' lang='grc' dir='ltr'><em>τὰ</em></span> <span class='ocrx_word' id='word_1_175' title='bbox 431 1580 614 1634; x_wconf 82' lang='grc' dir='ltr'><em>βασίλεια</em></span> <span class='ocrx_word' id='word_1_176' title='bbox 646 1581 877 1621; x_wconf 84' lang='grc' dir='ltr'><em>κατέσπασε</em></span> <span class='ocrx_word' id='word_1_177' title='bbox 908 1585 980 1621; x_wconf 85' lang='grc' dir='ltr'><em>τοῦ</em></span> <span class='ocrx_word' id='word_1_178' title='bbox 1013 1581 1174 1633; x_wconf 57' lang='grc' dir='ltr'><em>’θρόνου</em></span> <span class='ocrx_word' id='word_1_179' title='bbox 1206 1580 1277 1621; x_wconf 81' lang='grc' dir='ltr'><em>τὸν</em></span> <span class='ocrx_word' id='word_1_180' title='bbox 1308 1581 1511 1634; x_wconf 82' lang='grc' dir='ltr'><em>τύραννον</em></span> <span class='ocrx_word' id='word_1_181' title='bbox 1552 1579 1608 1634; x_wconf 81' lang='grc' dir='ltr'><em>(οἱ</em></span> <span class='ocrx_word' id='word_1_182' title='bbox 1644 1580 1723 1634; x_wconf 85' lang='grc' dir='ltr'><em>γὰρ</em></span> <span class='ocrx_word' id='word_1_183' title='bbox 1754 1581 1848 1633; x_wconf 81' lang='grc' dir='ltr'><em>περὶ</em></span> 
     </span>
     <span class='ocr_line' id='line_1_21' title="bbox 292 1648 1910 1704; baseline 0.001 -15"><span class='ocrx_word' id='word_1_184' title='bbox 292 1650 337 1685; x_wconf 73' lang='grc'><em>45</em></span> <span class='ocrx_word' id='word_1_185' title='bbox 353 1648 479 1690; x_wconf 69' lang='grc' dir='ltr'><em>αὐτὸν</em></span> <span class='ocrx_word' id='word_1_186' title='bbox 510 1649 760 1702; x_wconf 84' lang='grc' dir='ltr'><em>ἀπογνόντες</em></span> <span class='ocrx_word' id='word_1_187' title='bbox 789 1652 874 1690; x_wconf 85' lang='grc' dir='ltr'><em>τῶν</em></span> <span class='ocrx_word' id='word_1_188' title='bbox 904 1649 1124 1704; x_wconf 86' lang='grc' dir='ltr'><em>βασιλείων</em></span> <span class='ocrx_word' id='word_1_189' title='bbox 1154 1648 1505 1704; x_wconf 76' lang='grc' dir='ltr'><em>ὑπανεχώρησαν)</em></span> <span class='ocrx_word' id='word_1_190' title='bbox 1540 1649 1610 1690; x_wconf 87' lang='grc' dir='ltr'><em>καὶ</em></span> <span class='ocrx_word' id='word_1_191' title='bbox 1632 1649 1849 1695; x_wconf 75' lang='grc' dir='ltr'><em>ἀποδύσας</em></span> <span class='ocrx_word' id='word_1_192' title='bbox 1862 1654 1910 1690; x_wconf 92' lang='grc'><em>20</em></span> 
     </span>
    </p>
   </div>
   <div class='ocr_carea' id='block_1_3' title="bbox 354 1799 825 1846">
    <p class='ocr_par' dir='ltr' id='par_1_3' title="bbox 354 1799 825 1846">
     <span class='ocr_line' id='line_1_22' title="bbox 354 1799 825 1846; baseline 0.002 -11"><span class='ocrx_word' id='word_1_193' title='bbox 354 1799 399 1836; x_wconf 87' lang='grc'><em>13</em></span> <span class='ocrx_word' id='word_1_194' title='bbox 423 1800 508 1846; x_wconf 82' lang='grc' dir='ltr'><em>ἧττα</em></span> <span class='ocrx_word' id='word_1_195' title='bbox 533 1806 593 1836; x_wconf 83' lang='grc' dir='ltr'><em>τοῦ</em></span> <span class='ocrx_word' id='word_1_196' title='bbox 624 1802 736 1836; x_wconf 85' lang='grc' dir='ltr'><em>Φωκᾶ</em></span> <span class='ocrx_word' id='word_1_197' title='bbox 763 1799 825 1836; x_wconf 83' lang='grc' dir='ltr'><em>ΟΕ</em></span> 
     </span>
    </p>
   </div>
   <div class='ocr_carea' id='block_1_4' title="bbox 425 1941 1850 2131">
    <p class='ocr_par' dir='ltr' id='par_1_4' title="bbox 425 1941 1850 2131">
     <span class='ocr_line' id='line_1_23' title="bbox 425 1941 1848 1987; baseline 0.001 -12"><span class='ocrx_word' id='word_1_198' title='bbox 425 1942 447 1975; x_wconf 79' lang='grc'><strong>6</strong></span> <span class='ocrx_word' id='word_1_199' title='bbox 472 1942 712 1986; x_wconf 80' lang='grc' dir='ltr'><em>πλωιζόμενον</em></span> <span class='ocrx_word' id='word_1_200' title='bbox 739 1941 872 1986; x_wconf 84' lang='lat' dir='ltr'>DEwp</span> <span class='ocrx_word' id='word_1_201' title='bbox 984 1942 1006 1976; x_wconf 83' lang='lat'>8</span> <span class='ocrx_word' id='word_1_202' title='bbox 1033 1941 1134 1986; x_wconf 69' lang='grc' dir='ltr'><em>πεζῇ]</em></span> <span class='ocrx_word' id='word_1_203' title='bbox 1161 1942 1272 1986; x_wconf 70' lang='grc' dir='ltr'><em>πολλῇ</em></span> <span class='ocrx_word' id='word_1_204' title='bbox 1298 1941 1344 1985; x_wconf 79' lang='grc' dir='ltr'><em>Ι),</em></span> <span class='ocrx_word' id='word_1_205' title='bbox 1372 1952 1521 1987; x_wconf 78' lang='lat' dir='ltr'>magno</span> <span class='ocrx_word' id='word_1_206' title='bbox 1549 1942 1749 1976; x_wconf 78' lang='lat' dir='ltr'>exercitu:</span> <span class='ocrx_word' id='word_1_207' title='bbox 1782 1943 1848 1977; x_wconf 86' lang='lat' dir='ltr'><em>Wo</em></span> 
     </span>
     <span class='ocr_line' id='line_1_24' title="bbox 426 1988 1847 2035; baseline 0 -11"><span class='ocrx_word' id='word_1_208' title='bbox 426 1990 490 2025; x_wconf 85' lang='lat' dir='ltr'>lat.</span> <span class='ocrx_word' id='word_1_209' title='bbox 589 1995 709 2024; x_wconf 81' lang='grc' dir='ltr'><em>τοῦτον</em></span> <span class='ocrx_word' id='word_1_210' title='bbox 728 1989 774 2033; x_wconf 90' lang='lat' dir='ltr'><em>D,</em></span> <span class='ocrx_word' id='word_1_211' title='bbox 792 1995 852 2024; x_wconf 83' lang='grc' dir='ltr'><em>τοῦ</em></span> <span class='ocrx_word' id='word_1_212' title='bbox 871 1990 929 2024; x_wconf 82' lang='grc' dir='ltr'><em>τὸν</em></span> <span class='ocrx_word' id='word_1_213' title='bbox 947 2000 1046 2024; x_wconf 73' lang='lat' dir='ltr'>corr.</span> <span class='ocrx_word' id='word_1_214' title='bbox 1064 1989 1131 2027; x_wconf 84' lang='lat' dir='ltr'><em>Dw</em></span> <span class='ocrx_word' id='word_1_215' title='bbox 1232 1989 1276 2024; x_wconf 83' lang='grc'><em>12</em></span> <span class='ocrx_word' id='word_1_216' title='bbox 1294 1994 1353 2024; x_wconf 84' lang='grc' dir='ltr'><em>τοῦ</em></span> <span class='ocrx_word' id='word_1_217' title='bbox 1373 1989 1540 2034; x_wconf 71' lang='lat' dir='ltr'>prDi,</span> <span class='ocrx_word' id='word_1_218' title='bbox 1561 2000 1636 2025; x_wconf 86' lang='lat' dir='ltr'><em>om.</em></span> <span class='ocrx_word' id='word_1_219' title='bbox 1655 1988 1701 2033; x_wconf 89' lang='lat' dir='ltr'><em>A,</em></span> <span class='ocrx_word' id='word_1_220' title='bbox 1720 1990 1847 2035; x_wconf 81' lang='lat' dir='ltr'><strong>suppl.</strong></span> 
     </span>
     <span class='ocr_line' id='line_1_25' title="bbox 425 2036 1848 2083; baseline -0.001 -11"><span class='ocrx_word' id='word_1_221' title='bbox 425 2037 479 2076; x_wconf 80' lang='lat' dir='ltr'><em>Ar</em></span> <span class='ocrx_word' id='word_1_222' title='bbox 572 2038 626 2072; x_wconf 86' lang='lat'><em>13.</em></span> <span class='ocrx_word' id='word_1_223' title='bbox 644 2037 688 2072; x_wconf 88' lang='lat'><em>14</em></span> <span class='ocrx_word' id='word_1_224' title='bbox 711 2038 971 2083; x_wconf 84' lang='grc' dir='ltr'><em>προκατέλαβεν</em></span> <span class='ocrx_word' id='word_1_225' title='bbox 998 2037 1060 2072; x_wconf 81' lang='grc' dir='ltr'><em>οὖν</em></span> <span class='ocrx_word' id='word_1_226' title='bbox 1080 2037 1115 2071; x_wconf 95' lang='lat' dir='ltr'>D</span> <span class='ocrx_word' id='word_1_227' title='bbox 1216 2037 1259 2072; x_wconf 87' lang='grc'><em>16</em></span> <span class='ocrx_word' id='word_1_228' title='bbox 1283 2037 1436 2082; x_wconf 81' lang='grc' dir='ltr'><em>πρίσκου</em></span> <span class='ocrx_word' id='word_1_229' title='bbox 1456 2037 1569 2083; x_wconf 89' lang='lat' dir='ltr'>pr,</span> <span class='ocrx_word' id='word_1_230' title='bbox 1596 2038 1749 2081; x_wconf 87' lang='grc' dir='ltr'><em>κρίσπου</em></span> <span class='ocrx_word' id='word_1_231' title='bbox 1767 2036 1848 2080; x_wconf 86' lang='lat' dir='ltr'><em>AR,</em></span> 
     </span>
     <span class='ocr_line' id='line_1_26' title="bbox 426 2083 1850 2131; baseline 0 -11"><span class='ocrx_word' id='word_1_232' title='bbox 426 2097 463 2120; x_wconf 90' lang='lat' dir='ltr'><em>v.</em></span> <span class='ocrx_word' id='word_1_233' title='bbox 483 2096 640 2131; x_wconf 84' lang='lat' dir='ltr'>argum.</span> <span class='ocrx_word' id='word_1_234' title='bbox 660 2085 710 2120; x_wconf 86' lang='lat' dir='ltr'><em>ad</em></span> <span class='ocrx_word' id='word_1_235' title='bbox 730 2085 820 2120; x_wconf 88' lang='lat' dir='ltr'><em>XIV</em></span> <span class='ocrx_word' id='word_1_236' title='bbox 841 2085 895 2129; x_wconf 87' lang='lat'><em>14,</em></span> <span class='ocrx_word' id='word_1_237' title='bbox 914 2085 960 2120; x_wconf 90' lang='lat'><em>33</em></span> <span class='ocrx_word' id='word_1_238' title='bbox 980 2087 1019 2120; x_wconf 89' lang='lat' dir='ltr'><em>et</em></span> <span class='ocrx_word' id='word_1_239' title='bbox 1038 2085 1128 2120; x_wconf 80' lang='lat' dir='ltr'><em>Due</em></span> <span class='ocrx_word' id='word_1_240' title='bbox 1149 2086 1240 2120; x_wconf 85' lang='lat' dir='ltr'><em>fam.</em></span> <span class='ocrx_word' id='word_1_241' title='bbox 1260 2084 1354 2131; x_wconf 84' lang='lat' dir='ltr'>Byz.</span> <span class='ocrx_word' id='word_1_242' title='bbox 1375 2096 1410 2130; x_wconf 88' lang='lat' dir='ltr'><em>p.</em></span> <span class='ocrx_word' id='word_1_243' title='bbox 1430 2085 1476 2120; x_wconf 84' lang='lat'><em>93</em></span> <span class='ocrx_word' id='word_1_244' title='bbox 1575 2085 1619 2121; x_wconf 79' lang='lat'><em>17</em></span> <span class='ocrx_word' id='word_1_245' title='bbox 1636 2085 1801 2130; x_wconf 82' lang='grc' dir='ltr'><em>ἐπάρχων</em></span> <span class='ocrx_word' id='word_1_246' title='bbox 1821 2083 1850 2120; x_wconf 91' lang='lat' dir='ltr'>C</span> 
     </span>
    </p>
   </div>
   <div class='ocr_carea' id='block_1_5' title="bbox 293 2227 1853 2942">
    <p class='ocr_par' dir='ltr' id='par_1_5' title="bbox 293 2227 1853 2942">
     <span class='ocr_line' id='line_1_27' title="bbox 355 2227 1850 2275; baseline -0.001 -11"><span class='ocrx_word' id='word_1_247' title='bbox 355 2232 523 2275; x_wconf 87' lang='lat' dir='ltr'>patrem,</span> <span class='ocrx_word' id='word_1_248' title='bbox 565 2230 632 2274; x_wconf 94' lang='lat' dir='ltr'>qui</span> <span class='ocrx_word' id='word_1_249' title='bbox 659 2229 828 2274; x_wconf 89' lang='lat' dir='ltr'>imperio</span> <span class='ocrx_word' id='word_1_250' title='bbox 856 2230 1007 2275; x_wconf 88' lang='lat' dir='ltr'>potitus</span> <span class='ocrx_word' id='word_1_251' title='bbox 1040 2232 1111 2271; x_wconf 82' lang='lat' dir='ltr'>est,</span> <span class='ocrx_word' id='word_1_252' title='bbox 1150 2227 1314 2264; x_wconf 79' lang='lat' dir='ltr'>Africae</span> <span class='ocrx_word' id='word_1_253' title='bbox 1341 2232 1380 2264; x_wconf 91' lang='lat' dir='ltr'><em>et</em></span> <span class='ocrx_word' id='word_1_254' title='bbox 1406 2228 1562 2274; x_wconf 81' lang='lat' dir='ltr'>Libyae</span> <span class='ocrx_word' id='word_1_255' title='bbox 1589 2230 1850 2274; x_wconf 81' lang='lat' dir='ltr'>praefectum,</span> 
     </span>
     <span class='ocr_line' id='line_1_28' title="bbox 293 2274 1851 2322; baseline 0.001 -13"><span class='ocrx_word' id='word_1_256' title='bbox 293 2274 340 2310; x_wconf 90' lang='grc'><em>39</em></span> <span class='ocrx_word' id='word_1_257' title='bbox 356 2280 528 2321; x_wconf 83' lang='lat' dir='ltr'>orantes,</span> <span class='ocrx_word' id='word_1_258' title='bbox 568 2280 613 2312; x_wconf 91' lang='lat' dir='ltr'><em>ut</em></span> <span class='ocrx_word' id='word_1_259' title='bbox 645 2287 688 2312; x_wconf 86' lang='lat' dir='ltr'><em>se</em></span> <span class='ocrx_word' id='word_1_260' title='bbox 725 2277 942 2322; x_wconf 80' lang='lat' dir='ltr'>tyrannide</span> <span class='ocrx_word' id='word_1_261' title='bbox 968 2276 1129 2312; x_wconf 84' lang='lat' dir='ltr'>Phoeae</span> <span class='ocrx_word' id='word_1_262' title='bbox 1156 2277 1355 2311; x_wconf 81' lang='lat' dir='ltr'>liberaret.</span> <span class='ocrx_word' id='word_1_263' title='bbox 1408 2277 1503 2311; x_wconf 88' lang='lat' dir='ltr'>Erat</span> <span class='ocrx_word' id='word_1_264' title='bbox 1529 2276 1716 2311; x_wconf 87' lang='lat' dir='ltr'>Heraclio</span> <span class='ocrx_word' id='word_1_265' title='bbox 1743 2276 1851 2322; x_wconf 84' lang='lat' dir='ltr'>lega-</span> 
     </span>
     <span class='ocr_line' id='line_1_29' title="bbox 294 2322 1853 2371; baseline 0 -13"><span class='ocrx_word' id='word_1_266' title='bbox 294 2322 342 2358; x_wconf 90' lang='lat'><em>40</em></span> <span class='ocrx_word' id='word_1_267' title='bbox 354 2327 419 2360; x_wconf 88' lang='lat' dir='ltr'><em>tus</em></span> <span class='ocrx_word' id='word_1_268' title='bbox 445 2323 662 2371; x_wconf 80' lang='lat' dir='ltr'>Gregoras,</span> <span class='ocrx_word' id='word_1_269' title='bbox 702 2325 764 2360; x_wconf 92' lang='lat' dir='ltr'><em>vir</em></span> <span class='ocrx_word' id='word_1_270' title='bbox 797 2325 971 2360; x_wconf 87' lang='lat' dir='ltr'>illustris.</span> <span class='ocrx_word' id='word_1_271' title='bbox 1023 2324 1097 2366; x_wconf 78' lang='lat' dir='ltr'><em>Qui</em></span> <span class='ocrx_word' id='word_1_272' title='bbox 1127 2324 1207 2359; x_wconf 89' lang='lat' dir='ltr'><em>duo</em></span> <span class='ocrx_word' id='word_1_273' title='bbox 1235 2325 1335 2359; x_wconf 82' lang='lat' dir='ltr'>inita</span> <span class='ocrx_word' id='word_1_274' title='bbox 1367 2325 1664 2369; x_wconf 79' lang='lat' dir='ltr'>conspiratione</span> <span class='ocrx_word' id='word_1_275' title='bbox 1691 2324 1853 2359; x_wconf 88' lang='lat' dir='ltr'>mittunt</span> 
     </span>
     <span class='ocr_line' id='line_1_30' title="bbox 356 2372 1852 2418; baseline -0.001 -11"><span class='ocrx_word' id='word_1_276' title='bbox 356 2375 497 2407; x_wconf 83' lang='lat' dir='ltr'>eontra</span> <span class='ocrx_word' id='word_1_277' title='bbox 535 2375 754 2418; x_wconf 84' lang='lat' dir='ltr'>tyrannum</span> <span class='ocrx_word' id='word_1_278' title='bbox 794 2383 889 2408; x_wconf 89' lang='lat' dir='ltr'>suos</span> <span class='ocrx_word' id='word_1_279' title='bbox 927 2373 1039 2415; x_wconf 84' lang='lat' dir='ltr'>filios,</span> <span class='ocrx_word' id='word_1_280' title='bbox 1078 2372 1291 2407; x_wconf 78' lang='lat' dir='ltr'>Heraclius</span> <span class='ocrx_word' id='word_1_281' title='bbox 1325 2372 1556 2406; x_wconf 81' lang='lat' dir='ltr'>Heraclium</span> <span class='ocrx_word' id='word_1_282' title='bbox 1588 2372 1852 2417; x_wconf 86' lang='lat' dir='ltr'>navigantem</span> 
     </span>
     <span class='ocr_line' id='line_1_31' title="bbox 355 2419 1851 2466; baseline -0.001 -11"><span class='ocrx_word' id='word_1_283' title='bbox 355 2430 447 2455; x_wconf 83' lang='lat' dir='ltr'>eum</span> <span class='ocrx_word' id='word_1_284' title='bbox 474 2420 602 2456; x_wconf 87' lang='lat' dir='ltr'>classe</span> <span class='ocrx_word' id='word_1_285' title='bbox 627 2425 667 2456; x_wconf 89' lang='lat' dir='ltr'><em>et</em></span> <span class='ocrx_word' id='word_1_286' title='bbox 692 2421 852 2466; x_wconf 83' lang='lat' dir='ltr'>magnis</span> <span class='ocrx_word' id='word_1_287' title='bbox 871 2421 1007 2465; x_wconf 84' lang='lat' dir='ltr'>copiis,</span> <span class='ocrx_word' id='word_1_288' title='bbox 1036 2419 1242 2465; x_wconf 79' lang='lat' dir='ltr'>Gregoras</span> <span class='ocrx_word' id='word_1_289' title='bbox 1269 2419 1463 2465; x_wconf 77' lang='lat' dir='ltr'>patricius</span> <span class='ocrx_word' id='word_1_290' title='bbox 1478 2419 1659 2454; x_wconf 80' lang='lat' dir='ltr'>Nicetam</span> <span class='ocrx_word' id='word_1_291' title='bbox 1675 2419 1851 2464; x_wconf 79' lang='lat' dir='ltr'>pedestri</span> 
     </span>
     <span class='ocr_line' id='line_1_32' title="bbox 354 2466 1852 2514; baseline -0.001 -12"><span class='ocrx_word' id='word_1_292' title='bbox 354 2468 498 2503; x_wconf 86' lang='lat' dir='ltr'>itinere</span> <span class='ocrx_word' id='word_1_293' title='bbox 525 2478 615 2503; x_wconf 84' lang='lat' dir='ltr'>eum</span> <span class='ocrx_word' id='word_1_294' title='bbox 642 2468 776 2503; x_wconf 88' lang='lat' dir='ltr'>multis</span> <span class='ocrx_word' id='word_1_295' title='bbox 804 2468 1008 2514; x_wconf 81' lang='lat' dir='ltr'>equitibus</span> <span class='ocrx_word' id='word_1_296' title='bbox 1035 2471 1074 2502; x_wconf 90' lang='lat' dir='ltr'><em>et</em></span> <span class='ocrx_word' id='word_1_297' title='bbox 1100 2467 1293 2513; x_wconf 77' lang='lat' dir='ltr'>peditatu,</span> <span class='ocrx_word' id='word_1_298' title='bbox 1321 2477 1369 2502; x_wconf 88' lang='lat' dir='ltr'>ea</span> <span class='ocrx_word' id='word_1_299' title='bbox 1398 2466 1646 2510; x_wconf 81' lang='lat' dir='ltr'>condicione,</span> <span class='ocrx_word' id='word_1_300' title='bbox 1673 2471 1728 2510; x_wconf 87' lang='lat' dir='ltr'><em>ut,</em></span> <span class='ocrx_word' id='word_1_301' title='bbox 1761 2469 1852 2502; x_wconf 83' lang='lat' dir='ltr'>uter</span> 
     </span>
     <span class='ocr_line' id='line_1_33' title="bbox 355 2514 1851 2561; baseline -0.001 -11"><span class='ocrx_word' id='word_1_302' title='bbox 355 2516 465 2560; x_wconf 88' lang='lat' dir='ltr'>prior</span> <span class='ocrx_word' id='word_1_303' title='bbox 490 2515 743 2561; x_wconf 81' lang='lat' dir='ltr'>metropolim</span> <span class='ocrx_word' id='word_1_304' title='bbox 770 2519 1009 2561; x_wconf 80' lang='lat' dir='ltr'>occupasset</span> <span class='ocrx_word' id='word_1_305' title='bbox 1034 2518 1334 2560; x_wconf 85' lang='lat' dir='ltr'>tyrannumque</span> <span class='ocrx_word' id='word_1_306' title='bbox 1361 2514 1597 2557; x_wconf 83' lang='lat' dir='ltr'>sustulisset,</span> <span class='ocrx_word' id='word_1_307' title='bbox 1624 2514 1657 2549; x_wconf 92' lang='lat' dir='ltr'><em>is</em></span> <span class='ocrx_word' id='word_1_308' title='bbox 1683 2515 1851 2560; x_wconf 89' lang='lat' dir='ltr'>imperio</span> 
     </span>
     <span class='ocr_line' id='line_1_34' title="bbox 294 2561 1852 2609; baseline 0.001 -14"><span class='ocrx_word' id='word_1_309' title='bbox 294 2561 336 2595; x_wconf 84' lang='lat'><em>41</em></span> <span class='ocrx_word' id='word_1_310' title='bbox 355 2563 563 2608; x_wconf 85' lang='lat' dir='ltr'>potiretur.</span> <span class='ocrx_word' id='word_1_311' title='bbox 614 2563 686 2598; x_wconf 83' lang='lat' dir='ltr'><em>His</em></span> <span class='ocrx_word' id='word_1_312' title='bbox 713 2564 886 2609; x_wconf 82' lang='lat' dir='ltr'>cognitis</span> <span class='ocrx_word' id='word_1_313' title='bbox 913 2562 1068 2598; x_wconf 85' lang='lat' dir='ltr'>Phoeas</span> <span class='ocrx_word' id='word_1_314' title='bbox 1093 2562 1268 2597; x_wconf 83' lang='lat' dir='ltr'>Heraclii</span> <span class='ocrx_word' id='word_1_315' title='bbox 1295 2565 1461 2596; x_wconf 87' lang='lat' dir='ltr'>matrem</span> <span class='ocrx_word' id='word_1_316' title='bbox 1497 2566 1535 2596; x_wconf 86' lang='lat' dir='ltr'><em>et</em></span> <span class='ocrx_word' id='word_1_317' title='bbox 1562 2572 1750 2607; x_wconf 87' lang='lat' dir='ltr'>sponsam</span> <span class='ocrx_word' id='word_1_318' title='bbox 1777 2562 1852 2597; x_wconf 85' lang='lat' dir='ltr'><em>Eu-</em></span> 
     </span>
     <span class='ocr_line' id='line_1_35' title="bbox 356 2608 1851 2656; baseline -0.001 -11"><span class='ocrx_word' id='word_1_319' title='bbox 356 2610 524 2655; x_wconf 80' lang='lat' dir='ltr'>dociam,</span> <span class='ocrx_word' id='word_1_320' title='bbox 556 2621 678 2656; x_wconf 84' lang='lat' dir='ltr'>quam</span> <span class='ocrx_word' id='word_1_321' title='bbox 703 2611 767 2646; x_wconf 88' lang='lat' dir='ltr'>ille</span> <span class='ocrx_word' id='word_1_322' title='bbox 794 2612 834 2646; x_wconf 91' lang='lat' dir='ltr'><em>in</em></span> <span class='ocrx_word' id='word_1_323' title='bbox 861 2610 998 2646; x_wconf 81' lang='lat' dir='ltr'>Africa</span> <span class='ocrx_word' id='word_1_324' title='bbox 1025 2610 1100 2645; x_wconf 84' lang='lat' dir='ltr'>sibi</span> <span class='ocrx_word' id='word_1_325' title='bbox 1127 2609 1409 2655; x_wconf 83' lang='lat' dir='ltr'>desponderat,</span> <span class='ocrx_word' id='word_1_326' title='bbox 1449 2610 1640 2655; x_wconf 82' lang='lat' dir='ltr'>principis</span> <span class='ocrx_word' id='word_1_327' title='bbox 1670 2608 1851 2644; x_wconf 84' lang='lat' dir='ltr'>Africani</span> 
     </span>
     <span class='ocr_line' id='line_1_36' title="bbox 294 2655 1852 2704; baseline 0.001 -14"><span class='ocrx_word' id='word_1_328' title='bbox 294 2655 341 2690; x_wconf 89' lang='grc'><em>42</em></span> <span class='ocrx_word' id='word_1_329' title='bbox 356 2658 486 2701; x_wconf 86' lang='lat' dir='ltr'>filiam,</span> <span class='ocrx_word' id='word_1_330' title='bbox 507 2659 816 2704; x_wconf 82' lang='lat' dir='ltr'>comprehensas</span> <span class='ocrx_word' id='word_1_331' title='bbox 837 2659 1078 2694; x_wconf 81' lang='lat' dir='ltr'>monasterio</span> <span class='ocrx_word' id='word_1_332' title='bbox 1094 2658 1263 2693; x_wconf 80' lang='lat' dir='ltr'>inclusit.</span> <span class='ocrx_word' id='word_1_333' title='bbox 1315 2656 1499 2692; x_wconf 83' lang='lat' dir='ltr'>Ceterum</span> <span class='ocrx_word' id='word_1_334' title='bbox 1515 2657 1725 2692; x_wconf 78' lang='lat' dir='ltr'>Heraclius</span> <span class='ocrx_word' id='word_1_335' title='bbox 1743 2660 1852 2692; x_wconf 88' lang='lat' dir='ltr'>ante-</span> 
     </span>
     <span class='ocr_line' id='line_1_37' title="bbox 356 2705 1852 2752; baseline 0.001 -14"><span class='ocrx_word' id='word_1_336' title='bbox 356 2706 477 2740; x_wconf 80' lang='lat' dir='ltr'>vertit</span> <span class='ocrx_word' id='word_1_337' title='bbox 503 2709 542 2741; x_wconf 90' lang='lat' dir='ltr'><em>et</em></span> <span class='ocrx_word' id='word_1_338' title='bbox 573 2707 615 2741; x_wconf 90' lang='lat' dir='ltr'><em>in</em></span> <span class='ocrx_word' id='word_1_339' title='bbox 642 2705 883 2751; x_wconf 84' lang='lat' dir='ltr'>Sophiarum</span> <span class='ocrx_word' id='word_1_340' title='bbox 909 2709 1030 2752; x_wconf 85' lang='lat' dir='ltr'>portu</span> <span class='ocrx_word' id='word_1_341' title='bbox 1055 2705 1211 2751; x_wconf 81' lang='lat' dir='ltr'>appulit</span> <span class='ocrx_word' id='word_1_342' title='bbox 1238 2706 1530 2749; x_wconf 78' lang='lat' dir='ltr'>commissaque</span> <span class='ocrx_word' id='word_1_343' title='bbox 1557 2715 1696 2750; x_wconf 83' lang='lat' dir='ltr'>pugna</span> <span class='ocrx_word' id='word_1_344' title='bbox 1723 2705 1852 2740; x_wconf 83' lang='lat' dir='ltr'>evasit</span> 
     </span>
     <span class='ocr_line' id='line_1_38' title="bbox 295 2750 1852 2800; baseline 0 -14"><span class='ocrx_word' id='word_1_345' title='bbox 295 2750 552 2798; x_wconf 81' lang='lat' dir='ltr'>43superior‚</span> <span class='ocrx_word' id='word_1_346' title='bbox 578 2754 801 2789; x_wconf 85' lang='lat' dir='ltr'>adiuvante</span> <span class='ocrx_word' id='word_1_347' title='bbox 820 2753 971 2800; x_wconf 88' lang='lat' dir='ltr'>Crispo,</span> <span class='ocrx_word' id='word_1_348' title='bbox 999 2753 1067 2798; x_wconf 88' lang='lat' dir='ltr'>qui</span> <span class='ocrx_word' id='word_1_349' title='bbox 1088 2753 1281 2798; x_wconf 81' lang='lat' dir='ltr'>praefecti</span> <span class='ocrx_word' id='word_1_350' title='bbox 1309 2752 1461 2787; x_wconf 83' lang='lat' dir='ltr'>honore</span> <span class='ocrx_word' id='word_1_351' title='bbox 1487 2756 1571 2786; x_wconf 82' lang='lat' dir='ltr'><em>tum</em></span> <span class='ocrx_word' id='word_1_352' title='bbox 1592 2753 1852 2797; x_wconf 84' lang='lat' dir='ltr'>fungebatur.</span> 
     </span>
     <span class='ocr_line' id='line_1_39' title="bbox 296 2798 1853 2845; baseline 0.001 -12"><span class='ocrx_word' id='word_1_353' title='bbox 296 2798 343 2833; x_wconf 87' lang='lat'><em>44</em></span> <span class='ocrx_word' id='word_1_354' title='bbox 356 2799 522 2835; x_wconf 88' lang='lat' dir='ltr'>Photius</span> <span class='ocrx_word' id='word_1_355' title='bbox 551 2812 660 2845; x_wconf 87' lang='lat' dir='ltr'>vero,</span> <span class='ocrx_word' id='word_1_356' title='bbox 687 2812 793 2836; x_wconf 91' lang='lat' dir='ltr'>unus</span> <span class='ocrx_word' id='word_1_357' title='bbox 821 2812 872 2837; x_wconf 87' lang='lat' dir='ltr'>ex</span> <span class='ocrx_word' id='word_1_358' title='bbox 886 2801 1118 2843; x_wconf 87' lang='lat' dir='ltr'>illustribus,</span> <span class='ocrx_word' id='word_1_359' title='bbox 1146 2800 1260 2835; x_wconf 86' lang='lat' dir='ltr'>cuius</span> <span class='ocrx_word' id='word_1_360' title='bbox 1286 2810 1457 2835; x_wconf 85' lang='lat' dir='ltr'>uxorem</span> <span class='ocrx_word' id='word_1_361' title='bbox 1472 2801 1668 2844; x_wconf 74' lang='lat' dir='ltr'>tyrannus</span> <span class='ocrx_word' id='word_1_362' title='bbox 1695 2800 1735 2834; x_wconf 90' lang='lat' dir='ltr'>vi</span> <span class='ocrx_word' id='word_1_363' title='bbox 1763 2809 1853 2834; x_wconf 85' lang='lat' dir='ltr'>eon-</span> 
     </span>
     <span class='ocr_line' id='line_1_40' title="bbox 357 2847 1853 2894; baseline -0.001 -12"><span class='ocrx_word' id='word_1_364' title='bbox 357 2850 572 2892; x_wconf 84' lang='lat' dir='ltr'>stuprarat,</span> <span class='ocrx_word' id='word_1_365' title='bbox 610 2850 726 2894; x_wconf 80' lang='lat' dir='ltr'>regia</span> <span class='ocrx_word' id='word_1_366' title='bbox 753 2859 842 2884; x_wconf 86' lang='lat' dir='ltr'><em>cum</em></span> <span class='ocrx_word' id='word_1_367' title='bbox 870 2849 1003 2884; x_wconf 86' lang='lat' dir='ltr'>multis</span> <span class='ocrx_word' id='word_1_368' title='bbox 1030 2848 1220 2883; x_wconf 86' lang='lat' dir='ltr'>militibus</span> <span class='ocrx_word' id='word_1_369' title='bbox 1260 2851 1458 2893; x_wconf 81' lang='lat' dir='ltr'>occupata</span> <span class='ocrx_word' id='word_1_370' title='bbox 1486 2851 1593 2886; x_wconf 87' lang='lat' dir='ltr'>(nam</span> <span class='ocrx_word' id='word_1_371' title='bbox 1626 2848 1712 2882; x_wconf 84' lang='lat' dir='ltr'>eius</span> <span class='ocrx_word' id='word_1_372' title='bbox 1739 2847 1853 2882; x_wconf 82' lang='lat' dir='ltr'>satel-</span> 
     </span>
     <span class='ocr_line' id='line_1_41' title="bbox 357 2894 1852 2942; baseline 0.001 -14"><span class='ocrx_word' id='word_1_373' title='bbox 357 2894 446 2929; x_wconf 84' lang='lat' dir='ltr'>lites</span> <span class='ocrx_word' id='word_1_374' title='bbox 472 2895 686 2941; x_wconf 80' lang='lat' dir='ltr'>desperata</span> <span class='ocrx_word' id='word_1_375' title='bbox 713 2896 842 2932; x_wconf 80' lang='lat' dir='ltr'>salute</span> <span class='ocrx_word' id='word_1_376' title='bbox 868 2898 983 2942; x_wconf 85' lang='lat' dir='ltr'>regia</span> <span class='ocrx_word' id='word_1_377' title='bbox 1010 2897 1229 2937; x_wconf 83' lang='lat' dir='ltr'>cesserant)</span> <span class='ocrx_word' id='word_1_378' title='bbox 1256 2899 1474 2940; x_wconf 77' lang='lat' dir='ltr'>tyrannum</span> <span class='ocrx_word' id='word_1_379' title='bbox 1502 2895 1600 2930; x_wconf 85' lang='lat' dir='ltr'>solio</span> <span class='ocrx_word' id='word_1_380' title='bbox 1620 2894 1852 2930; x_wconf 86' lang='lat' dir='ltr'>deturbavit</span> 
     </span>
    </p>
   </div>
  </div>
 </body>
</html>
