2054 3282
0 218 86 262 s
359 247 431 283 430
728 245 909 284 zozim.
938 244 1068 282 itrir.
1096 243 1187 283 XVI
1213 247 1246 292 9,
1272 244 1424 293 47-10‚
1452 245 1484 284 7.

360 384 446 415 ταις
477 369 742 423 ἐμπλέοντας,
775 368 955 415 πολλοὺς
987 368 1031 409 δὲ
1061 368 1274 423 μαχαίρας
1305 369 1424 410 ἔθετο
1455 369 1578 423 ἔργον
1598 370 1669 411 καὶ
1689 371 1854 417 πλείους

300 442 347 477 48
361 438 646 492 ὑποβρυχίους
689 438 890 492 ἐποίησεν.
953 437 1043 479 ὅσοι
1083 437 1128 478 δὲ
1164 437 1235 478 τὸν
1272 438 1472 493 πολυειδῆ
1508 442 1654 479 τοῦτον
1696 439 1854 494 ἔφυγον

299 511 346 546 49
361 505 567 559 κίνδυνον,
601 506 787 559 αἰσχρῶς
818 505 1076 558 ἀποδράντες
1109 506 1347 559 ἐσώθησαν.
1411 507 1490 547 οὒκ
1518 506 1695 560 ἠγάπων
1714 508 1853 561 μέντοι

310 573 611 627 Πσωζόμενοι·
650 573 888 625 πειρατικοὶς
921 574 966 614 δὲ
997 578 1099 628 νῆας
1131 574 1447 628 ἑτοιΙιιασάμενοι
1477 574 1551 629 τὴν
1582 574 1852 630 ΙῙελοπόννη-

299 647 346 682 50
359 657 433 682 σον
464 641 534 682 καὶ
565 640 637 686 τὰς
669 641 757 682 ἐκεῖ
783 642 1029 696 κατέτρεχον
1060 643 1225 696 νήσους.
1288 640 1374 684 ἀλλ’
1398 642 1522 688 αὖθις
1551 644 1690 689 αὐτοῖς
1720 643 1745 684 ὁ
1776 644 1888 698 ῤ7]-5

358 709 448 754 θεὶς
478 713 551 750 τοῦ
585 709 733 750 στόλου
757 709 1034 763 ὂρουγγάριος
1056 711 1198 751 ἔπεισι·
1233 716 1293 765 τῷ
1316 710 1394 765 γὰρ
1416 712 1544 765 λιμένι
1564 713 1853 766 προσορμίσας

356 779 442 817 τῶν
474 778 703 830 Κεγχρεῶν
734 777 804 818 καὶ
835 777 883 817 τὰ
915 778 1091 831 πολέμια
1124 779 1246 820 πλοῖα
1278 780 1371 832 περὶ
1404 779 1625 834 Μεθώνην
1655 781 1726 821 καὶ
1760 780 1900 822 Uti-D
1921 786 1972 822 IV
1986 787 2020 821 3⁵

357 844 430 886 λον
460 844 531 886 καὶ
562 844 738 898 ΙΙάτρας
769 846 1075 900 ἐλιιῳιλοχωρεῖν
1106 848 1319 902 ἐγνωκώς,
1354 847 1420 889 δαὶ
1452 853 1525 890 τοῦ
1558 848 1663 889 κατὰ
1697 849 1850 903 Κόριν-

357 914 439 954 θον
476 914 634 967 ἰσθμοῦ
671 915 834 968 ταχέως
872 915 1085 968 διαγαγὼν
1124 915 1197 962 τὰς
1227 917 1403 970 τριήρεις
1435 917 1478 957 ἓν
1509 921 1558 971 τῇ
1590 919 1699 971 ξηρᾷ
1729 917 1851 958 ἐπιτί-

298 989 339 1023 51
357 982 473 1023 θεῖαι
504 986 588 1028 τοῖς
618 982 830 1037 πολεμίοις
856 983 1043 1024 ἀνωιστί·
1076 984 1146 1024 καὶ
1167 990 1229 1038 τῷ
1250 985 1478 1038 ἀνελπίστῳ
1500 985 1852 1040 ἐκπεπληγμένων
1867 993 1912 1027 10

357 1051 497 1092 αὐτῶν
528 1050 600 1096 τὰς
630 1050 708 1104 μὲν
738 1054 823 1092 τῶν
854 1052 1086 1106 λῃστρικῶν
1117 1057 1233 1107 νηῶν
1272 1053 1544 1106 ἕπυρπόλησε,
1588 1053 1660 1099 τὰς
1699 1053 1746 1095 δὲ
1781 1053 1852 1095 καὶ

357 1118 618 1173 αὐτάνδρους
661 1120 874 1173 κατέδυσε,
920 1120 991 1160 καὶ
1030 1121 1159 1162 αὐτοῦ
1197 1125 1282 1162 τῶν
1318 1122 1532 1175 πολεμίων
1568 1122 1851 1175 ἐξηγουμένου

362 1187 529 1228 Φωτίου
563 1188 863 1240 ἀναιρεθέντος.
927 1189 1038 1229 οὕτω
1070 1189 1147 1243 μὲν
1180 1189 1255 1231 οῗνν
1285 1189 1355 1230 καὶ
1378 1190 1401 1228 ὅ
1423 1193 1507 1231 τῶν
1531 1190 1710 1244 Κρητῶν
1732 1190 1851 1232 ἀπώ-

355 1256 446 1297 λετο
478 1256 633 1302 στόλος.

73 1333 270 1370 ΡΠῙΊΞΑ
289 1330 342 1371 10
469 1324 544 1373 Ἐξ
568 1325 771 1380 Ἀφρικῆς
803 1322 839 1366 δ’
874 1326 1006 1379 ἕτεραι
1037 1331 1131 1381 νῆες
1169 1326 1293 1373 αὖθις
1330 1327 1529 1381 ἑξήκοντα
1568 1327 1853 1381 παμμεγέθεις
1867 1334 1911 1369 15

357 1393 611 1448 ἐξώρμησαν
642 1393 712 1434 καὶ
743 1398 792 1448 τῇ
824 1393 907 1435 ὑπὸ
935 1394 1170 1448 Ῥωμαίους
1206 1395 1277 1436 καὶ
1316 1395 1436 1436 αὐταὶ
1475 1396 1742 1449 ἐλυμαίνοντο
1781 1395 1852 1436 καὶ

320 1472 342 1506 2
355 1462 478 1516 μέχρι
501 1461 769 1516 Κεφαληνίας
793 1462 863 1504 καὶ
886 1463 1116 1504 Ζακύνθου
1148 1464 1435 1518 προήλθοσαν.
1498 1463 1694 1504 στέλλεται
1717 1464 1853 1505 τοίνυν

356 1608 401 1644 15
424 1609 504 1653 περὶ
530 1614 600 1644 τῶν
624 1609 663 1651 ἐξ
684 1610 852 1656 Ἀφρικῆς
876 1615 989 1655 νηῶν·
1030 1611 1089 1646 καὶ
1114 1611 1193 1656 περὶ
1225 1616 1295 1646 τῶν
1327 1611 1367 1646 ἐκ
1400 1615 1460 1645 τοῦ
1487 1613 1691 1655 Ῥωμαϊκοῦ
1726 1612 1850 1646 στόλου

354 1656 600 1701 ἀποδράντων·
643 1659 703 1693 καὶ
745 1660 841 1697 ὅπως
878 1659 1003 1694 οὐδένα
1041 1659 1188 1693 ἐκείνων
1226 1659 1359 1693 (ἷνελι))ν
1394 1665 1463 1697 τοῖς
1499 1660 1633 1698 λοιποῖς
1669 1659 1850 1704 ἐνεποίησε

355 1705 470 1750 φόβον
496 1704 525 1740 C

427 1824 450 1859 2
475 1824 737 1870 αὐποβρυχίους
755 1828 799 1869 D,
826 1836 927 1861 corr.
945 1825 1011 1863 Dw
1085 1826 1107 1860 4
1133 1826 1401 1871 ἑτοιμασάμενος
1419 1825 1466 1871 D,
1495 1836 1596 1861 corr.
1612 1825 1679 1863 Dw
1751 1826 1849 1861 πελο-

425 1873 600 1916 πόννησον
625 1871 728 1917 RDi,
753 1873 994 1917 πελοπόνησον
1019 1872 1192 1920 ADEwp
1296 1875 1317 1908 6
1342 1875 1567 1919 προςεγγίσας
1594 1873 1629 1908 D
1727 1874 1748 1909 7
1773 1888 1849 1919 κεγ-

426 1924 545 1964 χρεῶν
570 1919 723 1965 ARDw,
749 1925 866 1965 χρεῶν
895 1921 941 1965 D,
969 1926 1133 1966 κεγχρῶν
1161 1921 1200 1965 Ε,
1228 1922 1408 1966 κεγχρέων
1436 1922 1519 1966 w*p
1614 1921 1636 1956 8
1659 1921 1793 1965 πάτραν
1818 1921 1848 1955 Β

427 1968 473 2001 10
497 1967 628 2002 drotum*
653 1967 700 2010 D,
729 1978 829 2003 corr.
850 1967 916 2006 Dw
1017 1970 1060 2002 12
1087 1972 1177 2014 post
1202 1969 1307 2004 αὐτοῦ
1334 1969 1425 2004 add.
1452 1974 1511 2003 τοῦ
1539 1968 1635 2014 pr
1731 1970 1850 2014 ἐξηγο-

425 2015 533 2059 μένου
554 2015 599 2059 D,
628 2025 728 2050 corr.
753 2015 821 2053 DW
920 2016 965 2050 13
990 2016 1050 2051 καὶ
1075 2018 1095 2050 ὁ
1119 2016 1200 2060 AR,
1227 2018 1247 2050 ὅ
1273 2017 1417 2052 omisso
1444 2017 1503 2051 καὶ
1529 2014 1609 2060 BD,
1635 2017 1655 2050 ὅ
1679 2016 1739 2051 καὶ
1766 2016 1849 2062 W*p

427 2063 472 2096 15
489 2062 529 2097 δὲ
547 2062 582 2096 D
675 2063 780 2102 αὖθις
798 2064 844 2098 ἔτ.
862 2069 942 2108 νῆες
960 2064 1056 2109 Ewp
1148 2065 1192 2098 16
1209 2065 1307 2099 αὗται
1327 2063 1482 2109 EwpDc'
1574 2064 1616 2098 17
1633 2065 1850 2109 κεφαληνιάς

426 2109 574 2156 Apr,
600 2111 846 2156 Κεφαλληνίας
871 2109 944 2155 Di,
972 2123 1010 2146 V.
1037 2111 1089 2146 ad
1116 2122 1152 2156 p.
1168 2111 1248 2156 236,
1264 2112 1285 2146 9
1382 2112 1552 2152 ζακίνῦου
1579 2111 1626 2155 D,
1654 2122 1756 2147 corr.
1782 2111 1850 2149 Dw

355 2247 579 2294 Ooryplias,
599 2249 850 2293 occurrisset,
868 2249 1014 2283 multas
1033 2248 1204 2284 hostium
1223 2249 1388 2283 navium
1408 2259 1491 2283 una
1510 2258 1600 2283 cum
1619 2249 1850 2283 vectoribus

353 2296 441 2341 igni
478 2295 635 2331 Graeco
673 2297 715 2331 in
752 2297 907 2331 cineres
945 2296 1120 2341 redegit,
1159 2296 1304 2331 multas
1344 2297 1451 2331 ferro
1492 2297 1675 2339 confecit,
1714 2296 1850 2340 plures

293 2347 341 2383 48
355 2343 554 2379 demersit.
605 2343 846 2389 Quicunque
871 2344 1081 2389 multiplex
1108 2345 1183 2379 hoc
1215 2344 1427 2378 discrimen
1454 2344 1561 2388 turpi
1587 2344 1688 2388 fuga
1715 2353 1850 2378 evase-

293 2395 340 2430 49
354 2395 457 2435 rant,
496 2391 771 2426 incolumitate
797 2401 877 2426 non
905 2392 1094 2435 contenti,
1133 2392 1311 2437 piraticis
1338 2391 1512 2425 navibus
1538 2391 1700 2435 paratis,
1740 2390 1850 2426 Pelo-

295 2443 580 2484 50ponnesum
607 2443 647 2474 et
673 2439 827 2474 vicinas
866 2439 1019 2474 insulas
1045 2443 1311 2474 vexaverunt.
1362 2438 1440 2474 Sed
1479 2448 1547 2473 eos
1585 2438 1689 2473 idem
1729 2438 1850 2474 drun-

353 2488 506 2531 garius,
534 2497 623 2521 cum
651 2487 703 2521 ad
725 2486 885 2532 portum
904 2486 1200 2522 Cenclirearum
1227 2486 1448 2531 appulisset
1466 2496 1514 2520 ac
1531 2496 1657 2520 naves
1677 2487 1849 2522 hostium

353 2544 481 2579 prope
507 2533 734 2570 Methonam
775 2538 813 2569 et
850 2534 993 2579 Pylum
1033 2536 1072 2569 et
1109 2534 1250 2568 Patras
1289 2534 1430 2568 crebro
1469 2534 1662 2569 stationes
1700 2534 1849 2570 habere

356 2581 571 2626 didicisset,
609 2582 840 2617 triremibus
867 2592 939 2627 per
964 2581 1156 2616 Isthmum
1184 2581 1480 2616 Corinthiacum
1522 2581 1703 2616 celeriter
1741 2586 1849 2617 terra

293 2632 338 2668 51
354 2629 549 2664 traductis
576 2629 710 2664 hostes
736 2629 868 2664 subito
896 2629 1153 2675 aggreditur3
1187 2629 1318 2674 iisque
1343 2629 1562 2674 improvisa
1587 2629 1850 2674 impressione

354 2677 548 2721 perculsis
574 2677 765 2722 piraticas
802 2687 929 2712 naves
970 2677 1114 2721 partim
1141 2680 1302 2720 cremat,
1341 2677 1485 2721 partim
1513 2687 1602 2711 cum
1631 2677 1727 2721 ipsis
1754 2678 1850 2712 viris

354 2723 562 2770 demergit,
597 2723 739 2759 Photio
767 2734 940 2769 quoque,
975 2724 1148 2759 hostium
1176 2724 1289 2767 duce,
1325 2724 1549 2759 interfecto.
1601 2723 1666 2759 Sic
1691 2723 1850 2760 Creten-

353 2772 455 2806 sium
483 2781 645 2816 quoque
672 2771 809 2806 classis
835 2772 972 2817 periit.-

475 2819 528 2854 10.
579 2818 729 2854 Verum
755 2829 806 2854 ex
836 2818 974 2854 Africa
1000 2829 1163 2864 quoque
1189 2819 1293 2854 aliae
1319 2829 1445 2854 naves
1470 2821 1685 2865 sexaginta
1711 2820 1850 2864 ingen-

353 2868 412 2900 tes
431 2865 621 2901 Romanis
642 2867 861 2912 provinciis
879 2867 1088 2902 vastandis
1113 2877 1242 2913 usque
1261 2866 1312 2901 ad
1332 2866 1615 2912 cephaleniam
1643 2871 1683 2903 et
1702 2867 1849 2912 Zacyn-

318 2914 463 2957 2thum
485 2917 779 2960 processerunt.
831 2914 980 2951 Contra
1000 2925 1068 2950 eas
1085 2915 1254 2953 Nar-san.
1282 2915 1419 2950 classis
1438 2917 1679 2962 praefectus,
1706 2915 1850 2950 missus
