1968 3302
299 239 346 275 68
699 236 881 276 ZONAR.
908 235 1040 274 EPIT.
1065 234 1163 274 XIII
1190 234 1246 281 13,
1264 233 1419 273 20—34.

241 365 284 401 21
302 361 443 415 ᾄδεται
475 360 555 415 γὰρ
586 360 658 402 καὶ
687 365 826 403 ταῦτα.
891 360 955 402 διό
987 375 1115 414 φασιν
1147 357 1274 400 αὐτὸν
1306 358 1354 400 ἔκ
1385 362 1458 400 τοῦ
1498 358 1803 414 καταρρέοντος

301 433 375 471 τοῦ
407 430 645 484 τραύματος
677 430 851 484 αἳματος
883 429 1001 482 κοίλῃ
1036 427 1264 481 δεξάμενον
1295 431 1344 482 τῇ
1365 427 1470 482 χειρὶ
1490 427 1562 468 καὶ
1581 431 1655 468 τοῦ
1677 427 1803 482 ἀέρος

300 501 423 538 τοῦτο
455 498 823 539 κατασκεδάσαντα
856 498 981 538 εἰπεῖν
1012 496 1282 550 “κορε’σῑ9·ητι,
1315 494 1589 550 Ναζωραῒε.”

240 571 287 607 22
421 565 507 607 Καὶ
539 566 563 607 ὁ
593 566 672 620 μὲν
704 567 840 611 οὕτως
879 566 1046 619 ἀσεβῶς
1085 565 1216 619 ζήσας
1255 564 1405 618 βιαίως
1442 564 1516 618 τὴν
1554 563 1699 618 ψυχὴν
1736 564 1801 612 ἒξ-

241 639 288 674 23
302 634 519 688 ηρεύξατο,
566 635 815 688 βασιλεύσας
847 635 914 687 ἔτη
950 633 1038 675 δύο.
1100 632 1147 674 τὸ
1180 632 1225 674 δὲ
1257 635 1383 687 σῶμα
1416 633 1545 674 αὐτοῦ
1576 633 1602 686 ἡ
1635 631 1838 687 στρατιὰὸ

302 703 359 748 εἷς
393 702 557 757 Ταρσὸν
594 707 666 757 τῆς
697 702 886 748 Κιλικίας
922 702 1132 756 κομίσασα
1171 702 1336 755 ἔθαψεν
1373 701 1417 743 ἐν
1455 700 1692 755 προαστείῳ
1730 704 1803 755 τῆς

242 775 289 811 24
301 771 483 817 πόλεως·
517 769 568 811 οὗ
599 776 661 824 τῷ
691 771 816 825 τάφῳ
848 771 919 811 καὶ
950 770 1046 811 τόδε
1077 769 1123 811 τὸ
1156 770 1400 824 ἐπίγραμμα
1433 769 1669 824 ἐπεγράφη·

102 843 289 880 W11124
445 840 607 894 Κύδνῳ
641 836 703 880 ἐπ’
738 838 980 893 ἀργυρόεντι
1013 836 1083 879 ἀπ’
1117 838 1353 893 Εὐφρήταο
1384 838 1531 892 ῥοάων

445 908 657 962 Περσίδος
688 909 734 949 ἐκ
768 908 886 962 γαίης
918 907 1170 961 ἀτελευτήτῳ
1203 906 1269 948 ἐπὶ
1299 907 1413 961 ἔργῳ

251 980 286 1014 D
445 977 618 1031 κινήσας
650 976 842 1030 στρατιὴν
872 973 958 1017 τόδ’
987 974 1212 1022 Ἰουλιανὸς
1242 975 1343 1029 λάχε
1375 979 1503 1030 σῆμα,
1817 981 1864 1016 10

446 1045 689 1100 ἀμφότερον
719 1044 913 1099 βασιλεύς
943 1042 975 1085 τ’
1010 1043 1175 1098 ἀγαθὸς
1205 1045 1410 1098 κρατερός
1439 1041 1473 1084 τ’
1507 1044 1722 1098 αἰχμητής.
1958 1091 1968 1100 ⁵

243 1117 289 1152 25
303 1115 476 1168 ὕστερον
509 1114 554 1155 δὲ
586 1114 847 1167 ἀνεκομίσθη
881 1114 938 1159 εἵς
969 1112 1043 1167 τὴν
1073 1113 1263 1167 βασιλίδα
1295 1115 1380 1154 τῶν
1411 1112 1588 1154 πόλεων.
1816 1118 1853 1154 D
1871 1118 1930 1154 III
1956 1153 1968 1162 Δ,

243 1186 289 1220 26
415 1181 496 1223 ςΗν
520 1179 556 1223 δ’
581 1183 738 1227 ἐκεῖνος
768 1181 862 1235 περὶ
895 1181 1024 1229 δόξαν
1056 1181 1311 1236 ἐπτοημένος
1341 1181 1414 1222 καὶ
1445 1180 1510 1222 ἐπὶ
1540 1184 1624 1227 τοῖς
1652 1183 1802 1234 τυχοῦ-

304 1267 366 1292 σιν
399 1251 655 1292 ἕπαινεΐσθαι
687 1250 958 1304 βουλόμενος,
991 1247 1057 1303 ἐφ’
1082 1249 1144 1295 οἷς
1177 1250 1214 1291 δ’
1239 1249 1464 1304 ἐσφάλλετο
1497 1249 1804 1303 διορθούμενος

306 1435 350 1470 13
375 1435 447 1473 οἷος
471 1434 514 1480 ἦν
541 1436 633 1475 (om.
660 1433 704 1475 E)
733 1433 772 1469 τὰ
799 1434 872 1478 ἤθη
900 1434 920 1467 ὁ
939 1433 1128 1471 Ἰουλιανός
1155 1432 1218 1468 ΟΕ

377 1601 396 1635 1
423 1600 483 1636 καὶ
510 1610 586 1636 om.
605 1600 653 1645 D,
680 1599 773 1634 add.
788 1599 856 1638 Dw
954 1599 977 1634 3
1002 1598 1311 1634 κατασκεδάσαντα
1330 1596 1499 1644 prDz',
1525 1597 1743 1634 σκεδάσαντα
1756 1595 1803 1642 A,

376 1648 486 1683 unde
514 1648 735 1683 conieceris
763 1647 824 1682 καὶ
853 1646 985 1691 <κατὰ>
1015 1661 1041 1682 τ.
1069 1646 1101 1681 ἀ.
1129 1661 1157 1681 τ.
1185 1646 1402 1681 σκεδάσαντα
1570 1647 1743 1690 ναζωρῶε
1767 1643 1804 1679 D

375 1697 398 1731 4
423 1698 517 1731 οὕτω
536 1696 578 1740 Ε,
606 1696 677 1731 sed
704 1696 796 1730 οὕτω
824 1705 1027 1740 nusquam
1053 1697 1148 1729 ante
1170 1694 1333 1730 vocales
1352 1704 1376 1729 a
1395 1693 1553 1729 Zonara
1571 1693 1804 1738 adhibetur;

377 1755 415 1779 v.
430 1744 482 1779 ad
496 1743 594 1779 XIII
607 1744 641 1786 6,
653 1744 697 1778 16
811 1743 1022 1788 ἐξηρεύσατο
1037 1742 1084 1787 D,
1103 1753 1203 1778 corr.
1220 1741 1288 1780 Dw
1409 1741 1540 1786 8—11]
1555 1741 1602 1776 In
1618 1741 1804 1776 omnibus

377 1791 586 1827 codicibus
613 1801 756 1827 versus
783 1791 1076 1836 significantur.
1190 1791 1213 1825 8
1239 1789 1312 1834 ἀπ’]
1339 1789 1393 1824 ἐπ’
1419 1789 1450 1824 Β
1563 1789 1732 1835 εὖφράτω
1756 1787 1804 1833 A,

376 1839 557 1885 εὖφρήταο
582 1839 616 1874 R
651 1843 731 1874 tres
758 1839 788 1874 P
815 1838 930 1874 Cedr.
957 1838 975 1872 I
1009 1849 1046 1884 p.
1074 1837 1202 1882 539‚6‚
1240 1838 1400 1883 εὐφρήτα
1432 1839 1453 1872 ὁ
1484 1837 1526 1882 Ε,
1563 1837 1742 1882 εὐφράταο
1767 1835 1804 1871 D

376 1897 483 1923 unus
500 1885 657 1933 PwpDi
756 1887 801 1922 10
825 1887 862 1921 τὸ
888 1885 926 1921 δὲ
952 1886 999 1932 Ρ*
1099 1886 1142 1920 11
1170 1895 1312 1921 versus
1338 1888 1398 1921 est
1411 1885 1578 1921 Homeri
1595 1884 1640 1920 11.
1659 1883 1718 1919 III
1736 1884 1805 1920 179

378 1935 429 1980 [v.
453 1935 556 1970 Plut.
585 1935 634 1970 de
660 1934 775 1970 Alex.
803 1935 894 1970 fort.
922 1933 939 1968 Ι
966 1945 1004 1979 p.
1030 1933 1098 1969 331
1116 1932 1156 1978 C,
1183 1933 1350 1969 Diodor.
1374 1932 1505 1969 XXIV
1529 1932 1563 1978 5,
1589 1932 1623 1977 2,
1661 1931 1804 1967 Liban.

376 1982 435 2018 III
448 1983 519 2019 313
528 1983 572 2027 R,
587 1982 843 2019 Foersterum
858 1983 900 2017 in
908 1981 1101 2017 Fleckeis.
1118 1981 1250 2016 annal.
1266 1991 1300 2016 a.
1311 1981 1404 2017 1876
1418 1980 1547 2026 p.214]
1621 1981 1806 2025 ἀμφότερα

377 2031 425 2076 D,
452 2041 554 2067 corr.
580 2030 649 2069 Dw
818 2028 1020 2075 κραξταιρὸς
1045 2029 1132 2072 (Sic)
1158 2027 1205 2074 A,
1247 2030 1417 2075 καρτερός
1444 2029 1475 2064 Ε
1644 2027 1690 2063 12
1715 2027 1747 2062 δ’
1774 2028 1805 2063 Ε

377 2079 423 2114 14
448 2079 618 2124 ἓσφάλετο
644 2078 692 2124 D,
720 2089 820 2114 corr.
848 2077 917 2117 Dw

307 2258 388 2294 qua
413 2247 596 2284 Iulianus
623 2250 710 2282 erat
735 2247 850 2291 ictus,
883 2246 1070 2290 venisset,
1105 2245 1156 2280 ab
1184 2245 1298 2281 hoste
1324 2255 1377 2280 an
1403 2244 1455 2280 ab
1483 2244 1618 2290 aliquo
1646 2243 1697 2280 de
1722 2243 1805 2279 suis

246 2299 291 2335 21
306 2307 357 2332 an
398 2296 598 2331 diviniore
637 2295 678 2329 vi
716 2295 880 2340 emissa3
921 2304 1015 2329 nam
1054 2294 1312 2329 celebrantur
1350 2293 1470 2328 etiam
1508 2293 1618 2328 haec.
1670 2291 1805 2334 Quare

306 2345 421 2380 aiunt
439 2354 532 2379 eum
549 2346 781 2378 manantem
801 2352 851 2377 ex
873 2341 1043 2377 vulnere
1061 2342 1304 2387 sanguinem
1323 2351 1425 2376 cava
1443 2350 1568 2375 manu
1589 2342 1805 2386 exceptum

305 2393 347 2428 in
374 2402 470 2428 aera
497 2391 694 2437 sparsisse
719 2390 779 2425 his
807 2389 959 2426 verbis:
986 2388 1185 2433 “Satiare,
1212 2388 1475 2425 Nazarene!”

247 2442 293 2478 22
425 2439 487 2475 Ita
512 2439 588 2482 ille,
615 2437 955 2484 quemadmodum
982 2438 1104 2483 impie
1130 2437 1301 2482 vixerat,
1328 2437 1386 2471 sic
1410 2436 1609 2471 violenter
1627 2435 1804 2470 animum

246 2490 293 2525 23
307 2488 519 2532 eructavit,
547 2497 638 2521 cum
664 2488 878 2532 regnasset
904 2485 1124 2520 biennium.
1176 2484 1272 2519 Eius
1293 2494 1440 2530 corpus
1460 2483 1602 2519 milites
1622 2482 1805 2526 Tarsum,

247 2537 294 2573 24
307 2536 349 2571 in
376 2535 569 2581 oppidum
595 2533 769 2578 Ciliciae,
800 2532 1001 2579 perlatum
1027 2532 1247 2567 humarunt
1273 2533 1314 2567 in
1341 2531 1555 2576 suburbi03
1583 2531 1700 2566 cuius
1726 2540 1806 2566 mo-

307 2586 500 2618 numento
528 2583 605 2617 hoc
632 2581 882 2627 epigramma
909 2580 1147 2626 inscriptum
1177 2584 1253 2616 est:

450 2631 539 2666 Rex
564 2630 697 2665 bonus
724 2632 763 2664 et
789 2629 922 2664 saevis
949 2628 1120 2664 bellator
1147 2628 1261 2663 fortis
1288 2628 1331 2662 in
1357 2628 1478 2662 armis

450 2678 632 2714 Iulianus
657 2678 763 2712 iacet
788 2676 852 2711 hic
878 2676 930 2712 ad
957 2674 1086 2722 Cydni
1112 2675 1287 2710 fluminis
1312 2675 1462 2719 undas3

453 2726 557 2762 Dum
584 2726 695 2761 ferus
721 2724 948 2770 Euphrates
974 2727 1014 2759 et
1039 2722 1203 2759 Persica
1229 2723 1308 2758 tela
1335 2723 1491 2758 cruenti

451 2774 589 2809 Martis
617 2782 719 2819 opus
746 2775 994 2818 coeptosque
1019 2774 1174 2817 negant
1201 2770 1408 2806 celebrare
1434 2770 1668 2815 triumphos.

249 2822 295 2858 25
307 2822 455 2858 Postea
481 2824 617 2856 autem
643 2820 884 2856 translatum
910 2824 970 2855 est
995 2828 1143 2865 corpus
1168 2818 1210 2853 in
1236 2819 1420 2863 reginam
1446 2817 1619 2852 urbium.

249 2871 295 2906 26
428 2869 524 2904 Erat
555 2868 618 2903 ille
655 2867 810 2914 gloriae
842 2867 1063 2913 cupiditate
1088 2865 1370 2910 inflammatus,
1407 2865 1565 2901 levibus
1600 2865 1720 2900 etiam
1755 2865 1805 2900 de

309 2918 430 2953 rebus
449 2916 579 2952 laudis
599 2918 801 2962 captator3
828 2918 1029 2950 errantem
1053 2914 1201 2960 corrigi
1220 2924 1263 2949 se
1290 2912 1341 2948 ab
1368 2913 1505 2949 amicis
1532 2923 1613 2949 non
1639 2911 1805 2949 moleste
