2054 3282
430 242 825 281 CONSTANTlNVS
851 243 935 280 VII.
964 242 1528 281 PORPHYROGENNETVS.
1655 243 1726 280 459

230 369 292 419 τῷ
316 364 536 419 Βυζαντίῳ
566 365 848 420 ἐπιδεδήμηκε
878 365 949 407 καὶ
981 365 1048 407 διά
1079 381 1187 412 τινος
1216 365 1390 411 πυλίδος
1419 364 1570 411 νυκτὸς
1600 365 1726 407 εἰσελ-

230 433 328 475 θὼν
347 433 422 488 τὴν
442 437 516 475 τοῦ
533 434 820 488 Ἱπποδρόμου
840 434 976 489 πύλην
1002 434 1104 488 μετὰ
1136 433 1375 488 λαμπάδων
1404 433 1726 488 καταλαμβάνει,

230 500 341 548 τινὰς
386 502 458 543 καὶ
502 505 587 544 τῶν
634 503 921 557 συγκλητικῶν
965 502 1399 557 προσεταιρισάμενος,
1450 501 1609 543 πολλοῦ
1656 501 1727 543 καὶ

231 569 462 624 δημώδους
505 570 634 624 ὄχλου
677 571 1070 624 συναθροισθέντος,
1109 572 1154 613 οἳ
1185 570 1255 612 καὶ
1294 570 1357 616 ὡς
1391 569 1562 625 βασιλέα
1599 569 1727 611 αὐτὸν

26 655 30 662 ‘
46 643 84 680 D
104 643 156 681 lv
169 644 214 681 51
231 638 453 692 εὐφήμουν
483 638 554 680 καὶ
585 638 858 693 ἀνηγόρευον.
919 642 1004 680 τῶν
1038 636 1075 680 δ’
1109 637 1224 684 ἐντὸς
1252 637 1326 684 τὰς
1355 637 1491 684 πύλας
1519 637 1580 692 μὴ
1613 637 1762 679 ἀνω-4

229 706 429 759 γνόντων,
462 707 487 748 ὁ
516 707 856 761 πρωτοστράτωρ
876 710 951 748 τοῦ
974 706 1292 748 Κωνσταντίνου
1318 710 1406 752 ταῖς
1436 705 1551 760 χερσὶ
1580 721 1725 747 πεποι-
1741 708 1770 744 C

228 774 324 820 θὼς
360 774 431 816 καὶ
467 775 730 829 θρασύτερον
766 775 1031 829 προσαράξαι
1073 774 1146 821 τὰς
1188 775 1323 821 πύλας
1364 774 1436 816 καὶ
1478 773 1727 828 καταβαλεῖν

227 842 478 896 βιαζόμενος
508 843 686 885 νιῖττεται
716 843 846 898 λόγχῃ
877 844 994 897 παρά
1025 859 1099 884 του
1130 846 1216 884 τῶν
1247 843 1369 884 ἔνδον
1399 842 1465 884 διά
1487 858 1595 888 τινος
1616 842 1725 896 ἀμυ-

227 914 319 965 χῆς.
380 911 451 952 καὶ
488 911 513 953 ὁ
548 911 627 965 μὲν
670 911 723 966 ἧν
765 912 912 953 αὐτίκα
957 911 1118 965 νεκρός.
1182 912 1206 951 ὁ
1247 912 1294 953 δέ
1333 927 1378 965 γε
1410 912 1762 957 Κωνσταντῒνοςῖ)

171 987 216 1023 10
229 978 391 1020 ἐκεῖθεν
421 980 479 1026 εἷς
508 979 555 1020 τὸ
586 984 671 1021 τῶν
701 981 843 1021 ἵππων
878 981 1037 1021 ἄπεισιν
1076 980 1369 1035 ἁμιλλητήριον
1405 980 1599 1033 θέατρον,
1643 978 1725 1020 εἶτα

228 1047 286 1093 εἷς
327 1046 402 1101 τὴν
445 1047 673 1103 λεγομένην
718 1048 823 1103 ἦλθε
863 1048 1041 1103 Χαλκῆν
1083 1048 1154 1090 καὶ
1194 1049 1290 1102 ἄχρι
1326 1051 1412 1089 τῶν
1443 1047 1727 1101 Ἐξκουβίτων

227 1116 453 1171 προῆλθεν.
515 1116 540 1158 ὁ
578 1116 624 1157 δὲ
662 1120 747 1158 τῶν
787 1116 1024 1170 ἐπιτρόπων
1061 1117 1118 1162 εἷς
1159 1117 1183 1157 ὀ
1220 1117 1445 1171 μάγιστρος
1470 1115 1671 1170 Ἰωάννης
1702 1115 1761 1157 66

222 1183 403 1231 Ἐλαδᾶς
445 1184 493 1226 ἐκ
536 1188 621 1226 τῶν
664 1186 875 1238 ἑταιρειῶν
918 1185 988 1226 καὶ
1024 1188 1110 1227 τῶν
1147 1185 1354 1239 πλωίμων
1390 1184 1587 1232 συλλέξας
1617 1184 1727 1231 τινὰς

230 1253 566 1308 ἀντικαταστῆναι
604 1258 666 1307 τῷ
704 1258 971 1307 τυραννοῦντι
1009 1253 1162 1299 αὐτοὺς
1193 1253 1455 1302 ἐξαπέστειλε.
1518 1252 1588 1294 καὶ
1619 1268 1725 1307 σύμ-
1740 1255 1761 1291 7

172 1329 216 1364 15
228 1321 390 1377 πλοκῆς
417 1323 644 1376 γενομένης
673 1322 819 1363 πολλοὶ
849 1322 1116 1363 πεπτώκασιν
1147 1322 1430 1375 ἑκατέρωθεν·
1463 1322 1648 1375 ἔσφακτο
1681 1321 1726 1363 δὲ

228 1389 300 1431 καὶ
320 1389 350 1431 Ι
354 1389 545 1445 ’ρηγορᾶς
576 1390 600 1431 ὅ
630 1394 704 1431 τοῦ
727 1390 893 1437 Δουκὸς
919 1390 1009 1436 υἱὸς
1040 1390 1111 1432 καὶ
1142 1390 1166 1431 ὁ
1198 1390 1371 1444 ἀνεψιὸς
1402 1390 1531 1432 αὐτοῦ
1554 1389 1776 1444 ΣῑΙιχαὴλΙ)

229 1458 301 1500 καὶ
323 1457 572 1512 Κουρτίκιος
602 1459 627 1500 ὅ
651 1459 879 1513 Ἀρμένιος.
942 1459 1100 1505 τούτοις
1131 1458 1207 1500 οὗν
1236 1458 1516 1513 περιαλγήσας
1547 1458 1571 1499 ὁ
1598 1459 1762 1500 Κῶν-8

229 1530 438 1573 σταντῒνος
475 1526 546 1568 καὶ
582 1526 628 1569 τὸ
670 1527 824 1569 οἰκεῖον
860 1528 1090 1581 ἐπιρρῶσαι
1120 1527 1481 1581 προθυμούμενος
1512 1526 1725 1580 σύνταγμα

227 1594 299 1637 τὸν
329 1596 456 1637 ἵππον
476 1595 644 1650 ἤλαυνε,
677 1597 877 1650 συμμίξαι
899 1595 1040 1638 θέλων
1061 1600 1145 1642 τοῖς
1166 1595 1426 1650 ἔμπροσθεν·
1459 1595 1725 1649 ἕστρωμένου
1739 1600 1762 1635 9

230 1706 274 1743 17
300 1706 475 1752 ἀναίρεσις
501 1712 560 1743 τοῦ
586 1708 710 1744 Δούκα
738 1709 1003 1744 Κωνσταντίνου
1031 1708 1061 1744 Ε

301 1815 325 1850 3
351 1818 446 1851 ante
470 1829 561 1855 τινας
588 1815 680 1851 add.
705 1817 770 1851 καί
793 1815 950 1862 prDc'
1047 1816 1106 1851 καὶ
1127 1820 1222 1851 ante
1248 1820 1318 1851 τῶν
1345 1826 1419 1851 om.
1440 1816 1537 1861 pr
1636 1820 1725 1860 post

301 1862 432 1898 πολλοῦ
461 1862 552 1899 add.
579 1862 618 1899 δὲ
644 1862 676 1899 Ο
789 1864 833 1899 10
858 1863 914 1899 τὸν
940 1863 989 1908 D,
1015 1864 1052 1899 τὸ
1079 1874 1180 1899 corr.
1209 1863 1276 1901 Dw
1375 1863 1414 1897 ll
1443 1863 1581 1908 χαλκῆν
1607 1861 1724 1905 Ηδῦἱ,

302 1909 441 1956 χαλκὴν
467 1909 631 1957 ΑΒΒΨῙ),
658 1921 695 1947 V.
722 1911 773 1946 ad
796 1910 867 1946 XV
889 1913 941 1955 13,
956 1911 1002 1948 27
1103 1911 1146 1946 1‘2
1169 1911 1347 1956 προῆλθεν
1374 1908 1541 1955 prDl'‚
1567 1911 1724 1955 προῆλθε

300 1958 349 2000 Α,
377 1967 413 1992 v.
428 1958 480 1993 ad
497 1957 591 1994 XIII
609 1959 639 2003 l,
654 1959 676 1994 ἴ)
778 1960 819 1994 13
843 1959 1025 2004 ἑταιρειῶν
1051 1958 1154 2002 ΟΒί,
1181 1960 1361 2004 ἑταιρείων
1379 1957 1425 2003 A,
1451 1958 1611 2002 ἑταιριῶν
1629 1958 1724 2010 Ewp

304 2004 348 2040 16
367 2008 458 2051 post
470 2006 530 2041 καὶ
545 2007 655 2052 prius
671 2006 763 2042 add.
774 2006 834 2043 δΟ
906 2008 1019 2043 δοὺκα
1034 2005 1189 2053 EwpDc'
1265 2006 1307 2042 19
1324 2006 1545 2051 ε’στρωμένου
1558 2005 1725 2052 prDl,

298 2066 522 2135 &oremsss'vov
546 2089 593 2134 A,
618 2089 868 2135 ἕστρωμμένου
896 2090 926 2125 Β

228 2197 454 2243 assumptis,
492 2196 731 2242 Byzantium
771 2209 843 2244 per
881 2198 1084 2244 quandam
1122 2198 1320 2244 portulam
1360 2201 1483 2232 noctu
1517 2198 1725 2242 ingressus

231 2243 325 2279 circi
352 2246 549 2290 equestris
604 2248 732 2280 ortam
759 2255 849 2281 eum
878 2246 1034 2281 facibus
1061 2250 1246 2291 occupat,
1273 2245 1494 2281 conciliatis
1518 2244 1592 2279 sibi
1612 2254 1724 2279 sena-

228 2291 383 2327 toribus
409 2292 557 2338 quibus
588 2303 650 2328 am
678 2298 718 2328 et·
743 2304 894 2339 magna
924 2293 1050 2339 plebis
1077 2294 1197 2329 turba
1228 2297 1491 2338 congregata,
1531 2292 1597 2336 qui
1632 2301 1722 2327 eum

0 2349 1 2385 ξ
228 2339 371 2375 faustis
397 2340 598 2376 ominibus
624 2342 977 2386 prosequebantur
1003 2351 1224 2386 regemque
1250 2341 1492 2375 salutabant.
1544 2338 1721 2374 Custodi·
1738 2338 1758 2373 4

229 2386 305 2422 bus
343 2391 476 2423 autem
517 2393 672 2434 portam
713 2398 793 2424 non
837 2389 1125 2434 aperientibus,
1168 2387 1419 2424 Constantini
1458 2390 1724 2433 protostrator

228 2434 416 2470 manibus
441 2436 580 2479 fretus,
621 2435 714 2471 dum
747 2447 835 2472 eam
863 2436 1059 2471 audacius
1087 2435 1256 2471 caedere
1284 2440 1323 2470 et
1349 2434 1546 2471 revellere
1571 2434 1722 2477 nititur,

229 2491 301 2527 per
318 2483 500 2519 foramen
520 2483 661 2519 iancea
679 2493 703 2519 a
722 2484 967 2527 custodibus,
995 2484 1062 2528 qui
1081 2488 1197 2519 erant
1215 2484 1333 2526 intus,
1360 2483 1572 2518 confossus
1590 2482 1723 2517 statim

228 2529 403 2565 concidit
434 2531 643 2566 exanimis.
693 2530 746 2566 At
780 2531 1068 2568 Constantinus
1102 2530 1195 2565 inde
1234 2531 1274 2565 in
1313 2530 1560 2575 equestrium
1599 2528 1759 2565 certa-5

228 2577 378 2612 minum
404 2577 604 2614 theatrum
631 2578 817 2623 discedit3
845 2579 992 2614 deinde
1018 2579 1057 2613 in
1085 2578 1269 2621 chalcen,
1297 2587 1402 2623 quae
1429 2577 1586 2620 dicitur,
1614 2576 1724 2612 venit

227 2629 267 2659 et
301 2633 431 2670 usque
462 2625 513 2660 ad
549 2626 748 2662 Excubita
782 2626 1052 2673 progreditur.
1105 2625 1248 2661 Verum
1289 2634 1395 2660 unus
1433 2624 1483 2660 de
1522 2624 1724 2660 tutoribus
1737 2624 1759 2659 ⁴5

228 2670 399 2708 Ioannes
426 2672 572 2709 Eiadas
598 2674 790 2720 mag-ister
815 2674 1011 2719 quosdam
1043 2684 1093 2708 vx
1126 2672 1407 2713 sodalitatibus
1439 2678 1478 2707 et
1510 2671 1723 2707 classiariis

229 2719 415 2756 collectos
441 2721 556 2765 misit,
592 2725 637 2757 ut
668 2726 841 2767 tyranno
876 2722 1118 2757 resisterent.
1173 2720 1315 2765 Pugna
1348 2721 1571 2762 commissa,
1611 2719 1757 2755 multi?

228 2767 431 2813 utrimque
458 2768 707 2813 ceciderunt3
740 2778 883 2804 caesus
908 2768 1125 2813 Cragon-as,
1154 2767 1294 2803 Ducae
1320 2767 1436 2810 tilius,
1463 2771 1500 2803 et
1531 2766 1723 2813 patruolis

230 2814 318 2850 eius
347 2814 515 2851 Michaffl
547 2820 587 2852 et·
618 2816 819 2853 Curtio-ius
845 2816 1070 2851 Armenius.
1122 2816 1183 2851 Ob
1223 2815 1293 2850 hos
1330 2815 1498 2850 amissos
1530 2814 1759 2851 constan-8

229 2862 337 2898 tinus
370 2867 588 2909 permotus,
629 2864 723 2900 dum
758 2865 979 2899 exercitum
1012 2872 1129 2898 suum
1162 2863 1472 2898 confirmat-urus
1499 2872 1604 2907 equo
1631 2872 1722 2897 oon-

229 2909 350 2946 eitato
377 2910 417 2946 in
445 2910 612 2957 primam
639 2912 766 2948 aciem
795 2911 1040 2958 provehitur,
1070 2920 1176 2958 equo
1203 2911 1243 2946 in
1269 2910 1353 2946 solo
1381 2910 1528 2947 tabuiis
1555 2909 1759 2958 lapideisi)
