2054 3282
509 198 811 239 IVSTINIANO
838 197 1093 239 SVCCEDIT
1119 196 1358 238 IVSTINVS
1384 196 1433 236 11.
1662 197 1730 236 173

225 325 296 368 καὶ
325 326 510 380 μέταξαν
540 325 784 379 εἰργάσαντο
817 323 868 365 δι’
903 324 1056 377 αὐτῶν,
1097 324 1327 365 κάντεῦθεν
1357 326 1431 363 τοῦ
1464 322 1612 364 λοιποῦ
1644 326 1729 369 τοῖς

224 394 447 448 Ῥωμαίοις
478 394 674 448 ἐγνώσθη
707 394 828 440 ὅπως
859 393 1074 446 ἐργάζοιτο
1103 393 1274 447 μέταξα.
1743 396 1778 431 D

348 462 594 518 Ἐπιβουλῆς
632 462 677 503 δὲ
707 461 822 515 παρὰ
854 461 1025 503 πολλῶν
1054 460 1346 516 μελετωμένης
1375 460 1636 515 μηνυθείσης
1667 465 1728 515 τῷ
1740 465 1785 501 21

226 531 396 586 βασιλεῖ,
429 531 500 572 καὶ
522 531 546 571 ὁ
567 531 782 584 πατρίκιος
806 530 1050 583 Βελισάριος
1070 530 1345 584 κατηγορήθη
1371 530 1555 584 μετέχειν
1587 530 1726 584 αὐτῆς,

189 607 212 642 5
227 600 298 642 καὶ
329 600 518 653 ἀφείλετο
548 600 627 654 μὲν
649 600 673 640 ὁ
694 598 887 653 βασιλεὺς
907 599 1004 645 τοὺς
1026 599 1300 653 δορυφόρους
1322 600 1451 640 αὐτοῦ
1474 599 1728 653 ξύμπαντας,

227 670 386 710 ἐκεῖνον
419 666 456 710 δ’
490 669 534 710 ἐν
563 673 625 722 τῷ
657 670 765 722 οἴκῳ
791 669 920 709 αὐτοῦ
943 668 1083 722 ἀφῆκε
1103 668 1383 722 τηρούμενον
1415 667 1730 722 τελευτήσαντος

228 737 274 780 δὲ
305 738 330 793 ἡ
362 738 512 779 τούτου
543 738 759 791 περιουσία
792 740 877 782 τοῖς
907 736 1135 791 βασιλικοῖς
1166 737 1452 791 ἀπονενέμητο
1482 736 1728 791 θησαυροῖς.

229 805 512 852 Ἰουστινιανός
552 806 597 848 δὲ
632 805 727 859 περὶ
763 805 811 847 τὰ
849 805 1056 846 τελευταῖα
1095 806 1246 859 αἱρέσει
1286 805 1500 860 ἁλώσιμος
1544 806 1729 860 γεγονὼς
1742 810 1788 846 22

226 881 275 932 τῇ
308 879 394 918 τῶν
427 875 853 929 Ἆφθαρτοὸοκητῶν,
899 876 944 915 οἳ
982 875 1032 915 οὐ
1071 874 1270 928 φθαρτὴν
1306 874 1381 928 τὴν
1420 875 1557 928 σάρκα
1595 891 1728 930 προσ-

170 952 215 987 10
227 945 368 1000 λαβεῖν
396 944 468 986 τὸν
488 945 648 998 κύριον,
680 940 767 985 ἀλλ’
791 943 1018 997 ἄφθαρτον
1038 944 1126 997 ἅμα
1148 948 1197 998 τῇ
1219 943 1455 998 προσλήψει
1477 943 1578 986 εἶναι
1600 944 1730 998 αὐτὴν

229 1014 560 1069 δογματίζουσιν,
605 1013 718 1054 οὕτω
757 1012 958 1054 πιστεύειν
994 1013 1181 1058 ἅπαντας
1212 1013 1424 1067 ἔσπευδεν,
1470 1013 1727 1067 ἀντιλέγοντα
1742 1017 1788 1053 23

229 1079 267 1125 (Y
299 1084 415 1137 αὐτῷ
446 1082 518 1124 καὶ
549 1082 926 1135 ἀντιδιατιθέμενον
956 1080 1028 1122 τὸν
1064 1081 1325 1135 πατριάρχην
1355 1081 1564 1136 Εὐτύχιον
1600 1083 1727 1137 ὑπερ-

227 1153 344 1207 όριον
376 1152 497 1194 ἔθετο
523 1152 580 1198 εἷς
603 1151 835 1206 Ἆμάσειαν,
867 1150 937 1192 καὶ
969 1150 1265 1205 προεχειρίσθη
1298 1151 1557 1205 πατριάρχης
1588 1151 1612 1192 ὁ
1644 1151 1826 1193 ἀπὸΡῙΙ
1843 1155 1937 1192 7οΑ

228 1222 514 1276 σχολαστικῶν
546 1220 755 1275 Ἰωάννης,
801 1219 1043 1274 Ἀντιοχείας
1083 1220 1146 1260 ὢν
1184 1219 1510 1273 ἀποκρισιάριος.
1573 1220 1727 1261 ἕτελεύ-
1741 1225 1788 1261 24

172 1296 324 1346 15τησε
356 1289 392 1333 δ’
428 1292 539 1333 οὕτω
570 1293 748 1345 φρονῶν
781 1289 1076 1342 Ἰοινστινιανός,
1121 1288 1370 1342 βασιλεύσας
1401 1289 1469 1343 ἔτη
1507 1289 1727 1342 τριάκοντα

226 1360 299 1402 καὶ
331 1361 458 1413 ὀκτώ,
489 1364 627 1415 μῆνας
659 1358 773 1411 ἑπτά,
806 1359 968 1413 ἡμέρας
998 1358 1276 1412 τρισκαίδεκα,
1310 1362 1371 1411 τῷ
1403 1358 1568 1412 ἀνεψιῷ
1598 1358 1728 1399 αὐτοῦ

231 1429 436 1482 ’Ῑουστίνῳ
464 1429 539 1483 τὴν
568 1428 778 1483 βασιλείαν
808 1426 1062 1475 καταλιπών,
1095 1427 1143 1472 ὃς
1173 1426 1497 1481 κουροπαλάτης
1527 1427 1727 1482 τετίμητο.

71 1509 214 1547 111285
338 1497 421 1539 Ἠν
453 1498 497 1539 δὲ
533 1495 656 1543 οὗτος
693 1496 740 1538 τὸ
778 1497 897 1550 γένος
930 1495 1135 1551 Ἰλλυριός,
1180 1495 1254 1550 τὴν
1297 1495 1423 1549 φύσιν
1466 1500 1523 1541 εἰς
1566 1497 1727 1538 ἅπαντα
1746 1497 1800 1539 10

227 1629 251 1665 3
273 1643 353 1674 περι
377 1628 568 1675 ἐπιβουλῆς
592 1627 653 1663 καὶ
677 1641 757 1671 περι
784 1631 845 1662 τοῦ
871 1627 1082 1671 Βελισαρίου
1111 1625 1140 1662 C
1239 1627 1261 1661 8
1286 1627 1335 1660 ὅτι
1362 1627 1490 1671 αἱρέσει
1508 1626 1652 1666 ἁλοῦς’
1631 1641 1650 1661 ο
1666 1628 1728 1673 βα-

227 1676 343 1716 σιλεὺς
368 1676 470 1716 οὗτος
494 1676 712 1721 ἐτελεύτησεν
738 1674 767 1711 C
912 1675 957 1710 18
982 1675 1142 1720 βασιλεία
1164 1674 1353 1710 ’Ῑουστινου
1380 1679 1439 1709 τοῦ
1466 1675 1631 1720 δευτέρου
1657 1675 1729 1710 AR

227 1726 302 1769 (τοῦ
327 1725 491 1770 δευτέρου
519 1735 594 1760 om.
621 1723 671 1767 D)

299 1845 323 1880 4
347 1845 565 1891 βελλισάριος
583 1844 663 1888 EW,
688 1843 919 1890 βελλησάριος
946 1843 1004 1889 p*‚
1032 1854 1070 1878 V.
1097 1843 1149 1878 ad
1167 1842 1259 1878 XIV
1278 1843 1310 1886 7,
1325 1842 1366 1878 21
1470 1843 1492 1877 9
1517 1842 1579 1888 τὴν
1597 1853 1672 1878 om.
1691 1842 1727 1878 D

303 1893 348 1928 10
371 1892 480 1939 αὐτὴν
505 1892 591 1927 εἶναι
618 1891 654 1926 D
778 1892 819 1926 11
846 1892 1020 1926 πιστεύειι
1046 1890 1192 1936 AEwp‚
1219 1891 1379 1932 δοξάζειν
1400 1890 1437 1930 Ο
1558 1891 1602 1926 12
1627 1890 1666 1926 δὲ
1691 1890 1727 1925 D

349 1941 446 1985 αὐτῷ
473 1938 750 1986 prDi‚a1’m'e
775 1938 810 1974 Α
935 1939 989 1975 12.
1019 1939 1062 1974 13
1088 1940 1136 1978 εἷς
1161 1939 1332 1983 ἀμάσειαν
1358 1940 1545 1983 ὑπερόριον
1570 1940 1671 1974 ἔθετο
1696 1939 1727 1974 Β

306 1988 432 2024 14.15
457 1988 652 2033 ἐτελεύτησε
679 1987 711 2023 δ’
737 1987 818 2031 ΑΕ,
847 2002 907 2023 και
933 1988 1154 2032 ἐτελεύτησεν
1179 1986 1277 2033 pr
1425 1988 1469 2021 16
1494 1987 1592 2032 αὐτῷ
1620 1987 1655 2022 D

302 2037 346 2072 17
372 2037 466 2075 ὃς-
482 2037 639 2080 τετίμητο
666 2046 741 2071 om.
769 2034 878 2082 pr‚
908 2047 945 2071 V.
973 2046 1031 2071 vs.
1059 2036 1104 2071 18
1242 2035 1285 2070 18
1309 2035 1353 2080 ἦν
1379 2036 1418 2070 δὲ
1443 2035 1543 2073 οὗτος
1569 2035 1606 2070 τὸ
1631 2036 1728 2080 γένος

300 2084 467 2130 ἰλλυριός·
495 2084 557 2130 τὴν
582 2085 689 2128 φύσιν
713 2083 794 2128 AE,
819 2084 987 2122 ιὀυστῖνος
1013 2083 1051 2118 δὲ
1075 2083 1113 2118 τὸ
1139 2084 1235 2128 γένος
1253 2083 1437 2128 τυγχάνων
1455 2083 1618 2128 ι’λλυριός,
1645 2097 1727 2118 κου-

299 2133 496 2177 ροπαλάτης
520 2132 590 2176 πρὸ
616 2137 675 2177 τῆς
701 2131 877 2177 βασιλείας
902 2133 1072 2176 τετίμητο.
1099 2131 1159 2167 καὶ
1184 2131 1228 2177 ἦν
1254 2130 1315 2176 τὴν
1341 2131 1449 2176 φύσιν
1473 2131 1570 2177 pr
1666 2131 1727 2167 Ἰλ-

299 2179 428 2225 λυριός]
458 2191 494 2215 v.
522 2180 611 2215 Due
639 2181 732 2214 fam.
759 2178 854 2224 Byz.
883 2190 919 2225 p.
947 2180 993 2216 78

349 2311 448 2349 Cum
475 2315 611 2348 autem
638 2311 862 2347 Iustiniano
877 2311 1094 2346 multorum
1119 2311 1291 2346 insidiae
1307 2312 1604 2356 nuntiarentur,
1632 2311 1786 2357 qua-21

229 2371 317 2397 rum
345 2361 465 2397 etiam
492 2359 710 2396 Belisarius
731 2360 924 2405 patricius
951 2363 1056 2394 esset
1075 2359 1287 2404 particeps,
1315 2359 1506 2394 satellites
1533 2360 1568 2394 ei
1589 2369 1728 2395 omnes

229 2409 379 2444 ademit
404 2409 618 2454 ipsumque
652 2407 759 2443 domi
787 2407 978 2442 custodiri
1008 2407 1142 2452 iussit;
1181 2407 1350 2452 eiusque
1376 2407 1522 2442 mortui
1552 2417 1649 2452 opes
1686 2409 1727 2442 in

230 2458 367 2492 fiscum
397 2466 536 2491 omnes
561 2459 654 2491 sunt
680 2455 845 2491 relatae.
897 2454 981 2491 Sub
1017 2459 1239 2490 extremam
1275 2459 1449 2490 aetatem
1479 2454 1727 2490 Iustinianus
1742 2455 1789 2490 ‘22

228 2505 268 2539 in
295 2514 434 2540 eorum
457 2504 654 2539 haeresim
681 2503 831 2547 incidit,
859 2504 926 2548 qui
948 2504 1167 2549 opinantur
1188 2502 1394 2538 dominum
1418 2513 1498 2538 non
1518 2503 1727 2538 mortalem

228 2563 389 2587 carnem
417 2553 682 2598 assumpsisse
708 2551 779 2587 sed
806 2562 906 2595 eam,
934 2551 1178 2596 simulatque
1192 2554 1400 2596 assumpta
1427 2556 1543 2594 esset,
1572 2552 1727 2586 immor-

228 2600 347 2635 talem
375 2600 566 2635 extitisse.
617 2599 662 2634 In
690 2609 811 2645 quam
839 2599 1070 2645 opinionem
1099 2608 1188 2634 cum
1218 2609 1356 2634 omnes
1371 2598 1569 2634 adductos
1595 2599 1728 2642 vellet,

228 2647 470 2693 Eutychium
506 2647 776 2693 patriarcham
810 2647 1085 2692 refragantem
1123 2649 1163 2682 ct
1200 2646 1486 2682 adversantem
1513 2645 1788 2682 Amasean123

229 2695 438 2742 relegavit,
478 2695 691 2741 designato
719 2695 930 2741 patriacha
956 2694 1108 2730 Ioanne
1136 2694 1440 2738 exscholastioe,
1474 2694 1726 2730 Antiocheno

229 2743 504 2789 apocrisiario.
530 2742 577 2778 In
592 2753 724 2788 eaque
739 2743 929 2789 opinione
945 2743 1118 2778 decessit
1132 2742 1393 2786 Iustinianus,
1409 2753 1498 2778 cum
1515 2748 1727 2788 regnasset
1741 2743 1787 2777 24

229 2801 358 2826 annos
383 2789 602 2835 XXXVIII,
629 2801 788 2826 menses
815 2790 898 2834 VII,
939 2790 1024 2825 dies
1051 2789 1158 2834 XIII,
1186 2790 1354 2836 imperio
1381 2791 1624 2826 consobrino
1652 2800 1726 2826 suo

232 2839 399 2874 lvs‘rmo
428 2838 671 2886 relicto,fqui
699 2838 962 2884 curopalatae
989 2838 1182 2874 honorem
1211 2838 1347 2883 gessit.

351 2889 404 2922 10.
456 2887 505 2931 1³,
532 2887 696 2922 natione
736 2886 907 2933 Hip-ius,
947 2890 1033 2921 erat
1075 2887 1237 2932 ingenio
1276 2886 1487 2921 adomnia
1522 2887 1642 2922 habili
1689 2892 1724 2922 et
