2054 3282
701 224 913 263 BELLVM
937 223 1288 263 BVLGARICVM.
1671 224 1743 262 565

249 343 575 400 Βλαὸισθλάβου
606 346 812 401 θεράπων
835 347 1020 402 ἀφίκετο,
1052 345 1417 401 εὐαγγελιζόμενος
1437 344 1512 400 τὴν
1533 345 1741 400 ἀναίρεσιν

246 417 320 455 τοῦ
351 414 445 455 υἱοῦ
476 418 550 456 τοῦ
581 414 789 470 Σαμουὴλ
825 415 896 457 καὶ
928 415 1153 470 γράμματα
1184 415 1375 469 κομίζων
1405 413 1739 469 ἐπαγγελλόμενα

246 486 307 535 τῷ
341 482 505 536 βασιλεῖ
537 482 757 537 δούλωσιν,
801 483 1124 538 προσερρύησαν
1155 483 1201 525 δὲ
1231 483 1348 537 αὐτῷ
1378 482 1450 524 καὶ
1479 482 1625 524 πολλοὶ
1654 485 1740 524 τῶν
1754 484 1784 521 C

245 549 464 604 ἐπισήμων
493 551 609 605 παρὰ
642 551 917 606 Βουλγάροις.
979 550 1104 605 γνοὺς
1134 552 1274 606 μέντοι
1309 550 1382 593 τὸν
1411 550 1740 605 Βλαόισθλάβον
1755 552 1800 588 15

209 622 232 659 5
246 617 271 658 ὁ
291 618 483 672 βασιλεὺς
504 620 556 661 οὗ
577 618 683 661 κατὰ
704 619 778 666 τὰς
798 620 1042 675 ἐπαγγελίας
1063 619 1377 674 διανοούμενον,
1411 619 1594 674 ἐπῆλθεν
1615 617 1740 665 αὖθις

245 690 295 740 τῇ
325 686 567 742 Βουλγαρίᾳ
598 686 670 729 καὶ
699 687 856 734 πολλὰς
885 687 963 742 μὲν
994 688 1122 742 αὐτῆς
1152 687 1341 742 ἐληίσατο
1380 687 1538 742 χώρας,
1574 686 1656 741 ,τὴν
1693 686 1740 728 δὲ

243 758 317 809 τῆς
352 754 544 810 Ἀχρίόος
585 755 718 805 πόλιν,
762 757 808 798 ἐν
842 755 872 811 ᾖ
907 755 956 797 τὰ
999 755 1182 810 βασίλεια
1225 760 1310 802 τοῖς
1352 759 1437 797 τῶν
1473 755 1739 810 Βουλγάρων

244 822 524 878 ᾠκοδόμηντο
556 824 769 878 ἀρχηγοῒς,
800 824 1021 878 πολιορκίᾳ
1051 824 1196 878 λαβὼν
1227 823 1298 865 καὶ
1322 824 1440 877 ἕτερα
1462 823 1647 878 φρούρια
1671 823 1737 866 διὰ

243 894 499 946 στρατηγῶν,
531 892 800 940 ἐπανέζευξεν
831 893 888 939 εἶς
918 891 992 947 τὴν
1023 891 1355 934 Κωνσταντίνου.

31 995 51 1018 ‘s
185 963 230 998 10
362 958 446 1001 Καὶ
494 958 619 1006 αὖθις
665 959 710 1001 δὲ
756 959 861 1001 κατὰ
905 960 1171 1015 Βουλγάρο)ν
1217 960 1456 1014 ἐστράτευσε
1498 960 1569 1002 καὶ
1612 959 1737 1007 αὖθις
1754 962 1796 997 16

27 1026 69 1074 ‚D
87 1033 141 1070 IV
162 1033 230 1069 123
242 1027 427 1082 φρούριά
465 1044 507 1070 τε
545 1027 616 1070 καὶ
650 1027 831 1075 πολλοὺς
867 1032 952 1071 τῶν
989 1029 1224 1084 βαρβάρων
1262 1028 1358 1074 τοὺς
1395 1028 1474 1083 μὲν
1511 1029 1735 1083 διέφθειρε,

242 1095 339 1142 τοὺς
370 1095 416 1138 δὲ
447 1097 618 1151 συνέσχε
657 1097 807 1146 ζωούς.
870 1097 895 1139 ὁ
927 1097 973 1140 ὂὲ
1003 1101 1088 1139 τῶν
1119 1097 1384 1151 Βουλγαρων
1414 1098 1562 1152 ἅρχων
1593 1097 1618 1138 ὁ
1643 1096 1734 1139 Ἰω-
1750 1098 1795 1134 17

242 1164 369 1219 άννης
404 1164 474 1206 καὶ
508 1165 832 1220 Βλαὸισθλάβος
868 1182 973 1207 κατα
1011 1170 1084 1208 τοῦ
1124 1166 1365 1220 Δυρραχίου
1402 1166 1623 1220 ἐξώρμησε
1664 1164 1736 1206 καὶ

239 1233 483 1286 πολιορκῶν
522 1233 624 1275 αὐτὸ
666 1234 813 1288 πίπτει,
857 1235 988 1287 ἄρξας
1026 1235 1093 1289 ἔτη
1135 1234 1213 1276 δύο
1249 1234 1319 1276 καὶ
1349 1238 1487 1289 μῆνας
1516 1234 1647 1275 πέντε.
1710 1234 1735 1275 ὃ
1751 1235 1795 1270 18
1822 1235 1856 1270 D

182 1305 226 1341 15
238 1301 400 1355 μαθὼν
436 1301 460 1342 ὁ
497 1301 689 1357 βασιλεὺς
731 1302 862 1349 εὐθὺς
899 1304 1018 1351 ἔξεισι
1054 1303 1125 1344 καὶ
1161 1302 1256 1356 περὶ
1293 1301 1367 1357 τὴν
1392 1301 1860 1355 ἈὁριανούπολινἮΙΠ
1878 1304 1937 1340 181

239 1371 453 1424 γενομένῳ
474 1371 693 1425 προσίασιν
714 1371 831 1426 αὐτῷ
850 1375 936 1413 τῶν
952 1370 1216 1426 Βουλγάρων
1232 1372 1444 1426 ἐπιφανεῖς
1459 1386 1573 1418 τινες,
1594 1385 1732 1424 παρα-

239 1438 421 1485 ὂιόόντες
449 1439 566 1494 αὐτῷ
586 1439 658 1482 τὸν
679 1439 890 1493 Πέρνικον
911 1439 982 1482 καὶ
1013 1440 1130 1494 ἕτερα
1163 1439 1348 1495 φρούρια
1379 1439 1498 1480 πέντε
1528 1438 1600 1480 καὶ
1620 1439 1732 1492 τριά-

25 1275 47 1302 Cf<

238 1579 285 1615 10
307 1580 358 1615 ὅτι
382 1579 443 1616 καὶ
467 1580 572 1620 αὖθις
597 1581 618 1616 ὁ
639 1580 803 1627 βασιλεὺς
827 1581 1071 1627 ἐξεστράτευσε
1096 1579 1186 1617 κατὰ
1211 1580 1429 1626 Βουλγάρων
1453 1580 1515 1616 καὶ
1543 1581 1608 1616 ὅσα
1638 1579 1731 1616 ἕποι’-

236 1640 321 1673 ησεν
346 1626 376 1664 C

309 1758 327 1794 1
355 1758 430 1804 τὴν]
456 1764 516 1805 τῆς
540 1759 624 1806 w*p
721 1761 744 1794 3
769 1759 867 1805 αὐτῷ
898 1771 973 1795 om.
1001 1759 1032 1795 Ο
1130 1760 1199 1795 3.4
1227 1760 1287 1795 καὶ
1311 1760 1409 1795 πολλ.
1435 1775 1463 1795 τ.
1488 1758 1583 1804 παρὰ
1607 1759 1728 1805 βουλγ.

306 1806 492 1852 ἐπισήμων
516 1813 566 1850 τῷ
592 1807 820 1852 αὐτοκράτορι
849 1807 956 1843 01ῐό
982 1808 1048 1843 lat.
1204 1807 1227 1843 4
1250 1807 1382 1853 μέντοι]
1407 1807 1446 1843 δὲ
1473 1807 1502 1842 B
1649 1808 1730 1852 βλα-

307 1854 501 1900 δίσθλαβον
526 1854 712 1901 BSDEwp
819 1856 841 1890 6
866 1855 983 1894 αὐτοῖς
1008 1854 1078 1890 BD
1175 1855 1197 1891 7
1222 1855 1369 1900 ἀκρίδας
1395 1855 1430 1890 D
1528 1854 1581 1900 τὰ]
1609 1854 1669 1890 καὶ
1694 1854 1730 1889 D
1763 1864 1767 1868 '

307 1901 331 1937 8
354 1901 435 1947 ἀρχ.
461 1902 693 1947 ᾠκοδόμηντο
719 1902 857 1948 E(wp),
883 1902 964 1948 ἀρχ.
991 1902 1204 1947 ᾠκοδόμητο
1231 1902 1262 1938 Ο
1387 1903 1410 1938 9
1434 1902 1668 1946 ε’παῖνεύζεξεν
1694 1901 1729 1937 D

355 1950 711 1985 κωνσταντινοῦπολιν
738 1949 773 1985 D
912 1951 957 1985 10
981 1949 1020 1985 δὲ
1046 1961 1121 1986 om.
1149 1950 1178 1986 C
1311 1949 1400 1985 κατὰ
1426 1955 1495 1985 τῶν
1518 1950 1730 1996 βουλγάρων

308 1998 517 2079 Ὲαρβάρων
530 1997 575 2040 C)
589 1998 723 2033 τούτων
738 1997 769 2033 Ο
779 1998 846 2033 Wo
861 1997 927 2033 lat.
1019 1998 1060 2032 11
1087 1998 1294 2043 βουλγάρων
1307 1998 1338 2033 Ο
1347 1999 1395 2033 W
1392 2009 1414 2034 0
1429 1998 1494 2033 lat.
1583 1998 1730 2042 ἔφθειρε

444 2045 489 2080 12
515 2046 536 2080 ό
559 2048 654 2080 ante
667 2045 740 2080 Ἰω.
759 2055 833 2080 om.
849 2044 880 2080 Ο
981 2045 1024 2079 13
1049 2045 1108 2080 καὶ
1127 2045 1206 2090 BL]
1233 2046 1252 2080 ό
1274 2046 1329 2092 βλ.
1345 2045 1376 2081 O
1472 2045 1729 2090 βλαόίσθλαβος

307 2091 496 2138 BSDEwp
595 2092 639 2127 14
664 2092 896 2138 ἡγεμονεύσας
922 2097 982 2127 τοῦ
1009 2093 1135 2131 ἔθνους
1157 2092 1265 2129 OWo
1291 2093 1357 2128 lat.
1457 2093 1501 2129 15
1525 2092 1728 2136 ἀνδριανοὺ-

307 2140 408 2175 πολιν
426 2139 461 2175 D
559 2140 605 2175 16
629 2140 726 2185 αὐτῷ
753 2144 846 2175 ante
872 2154 938 2185 γεν.
958 2140 990 2175 Ο
1090 2140 1133 2175 17
1158 2140 1216 2175 τὸν
1243 2151 1317 2176 om.
1337 2140 1367 2175 B
1465 2140 1650 2185 τριάκοντα
1674 2139 1729 2174 ἐπὶ

307 2187 405 2223 πέντε
431 2187 539 2234 Ewp‚
564 2187 619 2223 ἐπὶ
643 2188 742 2223 πέντε
765 2188 950 2232 τριάκοντα
978 2188 1008 2223 O

235 2322 282 2354 ut
307 2322 346 2355 et
372 2318 536 2355 caedem
557 2318 757 2354 Gabrielis
783 2318 834 2353 ab
862 2318 957 2353 horo
984 2328 1058 2353 suo
1077 2319 1224 2354 factam
1244 2319 1402 2354 nuntiet
1420 2322 1459 2354 et
1505 2330 1549 2354 er
1575 2319 1728 2354 litteras

236 2367 324 2413 regi
350 2367 585 2402 servitutem
606 2367 822 2412 promittat,
849 2366 997 2411 aliique
1024 2365 1136 2401 multi
1159 2376 1208 2402 ex
1228 2366 1449 2401 illustribus
1503 2366 1657 2412 ulgaris
1675 2365 1727 2401 ad

237 2424 327 2450 eum
363 2414 583 2450 confluunt.
634 2414 708 2456 Qui
745 2424 833 2449 cum
866 2413 1126 2449 intellexisset
1152 2413 1262 2448 aliud
1289 2423 1412 2459 agero
1439 2414 1572 2449 animo
1599 2413 1727 2449 Bladi-
1743 2414 1787 2449 15

236 2460 448 2505 sthlabum,
488 2471 607 2507 quam
648 2461 847 2507 pollicitus
887 2466 1002 2504 osset,
1040 2461 1183 2495 iterum
1218 2462 1480 2507 impressione
1511 2462 1551 2497 in
1584 2460 1727 2507 Bulga-

236 2509 336 2544 riam
363 2509 472 2544 faeta
503 2508 624 2555 longe
658 2509 817 2554 lateque
850 2508 1022 2554 praedas
1054 2509 1138 2554 ogit
1163 2512 1201 2543 et
1229 2507 1415 2553 Acin-ida,
1454 2509 1555 2544 urbe
1582 2508 1726 2555 Bulga-

235 2566 372 2639 Eorum
398 2557 524 2603 rogia,
562 2563 799 2603 expugnata
832 2556 1000 2601 aliisquo
1032 2555 1204 2591 castellis
1232 2566 1303 2602 per
1328 2555 1452 2591 duces
1478 2566 1574 2592 suos
1600 2556 1727 2602 captis

268 2603 386 2650 polim
414 2604 528 2640 redit.

353 2650 432 2688 Sed
447 2661 587 2687 rursus
602 2652 705 2687 bello
721 2651 829 2686 illnto
849 2650 1035 2695 Bulgnris
1055 2655 1091 2686 ot
1113 2650 1286 2686 castellis
1305 2652 1512 2697 occupatis
1531 2651 1727 2687 barbaros
1743 2652 1786 2687 16

235 2708 322 2734 com
354 2698 461 2735 lures
507 2700 623 2734 artim
643 2700 855 2742 interfecit,
883 2698 1026 2743 partim
1047 2699 1164 2744 cepit.
1210 2699 1386 2740 Quorum
1408 2700 1595 2745 princeps
1615 2698 1725 2734 ioan·
1746 2699 1786 2735 17

234 2756 307 2782 nes
361 2746 479 2782 ladist
508 2745 636 2790 labus,
655 2746 749 2782 dum
770 2745 830 2791 D>
838 2745 1064 2781 rrliachium
1085 2745 1252 2789 obsidet,
1272 2745 1390 2790 cadit,
1410 2756 1499 2781 cum
1520 2746 1724 2781 biennium

235 2797 275 2829 et
293 2793 474 2840 quinque
490 2804 648 2830 menses
667 2798 889 2839 regnasset.
941 2796 1029 2834 Quo
1053 2803 1122 2828 rex
1152 2794 1315 2839 cognito
1342 2794 1474 2829 statim
1505 2793 1725 2839 egreditur,
1744 2794 1787 2829 18

236 2842 301 2877 cui
327 2840 379 2876 ad
405 2839 708 2887 Adrianopolim
737 2853 759 2886 ‹
765 2840 899 2876 uidam
926 2840 1099 2876 illustros
1127 2840 1290 2885 Bulgari
1318 2851 1361 2875 se
1388 2840 1551 2883 dedunt,
1578 2840 1726 2876 tradito

234 2887 406 2925 Pernico
434 2893 473 2925 ot
495 2889 582 2925 aliis
601 2888 746 2925 XXXV
767 2888 957 2929 caste-ssim
984 2888 1054 2923 sod
1082 2892 1121 2924 et
1147 2888 1258 2924 multi
1286 2888 1351 2923 alii
1379 2899 1429 2923 ex
1458 2888 1516 2924 iiis
1544 2888 1727 2924 barbaris
