1968 3302
442 238 812 279 VALENTIANVS
837 239 856 276 Ι
881 235 1196 275 IMPERATOR.
1247 233 1463 272 VALENS.
1659 234 1706 270 75

189 373 267 423 ’τῷ
286 367 448 423 βασιλεῖ
468 365 798 418 Οὗαλεντινιανῷ
824 361 989 404 ἀδικίαν
1020 359 1310 414 ἓπεγκαλοῢσα
1340 363 1403 412 τῷ
1433 357 1706 411 πραιποσίτῳ.

205 437 434 492 ἒρευνήσας
470 438 573 489 γοῦν
603 433 629 475 ὁ
659 431 938 486 αὐτοκράτωρ
974 429 1046 472 καὶ
1082 427 1208 484 γνοὺς
1248 427 1309 483 μὴ
1353 427 1591 481 ψεύδεσθαι
1633 425 1708 480 τὴν
1724 421 1767 456 16

205 510 395 561 γυναῖκα,
427 502 824 558 προσκαλεσάμενος
858 499 931 542 τὸν
968 498 1240 552 πραιπόσιτον
1282 497 1543 551 θεραπεῦσαι
1586 495 1706 537 κεκέ-

204 576 326 618 λευκε
355 578 406 629 τῇ
437 571 600 628 γυναικὶ
629 571 676 612 τὸ
709 570 908 624 ἀδίκημα.
969 569 1163 613 κάκεῖνος
1192 570 1243 622 τῇ
1273 565 1487 620 παρρησίᾳ
1518 569 1568 619 τῇ
1599 563 1708 617 πρὸς
1723 559 1767 595 17

169 643 276 686 5τὸν
318 642 489 698 βασιλέα
536 641 719 694 θαρρῶν
765 639 917 681 οὐδένα
965 637 1091 692 λόγον
1133 636 1255 678 ἔθετο
1297 639 1371 689 τῆς
1413 633 1707 687 ἀδικουμένης.

204 711 446 767 προσῆλθεν
476 708 552 752 οὗν
583 708 654 751 καὶ
685 707 811 754 αὖθις
847 712 909 761 τῷ
945 706 1106 761 βασιλεῖ
1132 706 1159 760 ἦ
1191 705 1312 759 γυνή·
1356 703 1428 745 καὶ
1466 703 1514 748 ὃς
1548 701 1709 757 μαθὼν
1726 698 1769 733 18

204 781 355 836 μήτινα
385 779 542 822 θέσθαι
573 777 776 832 φροντίδα
807 781 880 831 τῆς
912 774 1110 830 γυναικὸς
1139 774 1212 816 τὸν
1241 772 1527 827 πραιπόσιτον,
1561 770 1709 813 αὐτίκα
1725 766 1754 803 C

205 853 360 904 γυμνοῖ
384 848 462 903 μὲν
493 848 650 890 ἐκεῖνον
686 850 760 887 τοῦ
800 845 1051 898 ἀξιώματος,
1097 843 1252 886 κελεύει
1290 842 1336 884 δὲ
1368 841 1542 883 δεθέντα
1574 840 1619 882 ἒν
1648 843 1711 892 τῷ

205 918 376 972 θεάτρῳ
396 916 687 971 περιαχθῆναι,
710 915 878 968 ἀγῶνος
899 914 1072 955 ἷππικοῢ
1095 913 1319 967 ἀγομένου,
1353 910 1559 965 κηρύκων
1580 909 1710 951 αὐτοῦ

147 989 194 1024 10
204 986 483 1042 προαγόντων
513 985 584 1027 καὶ
614 983 661 1026 τὸ
693 984 750 1030 εἷς
780 982 855 1037 τὴν
886 986 1062 1036 γυναῖκα
1094 981 1300 1036 βοώντων
1331 980 1518 1034 ἀδίκημα
1545 977 1710 1020 καὶτοῦ

205 1056 422 1111 βασιλικοῦ
454 1054 735 1108 κελεύσματος
755 1052 830 1106 τὴν
850 1051 1097 1105 παρακοήν·
1131 1050 1202 1092 καὶ
1222 1049 1325 1105 μετὰ
1347 1049 1422 1103 τὴν
1442 1046 1712 1102 περιαγωγὴν

206 1125 278 1167 καὶ
315 1123 362 1166 τὸ
401 1124 600 1178 κήρυγμα
646 1123 735 1164 ἐκεῖ
773 1119 969 1174 παρευθὺ
1013 1120 1225 1174 καυθῆναι
1270 1117 1408 1160 αὐτόν.
1471 1116 1543 1158 καὶ
1579 1116 1604 1158 ὁ
1633 1115 1712 1170 μὲν
1728 1113 1772 1148 19

206 1197 394 1236 τοιοῦτον
425 1193 576 1246 εὕρατο
607 1192 740 1237 τέλος·
773 1191 799 1245 ἡ
833 1189 879 1231 δὲ
909 1193 1024 1231 πᾶσα
1057 1189 1217 1231 ἐκείνου
1239 1187 1456 1241 περιουσία
1477 1187 1527 1241 τῇ
1550 1184 1713 1240 γυναικὶ

209 1262 276 1304 διὰ
307 1261 517 1317 βασιλείου
549 1260 889 1314 παρακεχώρητο
922 1258 1179 1313 γράμματος.

148 1334 193 1371 15
320 1329 516 1379 Ἐξέλιπε
548 1330 594 1371 δὲ
625 1329 650 1370 ὅ
678 1326 870 1383 βασιλεὺς
891 1325 1015 1372 οὗτος
1042 1327 1086 1367 ἓν
1105 1325 1149 1366 Γ
1144 1326 1300 1371 αλλίαις
1322 1325 1492 1378 διάγων,
1525 1321 1712 1364 ἅπολαύ-
1727 1321 1774 1356 20

208 1414 286 1446 σας
315 1399 472 1454 χρόνου
503 1402 692 1452 μακροῦ·
726 1397 827 1452 ἕβίω
861 1395 940 1450 γὰρ
974 1396 1041 1449 ἔτη
1068 1394 1177 1447 πρὸς
1197 1394 1414 1447 τέσσαρσιν
1436 1391 1713 1446 ὀγδοήκοντα,

208 1469 358 1511 ἕνδεκα
401 1468 563 1510 τούτων
605 1465 854 1521 βασιλεύσας
897 1463 1109 1510 ἐνιαυτοὺς
1147 1463 1219 1505 καὶ
1255 1462 1327 1504 τὸν
1357 1461 1450 1503 υἱὸν
1480 1460 1525 1502 Γ
1519 1459 1714 1515 ρατιανόν

207 1541 281 1592 τῆς
311 1536 521 1592 βασιλείας
550 1538 637 1577 τῶν
668 1534 875 1588 ἑσπερίων
906 1533 1108 1587 διάδοχον
1138 1531 1460 1577 καταλελοιπώς.
1827 1584 1832 1590 ἃ

334 1605 503 1660 Οὐάλης
535 1604 581 1647 δὲ
611 1607 696 1646 τῶν
727 1601 1046 1658 ἀρειανιζόντων
1073 1602 1336 1655 ὑπερμαχῶν
1358 1600 1420 1646 ὡς
1442 1598 1716 1654 ὁμογνώμων
1733 1591 1786 1634 16
1811 1594 1846 1631 D

149 1678 198 1713 20
210 1675 350 1722 αὐτοῖς
385 1673 483 1720 τοὺς
520 1672 788 1728 ὂρθοδόξους
825 1672 976 1714 ἐδίωκε
1013 1670 1085 1712 καὶ
1127 1668 1260 1712 πολλὰ
1306 1669 1531 1724 ἐπήνεγκεν
1575 1667 1717 1714 αὐτοῖς

209 1794 233 1830 3
257 1793 338 1838 περὶ
356 1793 526 1829 Ῥοδανοῦ
552 1792 614 1828 καὶ
638 1793 735 1830 ὅπως
763 1796 885 1826 τοῦτον
910 1789 1102 1826 ἀδικοῦντα
1127 1789 1295 1824 ἐκόλασεν
1320 1789 1387 1830 (-σε
1402 1788 1447 1831 Ε)
1471 1786 1715 1824 Οὐαλεντινια-

209 1843 269 1881 νός
295 1841 358 1878 CE
458 1840 502 1876 15
527 1839 667 1886 τελευτὴ
697 1839 989 1876 Οὗαλεντινιανοῦ
1015 1837 1044 1874 C
1143 1837 1188 1872 19
1213 1836 1373 1883 βασιλεία
1393 1835 1595 1878 ,Οὐάλεντος
1620 1836 1715 1880 αἶρε-

210 1895 310 1926 τικοῢ
337 1890 421 1934 (αἵρ.
450 1899 526 1924 om.
554 1888 639 1932 DE)
665 1886 774 1923 ADE

284 1998 303 2033 1
330 1997 529 2041 ἐγκαλοῦσα
555 1996 587 2031 Ε
715 1996 921 2040 προποσίτῳ
947 1993 1013 2040 B„
1043 2004 1146 2029 corr.
1173 1993 1253 2028 alia
1279 1991 1468 2037 (Wolfiii')
1496 2001 1652 2035 manus,
1679 2002 1716 2026 v.

287 2045 385 2081 XIII
411 2044 467 2089 15,
495 2043 541 2080 14
650 2044 673 2079 2
699 2043 761 2079 οὖν
786 2043 923 2089 DEwp
1035 2041 1057 2078 6
1081 2041 1261 2087 προςῆλθε
1286 2046 1371 2087 γοῦν
1398 2040 1429 2076 Ε
1539 2040 1560 2075 7
1587 2039 1717 2075 θέσθαι

287 2096 383 2129 ante
409 2092 537 2129 αὐτίκα
562 2091 664 2138 pr

212 2211 331 2254 minc,
371 2209 481 2256 apud
513 2219 652 2256 regem
678 2208 1006 2244 Valentinianum
1043 2207 1254 2243 cuiusdam
1288 2207 1463 2242 iniuriae
1501 2208 1718 2241 accusatus

214 2260 284 2294 est.
347 2258 594 2300 Quaestione
632 2256 757 2302 igitur
790 2256 929 2291 habita
961 2256 1182 2301 imperator
1217 2264 1307 2290 cum
1341 2254 1602 2300 comperisset
1636 2264 1718 2289 nou
1735 2247 1779 2282 16

213 2306 374 2342 mentiri
407 2306 612 2349 feminam,
651 2304 886 2339 arcessitum
923 2304 1198 2349 praepositum
1238 2303 1475 2338 satisfacere
1513 2302 1628 2337 iussit.
1665 2302 1719 2336 fe-

213 2355 348 2390 minae
375 2353 426 2389 de
451 2353 610 2389 iniuria.
661 2352 803 2397 Neque
829 2355 963 2387 tamen
991 2351 1057 2386 ille
1083 2351 1217 2393 gratia
1244 2351 1353 2394 regis
1372 2351 1500 2385 fretus
1517 2349 1640 2384 ullam
1659 2359 1718 2384 ra·
1735 2343 1779 2378 17

214 2402 364 2438 tionem
390 2401 533 2437 babuit
558 2401 734 2436 feminae
761 2400 907 2435 laesae.
958 2397 1068 2434 Adiit
1101 2399 1228 2443 igitur
1262 2398 1382 2433 etiam
1417 2398 1552 2433 denuo
1579 2407 1719 2439 regem
1735 2391 1780 2426 18

215 2450 382 2493 femina3
421 2449 485 2484 hic
521 2459 611 2483 cum
646 2451 785 2483 nosset
817 2447 968 2482 nullam
1002 2446 1234 2481 adhibuisse
1266 2446 1516 2481 curationem
1545 2445 1721 2480 feminae

216 2497 504 2543 praepositum,
542 2496 648 2531 illico
688 2496 798 2531 illum
839 2494 1038 2540 dignitate
1073 2494 1276 2540 privatum
1314 2493 1426 2529 iubet
1464 2494 1643 2528 vinctum
1678 2492 1719 2527 in

216 2545 375 2581 theatro
402 2543 649 2580 circumduci
669 2543 775 2578 ludis
793 2542 1061 2585 Circensibus,
1090 2541 1362 2586 praeconibus
1381 2540 1721 2586 praecedentibus

217 2595 257 2628 et
282 2593 471 2628 iniuriam
497 2595 640 2627 eontra
666 2591 856 2627 feminam
884 2591 1031 2626 factam
1061 2594 1099 2625 et
1126 2589 1227 2634 reg-ii
1255 2589 1352 2624 iussi
1380 2589 1721 2634 contemptionem

216 2643 256 2675 et
282 2643 373 2686 post
399 2639 783 2675 circumductionem
814 2638 989 2674 edictum
1017 2647 1180 2683 quoquc
1213 2637 1491 2679 clamantibus,
1531 2646 1554 2672 e
1581 2646 1661 2681 quo
1688 2636 1721 2671 is

215 2687 295 2724 illic
314 2688 446 2724 statim
466 2688 516 2723 sit
535 2686 846 2723 comburendus.
898 2686 973 2728 Qui
994 2686 1156 2731 quidem
1184 2685 1251 2719 tali
1280 2684 1356 2720 fuit
1383 2684 1506 2727 exitu,
1535 2684 1721 2719 omnibus
1738 2679 1781 2714 19

216 2735 323 2771 illius
349 2735 496 2781 opibus
522 2735 698 2771 feminae
724 2745 796 2778 per
823 2734 978 2779 regiam
1007 2733 1208 2769 concessis
1235 2732 1457 2777 epistolam.

336 2782 444 2819 Obiit
468 2792 541 2818 rex
564 2782 606 2817 in
632 2781 772 2818 Galliis
799 2781 966 2823 degens,
1006 2782 1090 2816 vita
1115 2780 1301 2823 longiore
1331 2789 1431 2815 usus
1470 2780 1587 2824 (vixit
1614 2780 1720 2815 enim
1735 2775 1782 2810 ‘20

217 2841 347 2867 annos
372 2829 586 2874 LXXXIV,
622 2830 814 2875 regnavit
840 2829 911 2874 ΧΙ)
946 2829 1085 2864 relicto
1118 2828 1197 2863 filio
1224 2827 1431 2872 Gratiano,
1471 2829 1589 2874 regni
1621 2828 1721 2863 occi-

219 2878 392 2915 dentalis
415 2887 663 2914 successore.

338 2926 395 2962 16.
445 2924 604 2970 Valens,
642 2923 887 2962 Arianorum
927 2924 1116 2960 defensor
1155 2927 1194 2959 ct
1233 2933 1432 2967 assensor,
1471 2922 1722 2959 orthodoxos
