2054 3282
383 244 454 286 286
798 246 979 291 zoNAR.
1006 247 1137 289 ΕΡῙΤ.
1162 246 1235 289 XV
1261 250 1316 298 10,
1343 245 1470 291 7—22.

347 375 536 417 8πολλοί.
599 377 642 418 ἒν
675 376 721 418 δέ
752 392 796 430 γε
826 380 875 430 τῇ
913 375 1062 429 Θράκῃ
1094 374 1200 416 κατὰ
1231 374 1278 416 τὸ
1310 375 1496 430 Μακρὸν
1526 380 1659 431 τεῖχος
1690 376 1779 420 τότε
1816 392 1875 425 τις

382 444 568 497 ὀρύττων
598 445 772 497 λάρνακι
804 443 1037 497 ἐντυγχάνει
1067 442 1202 497 λιθίνῃ
1235 444 1472 498 ἀνθρώπου
1504 445 1692 500 φερούσῃ
1723 446 1875 500 νεκρὸν

346 512 452 552 9καὶ
484 512 707 566 γράμματα
740 512 1081 565 ἐγκεκολαμμένα
1114 511 1268 566 ἐχούσῃ
1300 512 1470 565 λέγοντα
1495 513 1708 567 “Χριστὸς
1738 515 1874 568 μέλλει

381 581 603 633 γεννᾶσθαι
636 581 682 621 ἐκ
713 580 944 634 παρθένου,
982 579 1053 620 καὶ
1083 579 1262 620 πιστεύω
1295 580 1352 625 εἰς
1382 580 1524 622 αὐτόν·
1570 581 1635 622 ἐπὶ
1667 582 1713 623 δὲ
1743 583 1923 624 Κων-Ῑ)
1942 583 2054 620 11135

380 649 589 690 σταντίνου
626 648 696 689 καὶ
731 648 914 702 Εἰρήνης
950 651 1036 688 τῶν
1074 648 1281 701 βασιλέων
1318 648 1451 696 πάλιν,
1495 649 1594 703 ἥλιε,
1640 650 1736 704 ὄψει
1778 651 1908 705 με.”5

322 723 366 757 10
377 717 633 770 βουληθεῖσα
671 717 811 770 μέντοι
848 717 873 770 ἡ
913 716 1071 770 βασιλὶς
1109 715 1271 770 Εἰρήνη
1317 721 1493 769 γυναῖκα
1535 718 1874 772 μνηστεύσασθαι

377 790 438 838 τῷ
469 786 562 838 υἱῷ,
596 786 759 839 ἔπεμψε
789 783 897 838 πρὸς
928 784 1154 838 Κάρουλον
1184 783 1256 825 τὸν
1287 785 1396 839 ῥῆγα
1427 789 1512 826 τῶν
1543 786 1767 841 Φράγγων,
1798 786 1873 841 τὴν

124 858 361 895 W1119411
378 853 536 893 ἐκείνου
574 853 704 894 παῖδα
744 858 805 906 τῷ
849 853 991 906 οἰκείῳ
1026 853 1229 907 μνωμένη
1274 853 1402 894 παιδί.
1471 853 1554 895 εἶτα
1596 854 1644 896 τὸ
1686 859 1902 906 τοιοῦτον,

331 921 508 975 Βκῆδος
538 921 822 962 καταλιποῦσα
856 921 922 962 διὰ
955 921 1094 975 φόβον
1123 921 1194 962 καὶ
1225 921 1460 975 φιλαρχίαν,
1505 923 1570 963 ἵνα
1599 923 1661 977 μὴ
1696 924 1872 978 δύναμιν

376 989 400 1030 ὁ
431 988 521 1034 υἱὸς
552 990 680 1043 αὐτῆς
709 990 977 1044 περιβάληται
1006 990 1079 1044 τὴν
1106 993 1192 1030 τῶν
1214 989 1426 1044 Φράγγων
1448 989 1514 1031 διὰ
1535 990 1609 1045 τὴν
1631 992 1871 1046 ἀγχιστείαν,
1887 997 1932 1032 10

317 1063 362 1098 1‘2
376 1057 421 1105 ἒξ
464 1057 575 1111 ἑῴας
617 1059 765 1111 ἤνεγκε
807 1058 960 1112 κόρην·
1007 1060 1059 1112 ἣν
1097 1059 1137 1099 οἳ
1171 1058 1248 1112 μὲν
1286 1059 1332 1099 ἒκ
1369 1063 1442 1100 τοῦ
1473 1062 1559 1100 τῶν
1583 1059 1872 1114 Ἀρμενιακῶν
1940 1052 1942 1054 ¹

374 1126 560 1179 θέματος
596 1126 795 1180 λέγουσιν,
840 1127 970 1180 ἕτεροι
1010 1124 1046 1168 δ’
1081 1127 1128 1167 ἐκ
1168 1126 1482 1180 Παφλαγόνων,
1526 1127 1657 1169 οὖσαν
1691 1133 1765 1170 τοῦ
1804 1130 1870 1171 ε’πὶ

375 1193 631 1248 ἒλεημοσύνῃ
677 1194 903 1249 διαβοήτου
941 1195 1168 1249 Φιλαρέτου
1216 1195 1455 1248 θυγάτριον,
1502 1195 1573 1236 καὶ
1615 1197 1766 1251 ταύτην
1807 1203 1870 1251 τῷ

374 1261 680 1317 Κωνσταντίνῳ
712 1264 951 1311 συνέζευξεν
982 1264 1121 1305 ἄκοντι
1153 1263 1224 1304 καὶ
1253 1262 1325 1304 τὸν
1357 1264 1493 1318 γάμον
1518 1265 1645 1319 αὐτῆς
1667 1266 1867 1320 ἀποστέρ-

374 1346 497 1385 γοντι,
523 1331 582 1372 ὅτι
602 1331 677 1386 τὴν
697 1335 770 1373 τοῦ
793 1331 1020 1385 Καρούλου
1042 1332 1172 1373 παῖδα
1195 1332 1385 1378 ἐκτόπως
1406 1333 1637 1387 ἀγαγέσθαι
1659 1333 1865 1388 ἐβούλετο.
1883 1340 1928 1375 15

315 1406 360 1441 13
482 1399 654 1454 Ἀαρὼν
687 1400 732 1441 δὲ
763 1400 787 1441 ὁ
817 1404 903 1442 τῶν
924 1400 1120 1454 Ἀράβων
1150 1400 1335 1455 ἀρχηγὸς
1366 1400 1471 1442 κατὰ
1489 1401 1713 1455 Ῥωμαίων
1744 1418 1866 1457 στρα-

374 1529 392 1563 1
419 1529 500 1574 περὶ
524 1535 584 1575 τῆς
609 1530 815 1575 εὑρεθείσης
840 1530 1014 1575 λάρνακος
1039 1530 1224 1575 (εὑρέσεως
1241 1535 1301 1576 τῆς
1318 1530 1491 1575 λάρνακος
1509 1531 1554 1573 Ε)
1580 1531 1617 1566 ἒν
1642 1537 1684 1577 τῇ
1709 1533 1798 1573 (om.
1820 1531 1866 1575 E)

376 1577 502 1622 Θρᾴκῃ
530 1577 619 1613 κατὰ
644 1578 682 1612 τὸ
698 1578 854 1622 Μακρὸν
879 1583 992 1623 τεῖχος
1020 1577 1284 1623 (κατὰ-τεῖχος
1304 1589 1378 1613 om.
1398 1579 1443 1620 E)
1463 1578 1524 1614 ΟΕ
1621 1578 1644 1614 5
1669 1580 1689 1614 ὁ
1713 1580 1866 1615 Πλάτων

371 1625 415 1670 ἦν
441 1625 472 1659 Ε
500 1626 551 1670 (V.
579 1625 624 1661 G.
652 1625 700 1660 M.
727 1637 765 1671 p.
792 1626 871 1670 662,
899 1626 920 1660 9
947 1626 1141 1667 scholion)
1309 1626 1331 1661 6
1356 1627 1405 1660 ὅτι
1430 1626 1694 1672 κατηγγυήσατο
1721 1633 1772 1672 τῷ
1797 1629 1866 1672 υἱῷ

370 1678 520 1717 γυναῖκα
545 1673 566 1718 ἦ
592 1673 729 1718 Εἰρήνη
758 1672 820 1709 ΟΕ
955 1674 1000 1708 16
1026 1674 1075 1708 ὅτι
1102 1674 1123 1708 ὁ
1146 1678 1217 1708 τῶν
1239 1673 1396 1719 Ἀράβων
1423 1674 1576 1719 ἀρχηγὸς
1599 1674 1702 1719 μέχρι
1729 1675 1866 1720 (μέχρις

371 1720 418 1765 Ε)
443 1721 707 1765 Χρυσοπόλεως
736 1720 853 1756 ἐλθὼν
885 1721 1080 1756 ἐσπείσατο·
1120 1722 1255 1767 φόρους
1284 1722 1399 1761 αὐτοῖς
1425 1722 1559 1756 διδόναι
1585 1726 1655 1756 τῶν
1676 1723 1866 1767 Ῥωμαίων

371 1768 598 1814 συνθεμένων
625 1767 688 1804 ΟΕ

442 1887 474 1924 1.
493 1887 516 1923 2
541 1888 590 1928 τίς
615 1888 771 1934 ὀρύττων
795 1891 869 1924 τότε
894 1888 930 1924 D
1027 1889 1049 1925 5
1075 1890 1156 1935 ὄψει
1180 1903 1226 1934 με
1251 1890 1326 1935 ἥλιε
1352 1888 1399 1933 D,
1427 1899 1491 1925 me
1509 1888 1666 1925 videbis
1689 1888 1765 1925 sol:
1797 1889 1865 1926 Wo

441 1936 508 1971 lat.
605 1937 704 1982 ὄψεις
730 1936 778 1983 p*
803 1937 940 1972 invitis
964 1935 1074 1972 ARW
1171 1938 1192 1973 7
1217 1938 1392 1981 κάρουλον
1412 1936 1511 1981 ODi,
1538 1938 1712 1983 καροῦλον
1730 1936 1864 1983 AEwp

440 1985 464 2019 8
486 1984 642 2030 μνομένη
663 1984 711 2030 p*
727 1985 864 2020 invitis
881 1984 990 2020 ARW
1088 1985 1110 2019 9
1134 1985 1263 2020 ἐάσασα
1283 1985 1313 2021 Ο
1412 1988 1502 2030 post
1525 1985 1574 2031 μὴ
1602 1985 1693 2020 add.
1719 1984 1778 2020 διὰ
1802 1984 1865 2031 τὴν

440 2031 636 2077 ἀγχιστείαν
661 2032 723 2078 τὴν
748 2036 819 2068 τῶν
844 2033 1016 2078 φράγγων
1043 2031 1151 2078 pr,
1180 2044 1216 2068 V.
1243 2033 1296 2068 ad
1322 2043 1380 2068 vs.
1409 2033 1453 2068 lO
1591 2033 1636 2067 10
1659 2033 1864 2078 περιβέβλη-

439 2093 493 2114 ται
521 2090 546 2125 p
573 2080 710 2115 invitis
726 2079 836 2116 ARw
933 2080 995 2126 τὴν
1019 2086 1090 2115 τῶν
1115 2100 1159 2105 -
1185 2080 1382 2126 ἀγχιστείαν
1408 2091 1482 2116 om.
1503 2079 1611 2126 pr,
1638 2092 1676 2116 v.
1695 2081 1748 2116 ad
1765 2091 1823 2116 vs.
1842 2081 1864 2116 9

441 2127 486 2162 11
511 2127 741 2172 ἆρμενιακῶν
758 2127 794 2162 D
869 2127 914 2163 12
939 2131 1030 2174 post
1054 2129 1207 2173 θέματος
1234 2129 1324 2164 add.
1351 2129 1529 2173 ὁρμᾶσθαι
1553 2128 1652 2174 pr
1730 2128 1775 2164 13
1799 2129 1863 2164 ’θυ-

439 2175 578 2222 γάτριον
604 2176 794 2222 φιλαρέτου
821 2175 852 2210 Β

368 2304 594 2340 Romanum
621 2304 731 2340 illum
747 2305 969 2341 exereitum
988 2305 1232 2350 incidissent,
1259 2306 1300 2341 in
1327 2306 1468 2351 fugam
1486 2307 1702 2340 vertuntur
1727 2305 1862 2340 multis

332 2354 509 2388 8eorum
547 2353 780 2388 interfectis.
830 2353 877 2388 In
915 2353 1089 2389 Thracia
1126 2364 1269 2389 versus
1307 2354 1472 2398 long-um
1500 2353 1658 2387 Murum
1697 2353 1861 2397 quidam

367 2401 473 2436 inter
498 2400 735 2436 fodiendum
760 2402 802 2436 in
827 2400 1028 2446 lapideam
1056 2402 1195 2436 cistam
1209 2402 1360 2445 incidit,
1387 2401 1452 2436 eui
1478 2401 1697 2434 humanum
1713 2410 1860 2445 eorpus

331 2448 508 2492 9inerat,
541 2449 676 2484 incisis
702 2449 743 2483 in
770 2459 818 2484 ea
845 2449 986 2484 litteris
1014 2449 1092 2484 his:
1123 2448 1332 2484 “Christus
1358 2451 1547 2483 nascetur
1574 2457 1596 2482 e
1622 2447 1792 2492 virgine,
1820 2451 1860 2482 et

368 2496 488 2531 credo
514 2497 556 2530 in
583 2506 685 2531 eum.
735 2496 883 2531 Verum
920 2497 995 2532 sub
1021 2496 1139 2532 Irene
1173 2500 1213 2531 et
1239 2495 1499 2532 Constantino
1526 2495 1692 2540 regibus
1717 2505 1859 2530 rursus

309 2544 354 2579 10
367 2543 426 2578 sol
451 2553 515 2578 me
540 2543 734 2579 videbis.'³
783 2544 940 2589 Regina
966 2543 1082 2579 Irene
1108 2544 1187 2579 filio
1214 2554 1383 2579 uxorem
1412 2543 1556 2577 datura
1583 2542 1635 2577 ad
1660 2541 1858 2587 Cal-olum,

307 2592 505 2636 11regem
542 2591 802 2635 Francorum,
839 2592 945 2627 misit
983 2592 1035 2626 ad
1071 2592 1158 2627 eius
1195 2591 1316 2626 filiam
1353 2590 1618 2626 ambiendam.
1669 2589 1770 2624 Tum
1810 2600 1859 2626 ea

367 2639 559 2674 affinitate
586 2639 731 2674 omissa
758 2649 809 2674 ex
828 2643 939 2674 metu
965 2642 1004 2674 et
1029 2639 1185 2684 imperii
1203 2639 1434 2683 eupiditate,
1461 2648 1512 2673 ne
1539 2637 1607 2672 filii
1628 2648 1724 2683 opes
1739 2637 1859 2672 Fran-

367 2695 505 2720 corum
531 2687 829 2722 necessitudine
857 2690 1118 2732 augerentur,
1156 2696 1208 2722 ex
1235 2685 1398 2721 Oriente
1436 2686 1608 2730 puellam
1637 2686 1857 2720 arcessivit.

307 2732 482 2769 12Hane
508 2733 672 2779 quidam
698 2744 749 2769 ex
775 2733 1017 2769 Armeniaca
1042 2734 1264 2779 provincia,
1292 2734 1357 2767 alii
1386 2743 1408 2768 e
1433 2733 1712 2778 Paphlagonia.
1740 2733 1858 2778 origi-

365 2790 456 2814 nem
484 2781 633 2816 duoere
651 2782 828 2826 tradunt,
854 2782 1056 2824 Philareti,
1083 2782 1159 2816 viri
1173 2782 1425 2826 benignitate
1452 2790 1552 2825 erga
1570 2790 1722 2825 egenos
1749 2780 1857 2824 olari,

365 2827 498 2870 filiam,
535 2838 706 2874 eamque
733 2828 996 2865 Constantino
1034 2830 1161 2864 invito
1201 2831 1239 2864 et
1277 2829 1328 2863 ab
1356 2829 1415 2863 his
1447 2829 1597 2873 nuptiis
1623 2827 1856 2862 abhorrenti

366 2874 598 2921 despondit3
623 2877 689 2912 ille
716 2878 821 2912 enim
837 2877 968 2913 Caroli
994 2877 1114 2912 filiam
1143 2876 1292 2912 ducere
1318 2886 1442 2922 supra
1467 2876 1629 2911 modum
1656 2875 1855 2920 cupiebat.

307 2922 352 2963 13
484 2922 632 2970 Aaron,
660 2924 744 2960 dux
770 2923 962 2971 Arabum,
989 2927 1178 2972 suscepta
1204 2926 1344 2960 eontra
1371 2923 1570 2960 Romanos
1597 2923 1856 2970 expeditione
