2054 3282
310 254 380 295 158
695 251 876 293 zoNAR.
903 250 1034 290 EPIT.
1061 248 1153 289 x1v
1179 253 1211 298 6,
1237 247 1367 298 37—7,
1393 247 1425 289 τ.
2051 270 2054 316 !

249 385 294 420 37
310 381 381 422 καὶ
412 379 563 426 κλόνος
595 378 640 420 δὲ
669 378 759 419 τότε
790 382 862 432 τῆς
894 381 968 431 γῆς
1001 376 1152 430 συνέβη
1186 374 1486 430 σφοδρότατος,
1530 375 1576 423 ἒξ
1606 371 1657 417 οὗ
1689 390 1806 418 συνε-

309 449 461 503 πτώθη
493 452 566 503 τῆς
597 447 786 495 Κυζίκου
818 445 864 487 τὸ
895 446 1037 500 ἥμισυ.

249 522 297 557 38
424 517 654 571 Ἱστορεῖται
699 515 746 555 δέ
787 531 844 560 τις
886 513 975 554 τότε
1013 518 1074 566 τῷ
1112 512 1332 566 Βυζαντίῳ
1377 512 1629 567 ἐπιδημῆσαι
1672 513 1808 555 ἕλκων

250 591 296 626 39
310 586 417 627 κύνα
461 583 755 639 τερατουργόν·
797 582 966 623 πολλῶν
1010 581 1090 635 γὰρ
1128 582 1184 627 εἷς
1221 581 1328 622 θέαν
1360 581 1488 622 αὐτοῦ
1521 582 1807 635 συνηγμένων,

310 654 476 695 ἐδίδουν
505 653 671 698 πλείους
703 652 749 692 ἐκ
781 650 943 692 τούτων
973 650 1070 695 τοὺς
1091 651 1254 690 ἑαυτῶν
1277 649 1535 703 δακτυλίους,
1568 649 1639 690 καὶ
1659 650 1844 696 πάντεςὸ

249 728 297 763 40
310 722 419 776 ὁμοῦ
462 720 547 774 πρὸ
591 724 663 761 τοῦ
707 718 836 764 κυνὸς
878 718 1149 760 κατετίθεντο.
1212 718 1236 759 ὁ
1269 715 1306 759 δ’
1340 718 1549 759 ἐκελεύετο
1587 718 1696 773 πρὸς
1733 722 1807 760 τοῦ
1847 747 1850 750 Δ

309 791 458 844 κυρίου
490 790 619 830 αὐτοῦ
651 788 815 841 ἑκάστῳ
846 788 1155 842 παρεσχηκέναι
1185 786 1257 828 τὸν
1288 787 1406 840 ἴδιον,
1444 787 1515 828 καὶ
1545 793 1607 841 τῷ
1638 787 1808 842 στόματι

308 859 539 913 λαμβάνων
561 856 713 902 αὐτοὺς
734 856 836 897 καθ’
864 857 935 897 ἕνα
968 856 1168 902 ἀπλανῶς
1199 856 1363 910 ἑκάστῳ
1394 856 1465 898 τὸν
1497 857 1649 898 οἰκεῖον
1675 871 1807 911 προσ-

248 934 292 969 41
309 929 437 981 ένεμε.
499 926 570 967 καὶ
601 925 727 971 αὗθις
756 925 1050 979 προσετάττετο
1082 925 1210 974 δεῖξαι
1240 925 1298 971 τίς
1327 925 1406 980 μὲν
1438 926 1620 979 εὔπορος
1650 924 1714 980 ἧν,
1751 926 1809 971 τίς

309 996 355 1037 δὲ
384 996 513 1049 πένης
544 996 569 1048 ἢ
602 995 659 1039 τίς
689 994 825 1048 πόρνη
858 997 944 1035 τῶν
976 997 1188 1048 γυναικῶν
1209 995 1234 1048 ἢ
1257 994 1356 1035 ποία
1384 995 1509 1049 χήρα,
1541 995 1600 1040 τίς
1622 995 1667 1036 δὲ
1688 1010 1806 1037 συνε-
1822 1000 1870 1035 10

308 1064 510 1118 ζευγμένη
551 1063 682 1117 ἀνδρί,
727 1062 798 1104 καὶ
834 1063 952 1117 ἕτερα
990 1067 1173 1116 τοιαῦτα,
1215 1062 1287 1103 καὶ
1324 1063 1458 1104 πάντα
1496 1063 1703 1106 ἐδείκνυεν
1733 1064 1805 1106 ἇν-

100 1132 561 1187 Ρ1164Αεπισφαλῶς,
599 1132 776 1173 ἑκάστου
806 1131 916 1185 πρὸς
946 1131 992 1173 τὸ
1025 1131 1223 1186 ἐρώτημα
1255 1131 1301 1173 τὸ
1334 1132 1494 1186 ἱμάτιον
1525 1134 1716 1188 κατέχων
1745 1137 1808 1187 τῷ

306 1201 486 1256 στόματι.

267 1270 290 1311 7
434 1271 509 1324 Τῷ
545 1271 686 1324 μέντοι
726 1269 891 1324 δεκάτῳ
930 1270 1006 1311 ἔτει
1035 1274 1108 1325 τῆς
1139 1270 1273 1325 ἀρχῆς
1298 1270 1588 1312 Ἰουστινιανοῦ
1619 1275 1693 1312 τοῦ
1724 1287 1805 1313 πα-
1820 1278 1856 1312 D
1876 1278 1934 1313 III
1949 1278 2018 1314 275

306 1340 506 1394 τριάρχου
548 1338 791 1393 Ἐπιφανίου
835 1338 1042 1384 θανόντος
1085 1339 1110 1380 ὁ
1157 1339 1474 1392 Τραπεζοῦντος
1504 1339 1708 1394 ’Άνθιμος
1750 1342 1807 1387 εἰς
1822 1348 1868 1384 15

306 1408 378 1450 τὸν
423 1407 630 1463 ἱερατικὸν
674 1407 836 1461 θρόνον
882 1412 954 1462 τῆς
1000 1407 1486 1454 Κωνσταντινουπόλεως
1534 1409 1806 1463 μετατίθεται.

272 1475 431 1524 Ξοῦτος
468 1477 492 1518 ὁ
523 1476 715 1532 βασιλεὺς
751 1476 822 1518 καὶ
860 1476 966 1518 κατὰ
1010 1479 1095 1517 τῶν
1138 1477 1421 1531 ἀνδρομανῶν
1463 1476 1594 1523 πολὺς
1637 1478 1808 1519 ἔπνευσε

308 1546 379 1588 καὶ
409 1546 623 1592 πλείστους
655 1544 722 1587 διὰ
754 1545 906 1600 ταύτην
936 1545 1010 1600 τὴν
1041 1545 1172 1586 αἰτίαν
1204 1544 1390 1599 ἐκόλασε,
1423 1545 1497 1599 τὴν
1518 1545 1627 1586 αἰδῶ
1648 1545 1808 1588 τούτων

308 1676 331 1712 3
356 1675 435 1721 περὶ
460 1681 522 1712 τοῦ
548 1681 782 1722 τερατουργοῦ
809 1676 966 1721 (τεράτου
992 1680 1053 1710 τοῦ
1079 1675 1125 1719 Ε)
1151 1676 1258 1714 κυνός
1285 1675 1347 1711 ΟΕ
1492 1676 1686 1720 σημείωσαι
1712 1674 1748 1710 Α

310 1724 357 1759 14
381 1724 460 1769 περὶ
485 1729 715 1770 πατριαρχῶν
741 1723 804 1760 CE
901 1725 1094 1769 σημείωσαι
1120 1722 1189 1758 ΑΕ

381 1854 399 1888 1
427 1852 467 1889 δὲ
493 1863 568 1890 om.
587 1853 684 1900 Ewp
782 1852 890 1898 οὗπερ
915 1851 951 1887 D
1048 1853 1072 1888 4
1096 1853 1144 1892 εἰς
1169 1853 1256 1888 θέαν
1275 1873 1317 1878 —
1337 1852 1359 1887 6
1385 1853 1405 1887 ό
1430 1852 1474 1898 δ’]
1502 1853 1550 1891 εἷς
1576 1852 1662 1888 θέαν
1686 1853 1808 1898 ἀθροι-

381 1902 540 1946 ζομένων
558 1901 677 1946 αὐτοῦ,
702 1901 825 1936 πολλοὶ
842 1901 977 1936 τούτων
994 1901 1074 1940 τοὺς
1099 1901 1234 1936 ἑαυτῶν
1257 1901 1464 1939 δακτυλίους
1489 1901 1628 1936 ἐτίθουν
1652 1901 1722 1946 πρὸ
1747 1906 1808 1936 τοῦ

379 1949 486 1988 κυνὸς
512 1950 602 1995 ὁμοῦ
628 1949 877 1995 συνηγμένους.
907 1950 929 1984 ό
952 1949 984 1984 δ’
1004 1949 1035 1985 Ο
1061 1959 1168 1984 unus
1190 1949 1221 1984 P
1319 1949 1339 1983 7
1366 1948 1436 1993 τὸν]
1466 1948 1503 1983 τὸ
1523 1948 1591 1984 DE
1688 1949 1711 1984 8
1735 1948 1807 1994 τὸν]

379 1997 418 2032 τὸ
445 1997 481 2032 D
663 1997 853 2042 προςένεμε
877 1995 924 2042 A,
949 1997 1156 2042 προσένειμε
1180 1995 1247 2042 Di,
1274 1996 1422 2041 ἀπένεμε
1453 1996 1496 2038 Ο,
1522 1997 1685 2042 ἀπένειμε
1710 1996 1807 2042 Ewp

380 2046 402 2080 9
429 2048 519 2091 post
542 2044 606 2090 μὲν
633 2045 726 2080 add.
751 2049 822 2080 τῶν
846 2046 1031 2089 παρόντων
1057 2045 1155 2090 pr
1264 2045 1308 2079 10
1333 2045 1354 2090 ἢ
1382 2046 1430 2083 τίς
1455 2044 1603 2090 Apr,
1630 2046 1678 2083 τίς
1704 2043 1743 2079 δὲ
1770 2044 1807 2079 D

426 2095 509 2128 ποία
535 2093 647 2138 A(R),
674 2094 722 2132 τίς
747 2092 844 2139 Bwp
1029 2093 1071 2127 11
1100 2096 1189 2138 post
1213 2093 1324 2128 πάντα
1349 2092 1441 2127 add.
1468 2093 1488 2126 ὁ
1512 2093 1612 2128 κύων
1638 2092 1735 2138 pr

382 2141 426 2176 12
451 2141 589 2186 ἑκάστῳ
615 2141 712 2187 Ewp
875 2140 921 2176 14
945 2144 1036 2186 post
1061 2141 1173 2186 ἀρχῆς
1200 2141 1291 2176 add.
1318 2145 1378 2175 τοῦ
1405 2140 1441 2174 D
1604 2140 1649 2175 18
1674 2141 1808 2175 τούτων

379 2188 526 2235 AEwp‚
552 2189 690 2224 ἑκάστω
717 2188 758 2234 C,
782 2188 933 2224 ἑκάστου
958 2188 992 2224 R
1017 2199 1125 2225 unus
1149 2189 1180 2223 P

309 2319 351 2354 in
378 2318 522 2354 urbem
548 2318 785 2362 ducebatur,
825 2328 915 2353 cum
954 2319 1042 2354 eius
1067 2318 1262 2354 materiae
1287 2317 1457 2353 multum
1494 2316 1547 2352 ad
1584 2319 1807 2352 structuras

249 2367 295 2402 37
310 2368 347 2402 ei
374 2370 479 2402 esset
506 2377 619 2413 opus.
671 2366 774 2402 Tum
800 2366 1001 2402 maximus
1028 2376 1192 2412 quoque
1217 2370 1351 2401 terrae
1377 2368 1508 2401 motus
1535 2365 1692 2410 accidit,
1726 2375 1806 2410 quo

310 2414 445 2460 Cyzici
470 2425 565 2460 pars
592 2414 756 2450 dimidia
783 2414 969 2450 concidit.

249 2461 296 2497 38
428 2462 572 2498 Fertur
598 2462 717 2498 etiam
745 2466 829 2498 tum
850 2462 1015 2508 quidam
1030 2472 1172 2498 canem
1190 2461 1399 2497 mirificum
1414 2459 1656 2505 Byzantium
1682 2459 1806 2496 addu-

250 2510 296 2545 39
311 2511 428 2554 xisse,
467 2510 519 2545 ad
554 2521 672 2556 quem
708 2510 973 2556 spectandum
1001 2510 1230 2546 confluente
1267 2508 1523 2544 multitudine
1560 2508 1673 2544 multi
1711 2518 1806 2544 suos

249 2557 298 2592 40
310 2559 482 2593 annulos
507 2558 548 2593 in
566 2568 693 2593 unum
719 2568 912 2593 acervum
939 2562 1156 2604 congestos
1182 2560 1277 2592 ante
1296 2566 1438 2591 canem
1457 2556 1674 2601 ponebant,
1704 2566 1806 2601 quos

250 2604 295 2640 41
312 2606 458 2650 cuique
472 2615 589 2641 suum
603 2605 754 2641 domini
769 2606 883 2641 iussu
894 2605 1005 2641 nullo
1020 2615 1158 2640 errore
1173 2615 1242 2640 ore
1256 2604 1463 2639 afferebat.
1499 2603 1610 2639 Idem
1624 2606 1805 2649 rogatus,

311 2654 400 2697 quis
427 2663 478 2688 ex
511 2654 570 2697 iis,
610 2653 679 2698 qui
706 2653 905 2697 adessent,
945 2653 1059 2688 dives
1085 2655 1201 2696 esset,
1240 2653 1329 2697 quis
1356 2661 1494 2697 egens,
1531 2661 1638 2696 quae
1663 2651 1807 2687 mulier

310 2701 512 2744 meretrix,
540 2701 669 2746 qualis
683 2701 820 2745 vidua,
847 2711 953 2746 quae
976 2710 1093 2746 uxor,
1120 2700 1200 2735 alia
1225 2699 1379 2743 similia,
1406 2709 1455 2734 ea
1483 2708 1646 2744 quoque
1672 2699 1807 2734 omnia

311 2748 397 2782 sine
423 2748 504 2783 ullo
532 2758 669 2784 errore
704 2749 1018 2792 demonstrabat,
1056 2751 1170 2784 veste
1212 2747 1410 2792 cuiusque
1447 2746 1500 2781 ad
1527 2747 1806 2792 quaestionem

312 2805 381 2829 ore
408 2796 619 2840 prehensa.

430 2843 462 2877 7.
512 2843 737 2889 Epiphanio
775 2844 1006 2890 patriarcha
1047 2843 1202 2879 decimo
1245 2853 1352 2878 anno
1393 2842 1606 2878 Iustiniani
1646 2844 1804 2877 mortuo

311 2888 524 2926 Anthimus
550 2891 877 2937 Trapezuntinus
902 2892 1118 2938 episeopus
1143 2891 1186 2926 in
1223 2890 1320 2926 sede
1347 2889 1558 2936 Cpolitana
1601 2889 1804 2926 successit.

274 2936 402 2976 2Fuit
430 2938 588 2973 hic·1·ex
617 2944 655 2974 et
675 2939 829 2975 libidini
854 2939 1059 2976 masculae
1085 2939 1367 2975 infestissimus
1397 2941 1435 2974 et
1461 2938 1653 2985 plurimos
1679 2947 1727 2973 ea
1755 2937 1804 2973 de
