2054 3282
335 222 407 259 570
727 222 908 260 ZONAR.
936 223 1065 258 EPlT.
1093 222 1203 258 XVII
1232 222 1287 266 10,
1313 222 1442 258 3-15.

299 343 383 385 4τὰ
415 344 588 398 θέατρα,
634 344 735 385 ἀλλὰ
775 345 915 398 μέντοι
952 343 1023 384 καὶ
1053 343 1147 397 περὶ
1176 343 1225 384 τὰ
1258 345 1491 398 κυνηγέσια.
1553 344 1605 399 ἦν
1637 342 1673 385 δ’
1707 345 1828 399 εὔμε-

291 413 466 467 Βγέθης
494 413 573 467 μὲν
603 413 674 454 τὸν
707 414 836 466 ὄγκον
867 417 940 453 τοῦ
973 413 1170 466 σώματος
1194 412 1264 453 καὶ
1284 412 1358 466 τὴν
1380 412 1512 466 ἀλκὴν
1533 412 1828 467 γενναιότατος,
2026 448 2030 450 .

337 481 469 527 δειλὸς
502 482 546 523 δὲ
577 481 651 535 τὴν
687 483 769 529 ἕξιν
807 481 881 534 τὴν
917 496 1117 535 ψυχικην,
1162 481 1265 522 ὅθεν
1307 481 1407 522 οὐδὲ
1448 482 1646 535 πολέμοις
1682 497 1828 522 κατευ-
2029 465 2049 518 ³3⁴

336 550 471 598 νάζειν
514 551 649 603 ἔκρινε
691 549 763 595 τὰς
801 565 886 590 των
922 549 1157 603 βαρβάρων
1188 550 1338 633 ὁρμάς,
1385 550 1564 603 δωρεαῖς
1596 550 1641 591 δὲ
1670 550 1830 604 μᾶλλον

301 617 407 659 ὅκαὶ
438 618 656 672 ἀξιώμασι.
718 617 815 663 τοὺς
848 616 884 658 δ’
918 617 1136 671 ὑπηκόους
1168 618 1239 659 καὶ
1270 635 1317 659 εκ
1348 618 1474 672 ψιλῆς
1502 618 1704 664 ὑπονοίας
1733 617 1879 660 §ud-D
1899 617 1952 654 IV
1973 593 2051 657 126³

336 686 433 734 λαζε
470 686 541 726 καὶ
579 686 791 740 διαβολαῖς
828 686 988 740 ῥᾳδίως
1026 687 1167 740 ὑπεῖχε
1203 685 1249 727 τὸ
1294 685 1380 735 οὓς,
1424 686 1494 727 καὶ
1536 685 1644 740 πρὸς
1686 685 1830 740 θυμὸν

335 755 521 808 ὑπῆρχεν
553 755 805 808 ὀξύρροπος,
839 755 889 795 οὑ
921 754 1027 795 κατὰ
1058 754 1129 796 τὸν
1161 754 1344 809 ἀδελφὸν
1377 752 1413 796 δ’
1448 755 1607 809 ἒμηνία,
1640 751 1731 796 οὐδ’
1764 755 1829 796 ἓν-

336 823 454 876 έμενε
484 827 534 876 τῇ
566 822 685 876 ὀργῇ,
719 822 821 863 ἀλλὰ
853 823 959 877 ῥᾷον
991 824 1047 868 εἰς
1077 822 1151 877 τὴν
1182 823 1432 877 ἀντίρροπον
1464 822 1649 864 διάθεσιν
1678 822 1829 877 μετετί-

299 891 435 931 ὃθετο
467 891 538 931 καὶ
568 892 710 945 ἠνιᾶτο
742 894 890 937 κακῶς
916 907 1003 932 τινα
1028 891 1289 945 διαθέμενος.
1351 891 1531 937 πολλοὺς
1553 891 1598 933 δὲ
1618 891 1829 945 τιμωρού-

334 975 461 1012 μενος
491 963 564 1000 τοῦ
603 958 749 1014 φωτὸς
788 960 939 1014 ε’στὲρει
976 959 1073 1006 τοὺς
1114 960 1319 1013 πλείονας,
1364 960 1584 1001 ἐκκόπτων
1627 960 1740 1014 σφίσι
1780 958 1830 1000 τὰ
1847 960 1890 995 10

336 1028 519 1081 ὄμματα,
552 1028 623 1069 καὶ
653 1029 919 1082 κουφοτέραν
950 1032 1035 1069 τῶν
1066 1028 1205 1070 ἄλλων
1235 1029 1386 1083 ταύτην
1410 1028 1484 1083 τὴν
1505 1028 1675 1070 κόλασιν
1696 1029 1831 1082 ἔκρινε

335 1095 405 1137 καὶ
436 1096 562 1151 ταύτῃ
595 1097 795 1151 ἐκέχρητο
826 1097 998 1151 μᾶλλον,
1032 1097 1093 1143 ὡς
1125 1097 1366 1151 ἀπράκτους
1386 1097 1564 1152 ποιούσῃ
1587 1096 1683 1143 τοὺς
1702 1112 1829 1138 κατα-

337 1165 641 1218 δικαζομένους
673 1166 791 1220 αὐτῇ.

245 1236 274 1272 C
301 1238 321 1272 7
454 1232 498 1273 Γ
492 1233 629 1275 υναικὶ
661 1234 706 1275 δὲ
737 1235 830 1280 νέος
861 1235 924 1275 ὢν
956 1234 1144 1288 συζυγεὶς
1162 1234 1306 1288 Ἑλένῃ
1338 1238 1387 1288 τῇ
1418 1233 1596 1288 θυγατρὶ
1620 1233 1829 1283 Ἀλυπίου,

336 1300 492 1355 ἀνδρὸς
522 1305 607 1342 τῶν
637 1302 742 1355 ὑπὲρ
774 1303 864 1343 λίαν
894 1302 983 1343 τότε
1018 1303 1306 1357 τυγχάνοντος,
1350 1303 1440 1356 τρία
1473 1303 1517 1350 ἒξ
1548 1303 1707 1357 ἐκείνης
1737 1303 1831 1356 ἔσχε
1847 1309 1890 1345 15

336 1370 561 1423 θυγάτρια·
607 1370 678 1411 καὶ
709 1371 782 1424 τὴν
813 1371 890 1424 μὲν
921 1372 1096 1425 θανάτῳ
1128 1371 1345 1425 ἀπέβαλεν,
1390 1372 1432 1412 αἳ
1464 1371 1510 1413 δὲ
1539 1371 1685 1417 παῖδες
1715 1372 1832 1425 αὐτῷ

301 1439 380 1480 δεῖν
423 1443 507 1484 τοῖς
549 1439 768 1493 βασιλείοις
811 1439 918 1494 ἦσαν
960 1439 1221 1494 τρεφόμεναι.
1285 1438 1347 1481 ὧν
1386 1440 1411 1493 ἡ
1450 1439 1529 1493 μὲν
1570 1440 1830 1494 πρεσβυτέρα

340 1507 527 1548 Εὓδοκία
564 1508 743 1562 λοιμικῴ
772 1508 818 1549 τὸ
850 1508 1002 1554 κάλλος
1033 1508 1275 1563 λωβηθεῖσα
1306 1509 1508 1562 νοσήματι
1539 1508 1741 1562 θελήματι
1770 1513 1832 1562 τῷ

301 1576 429 1630 9θεῴ
460 1577 718 1630 καθιέρωτο·
753 1577 796 1617 αἱ
827 1577 874 1618 δέ
905 1593 948 1631 γε
980 1577 1118 1618 λοιπαὶ
1149 1576 1255 1632 ἦσαν
1285 1576 1400 1631 παρὰ
1431 1582 1493 1630 τῷ
1522 1576 1646 1630 πατρὶ
1677 1577 1829 1630 αὐταρ-

338 1711 383 1746 14
406 1711 486 1756 περὶ
511 1716 582 1747 τῶν
607 1713 813 1757 θυγατέρων
838 1718 898 1748 τοῦ
923 1713 1095 1758 βασιλέως
1120 1714 1389 1748 Κωνσταντίνου
1417 1712 1507 1757 (om.
1525 1711 1568 1754 C)
1594 1712 1655 1748 καὶ
1680 1716 1751 1747 τῶν
1775 1712 1831 1747 ἕκ-

336 1763 469 1804 τομιῶν
494 1760 683 1805 (ἒκτομίων
709 1761 754 1802 Ε)
780 1760 886 1796 αὐτοῦ
912 1762 1140 1805 θεραπόντων
1168 1759 1230 1796 CE

412 1900 430 1934 1
456 1900 536 1945 περὶ
563 1911 637 1936 om.
663 1901 699 1935 D
809 1902 843 1936 3.
869 1901 892 1935 4
917 1902 1034 1945 ἔκρινε
1059 1915 1195 1936 κατευν.
1225 1901 1255 1936 O
1364 1900 1386 1936 5
1411 1900 1576 1942 ἀξιώσεσι
1603 1900 1638 1934 D
1735 1901 1756 1935 7
1781 1901 1831 1935 ἕν-

408 1949 528 1992 έμαινε
555 1949 640 1990 (Sie)
667 1947 702 1983 A
800 1950 822 1983 9
847 1949 921 1984 τινὰ
946 1954 1071 1987 κακῶς
1097 1949 1132 1983 D
1238 1949 1477 1993 διατιθέμενος
1505 1948 1534 1982 E
1633 1948 1678 1983 12
1700 1948 1832 1991 μᾶλλον

409 1999 500 2040 post
525 1996 586 2031 καὶ
611 1996 647 2030 D
761 1998 886 2041 ταύτην
912 1997 948 2031 D
1060 1997 1188 2042 ποιήση
1216 1997 1247 2031 Ε
1362 1995 1407 2030 14
1432 1998 1505 2037 συζ.
1528 1995 1615 2040 Ἐλ.]
1642 1997 1831 2041 συζυγῆσαι

407 2043 496 2088 λέγει
524 2044 560 2078 D
681 2044 779 2089 ἕλένη
806 2043 885 2089 AE,
912 2045 1009 2089 ἕλένῃ
1038 2043 1194 2087 OSWDi,
1222 2055 1258 2078 v.
1287 2043 1338 2078 ad
1364 2044 1461 2078 XIII
1489 2044 1518 2087 1,
1546 2044 1568 2077 2
1689 2043 1733 2079 15
1759 2045 1832 2078 τότε

411 2102 486 2126 om.
502 2091 534 2126 Ο
634 2092 679 2127 16
705 2097 795 2137 post
811 2091 876 2137 μὲν
893 2092 984 2126 add.
1004 2093 1127 2131 ταύτας
1146 2097 1316 2127 τεκοῦσαν
1333 2091 1431 2136 pr
1531 2091 1575 2126 17
1599 2090 1830 2136 πρεσβυτέρα]

410 2150 447 2174 V.
475 2139 528 2174 ad
554 2139 651 2174 XIII
675 2140 708 2184 3,
735 2141 757 2175 6
860 2140 905 2175 18
930 2139 1074 2175 εὐδοκία
1101 2150 1175 2175 om.
1203 2139 1238 2174 D
1347 2139 1486 2184 λοικμῷ
1512 2138 1570 2173 W*
1675 2139 1719 2173 19
1744 2139 1832 2174 καθ-

409 2186 547 2233 ιερώθη
574 2187 671 2233 Ewp

300 2314 469 2363 4patus.
519 2318 568 2353 Et
594 2319 779 2364 quamvis
806 2328 976 2364 corpore
1002 2329 1171 2364 procero
1193 2321 1231 2353 et
1249 2318 1524 2353 robustissimo
1545 2320 1659 2362 esset,
1685 2321 1831 2362 tamen,

338 2375 419 2410 qua
445 2369 532 2400 erat
558 2367 680 2401 animi
698 2367 876 2410 ignavia,
902 2367 1170 2401 barbarorum
1196 2369 1328 2401 motus
1354 2376 1436 2400 non
1461 2365 1584 2408 bellis,
1611 2365 1682 2400 sed
1700 2367 1834 2411 potius

301 2410 324 2445 5
338 2414 572 2448 muneribus
589 2417 628 2448 et
643 2414 864 2449 honoribus
879 2414 1194 2459 compescendos
1208 2414 1422 2448 statuebat.
1474 2412 1684 2448 Subiectos
1698 2416 1832 2448 autem

338 2460 389 2495 ob
409 2461 558 2495 nudam
579 2462 848 2507 suspicionem
868 2462 1073 2507 puniebat,
1100 2462 1308 2496 calumniis
1327 2470 1446 2495 aures
1466 2460 1582 2495 facile
1601 2461 1832 2505 praebebat,

337 2508 567 2551 iracundus,
594 2519 728 2554 neque
755 2519 852 2544 vero
879 2510 965 2544 irae
990 2510 1046 2544 ita
1079 2513 1203 2544 tenax
1235 2512 1280 2543 ut
1311 2509 1446 2552 frater,
1486 2507 1556 2542 sed
1588 2508 1832 2552 placabilior,

301 2554 469 2600 6quem,
509 2556 540 2590 si
568 2556 742 2601 aliquem
771 2556 873 2592 male
900 2559 1121 2600 tractasset,
1160 2557 1255 2592 facti
1287 2556 1519 2601 paeniteret.
1573 2554 1670 2590 Cum
1698 2558 1832 2591 autem

338 2602 483 2638 multos
510 2604 683 2648 puniret,
722 2604 926 2649 plerisque
953 2604 1091 2639 oculos
1117 2604 1346 2647 effodiebat,
1386 2613 1432 2638 eo
1461 2603 1669 2647 supplicio,
1702 2605 1747 2638 ut
1773 2613 1833 2639 ce-

338 2650 434 2685 teris
468 2650 621 2686 leviore
655 2651 846 2697 quodque
882 2652 1171 2687 condemnatos
1210 2652 1417 2696 quiesce-re
1455 2654 1631 2695 cogeret,
1670 2651 1832 2696 saepius

338 2698 567 2733 constituto.

303 2743 323 2778 7
457 2745 517 2780 Ex
542 2745 699 2781 Helena
724 2756 865 2791 uxore,
900 2746 981 2780 filia
1006 2745 1141 2791 Alypii
1166 2746 1243 2780 viri
1268 2746 1343 2780 illis
1370 2746 1617 2790 temporibus
1643 2746 1831 2791 potentis-

337 2792 435 2836 simi,
462 2796 543 2828 tres
567 2793 709 2828 filiolas
736 2793 974 2828 adulescens
1000 2796 1242 2838 susceperat,
1270 2803 1371 2838 quas
1398 2793 1463 2827 illa
1483 2797 1640 2828 mortua
1658 2794 1696 2827 in
1717 2793 1832 2838 regia

301 2839 550 2875 Seducabat.
602 2840 787 2876 Ceterum
826 2841 1007 2875 Eudocia
1045 2843 1143 2875 natu
1180 2841 1356 2875 maxima
1395 2841 1446 2875 ob
1484 2841 1652 2875 formam
1692 2841 1831 2874 morbo

301 2886 538 2932 9pestilenti
564 2888 712 2924 laesam
739 2889 844 2924 ultro
871 2899 914 2924 se
940 2888 1015 2924 deo
1043 2890 1310 2924 consecrarat.
1361 2887 1548 2933 Reliquas
1574 2888 1684 2923 nulla
1702 2888 1834 2934 patria
