2054 3282
323 242 393 281 622
716 244 898 284 ZONAR.
925 245 1055 282 EPIT.
1082 244 1194 283 XVII
1219 246 1275 292 22,
1302 245 1429 285 5-19.

324 366 603 421 ἀγγελλόμενα
648 368 704 414 εἰς
741 367 883 421 θυμὸν
923 368 1043 409 ἒκίνει
1080 368 1207 410 αὐτὸν
1243 369 1314 410 καὶ
1351 370 1455 424 ἄχος
1486 371 1656 413 ἐνεποίει
1685 371 1815 414 πολύ·

323 434 404 475 εἶτα
437 435 508 476 καὶ
538 435 612 489 τὴν
643 435 1054 490 ἅρχὴνάφαιρεῖται,
1092 436 1162 477 καὶ
1193 442 1313 479 τοῦτο
1345 441 1711 494 κατεργασαμένου
1742 445 1815 482 τοῦ

287 502 550 557 6Ῥωμανοῦ.
613 504 771 544 ἐννοῶν
814 508 1035 558 τοιγαροῦν
1074 505 1136 550 ὡς
1174 506 1212 546 εἰ
1244 505 1351 559 πρὸς
1388 507 1461 561 τὴν
1499 507 1815 550 Κωνσταντίνου

323 571 643 624 ἕπανελεύσεται,
689 572 739 612 οὖ
779 576 973 626 χρηστῶς
1013 573 1129 627 αὐτῷ
1169 574 1451 629 διατεθήσεται
1483 576 1507 616 ὁ
1538 580 1707 630 κρατῶν
1749 576 1815 618 διὰ

287 645 309 680 7
321 638 392 680 τὸν
429 639 642 693 Σκληρόν,
686 641 894 694 τυραννίδι
938 641 1140 695 ἐπιχειρεῖ.
1203 643 1277 683 καί
1311 644 1350 684 οἱ
1389 644 1450 689 ὡς
1493 645 1865 699 κορυφαιοτάτῳΙ)
1885 650 1938 686 IV
1959 651 2023 686 161

321 711 406 748 τῶν
438 711 680 762 στρατηγῶν
712 709 848 762 ἀρηίῳ
881 709 1001 763 ἀνδρὶ
1031 709 1138 751 πολὺ
1169 715 1242 752 τοῦ
1275 716 1569 765 στρατιωτικοῦ
1595 713 1814 767 προσεχώ-

63 780 263 816 ΡΙΙ25οΑ
286 782 457 830 8ρησεν.
521 776 544 816 ὁ
590 776 635 817 δὲ
679 776 724 824 ἕξ
761 776 931 822 Ἰταλίας
973 778 1082 832 πρὸς
1124 778 1197 832 τὴν
1241 779 1409 834 ἀντικρὺ
1452 780 1602 835 ταύτης
1644 782 1816 836 ἤπειρον

286 844 479 889 9πλοίοις
520 844 752 898 ἐμβιβάσας
790 844 836 885 τὸ
876 845 1108 900 στράτευμα
1148 847 1307 900 γίνεται.
1369 852 1490 889 τοῦτο
1530 849 1586 895 εἷς
1623 849 1816 904 θόρυβον

320 911 391 953 τὸν
412 912 581 966 βασιλέα
605 912 784 966 ἐνέβαλε,
807 913 878 954 καὶ
900 914 1068 968 γραφὴν
1090 915 1325 969 ἒγχαράττει
1346 921 1408 970 τῷ
1426 917 1640 971 ΖΙΙανιάκῃ,
1661 917 1816 964 παντὸς

322 980 514 1034 δείματος
546 980 672 1022 αὐτὸν
704 981 983 1036 ἀπολύουσαν,
1018 983 1055 1024 εἰ
1079 983 1128 1023 τὰ
1161 984 1268 1025 ὅπλα
1294 985 1534 1038 κατάθοιτο,
1568 986 1814 1040 ἒπαγγελλο-
1831 992 1876 1026 10

47 1055 243 1092 W111199
263 1056 308 1091 10
319 1049 451 1103 μένην
497 1048 541 1090 δὲ
584 1048 632 1089 τὰ
676 1050 941 1104 χρηστότερα.
1005 1051 1066 1096 ὡς
1100 1051 1137 1092 δ’
1171 1051 1327 1098 ἐκεῖνος
1365 1053 1478 1100 ἅπαξ
1515 1053 1649 1107 κύβον
1685 1054 1813 1108 ἀναρ-

321 1117 450 1171 ρίψας
482 1118 619 1158 οὐκέτι
650 1121 734 1159 τῶν
766 1118 912 1160 ὅπλων
947 1119 1130 1173 μεθίετο,
1176 1120 1470 1173 ἀντιστρατεύει
1506 1119 1596 1162 κατ’
1630 1122 1758 1163 αὐτοῦ
1790 1122 1814 1163 ὁ

262 1193 304 1228 11
320 1185 526 1239 βασιλεύς.
590 1187 736 1240 ἐφιστᾷ
759 1186 803 1227 δὲ
832 1192 894 1241 τῷ
925 1188 1194 1242 στρατεύματι
1226 1190 1364 1230 οὔτινα
1396 1193 1481 1230 τῶν
1513 1190 1712 1243 γενναίων
1743 1191 1814 1231 ἀν-

321 1254 438 1309 δρῶν
469 1257 494 1309 ἢ
527 1258 611 1296 τῶν
643 1256 687 1296 ἒν
718 1257 975 1310 στρατηγίαις
1007 1257 1310 1311 ε’ξητασμένων,
1350 1257 1500 1304 δεδιὼς
1529 1258 1588 1312 μὴ
1622 1259 1816 1305 κάκεῖνος

319 1323 532 1377 τολμήσειε
553 1323 601 1363 τὰ
625 1324 742 1378 αὐτά,
776 1322 862 1365 ἀλλ’
887 1325 1083 1379 ἕκτομίαν
1104 1329 1188 1367 τῶν
1208 1326 1640 1381 θαλαμηπολούντων,
1672 1327 1815 1369 πιστὸν
1831 1333 1873 1368 15

262 1399 307 1434 12
319 1392 459 1446 μέντοι
489 1393 615 1446 αὐτῷ.
678 1392 702 1433 ὁ
735 1393 780 1435 δὲ
810 1392 883 1438 τὰς
916 1393 1111 1447 δυνάμεις
1143 1394 1368 1448 ἀναλαβὼν
1400 1395 1535 1449 ἀπῄει,
1568 1395 1638 1436 καὶ
1667 1396 1690 1436 ὁ
1711 1395 1812 1437 Μα-

318 1460 464 1515 νιάκης
502 1460 700 1502 ἔσπευδεν
737 1461 1018 1508 ἀσυντάκτους
1053 1462 1150 1509 τοὺς
1180 1463 1274 1517 περὶ
1304 1462 1375 1504 τὸν
1407 1463 1603 1518 ε’κτομίαν
1633 1464 1812 1505 καταλα-

202 1535 233 1570 Β
261 1536 306 1571 13
319 1529 420 1583 βεῖν.
485 1529 570 1571 ἐπεὶ
609 1529 654 1570 δὲ
690 1530 978 1585 προσέβαλλον
1017 1531 1209 1585 ἀλλήλαις
1241 1533 1284 1573 αῖ
1315 1533 1505 1587 στρατιαί,
1549 1531 1595 1573 τὸ
1633 1532 1711 1586 μὲν
1750 1531 1815 1573 ἐπὶ

395 1682 412 1717 1
439 1682 650 1728 ἀγγελόμενα
676 1682 811 1729 DEWP
910 1684 995 1729 ἄχος
1021 1684 1168 1721 ARI‘VO
1193 1686 1272 1731 lat„
1299 1687 1413 1731 ἄχθος
1439 1686 1574 1732 DEwp
1672 1686 1694 1721 3
1721 1690 1814 1721 ante

390 1729 478 1774 πρὸς
509 1730 600 1765 add.
627 1730 686 1766 καὶ
712 1730 748 1765 D
901 1732 923 1767 5
950 1735 1044 1768 ante
1070 1735 1246 1778 τυραννίδι
1274 1734 1366 1768 add.
1393 1735 1504 1779 κύβον
1527 1734 1734 1779 ἀναρριπτεΐ
1753 1734 1814 1769 καὶ

390 1777 466 1822 BC,
493 1789 530 1813 V.
558 1778 611 1813 ad
637 1789 695 1813 VS.
723 1779 766 1813 11
895 1779 916 1814 6
943 1783 1038 1815 ante
1063 1780 1178 1826 ἀρηίῳ
1206 1781 1297 1816 add.
1324 1781 1384 1816 καὶ
1410 1780 1568 1827 prDi
1693 1781 1815 1816 πολλοὶ

390 1861 504 1907 pr,
529 1862 629 1897 πολοὶ
656 1862 686 1896 Ε
714 1862 907 1907 (dubium,
945 1867 1079 1899 utrum
1103 1866 1121 1899 λ
1150 1866 1478 1911 superscripserit
1509 1866 1576 1901 Wo
1603 1876 1655 1900 an
1682 1865 1813 1900 scriba

392 1909 479 1944 cod.
506 1909 552 1949 Ε)
696 1910 972 1956 προςεχώρησαν
995 1912 1095 1958 pr
1242 1914 1263 1949 7
1289 1915 1436 1958 ἄντικρυ
1470 1913 1554 1958 W*p
1581 1914 1717 1948 invitis
1742 1912 1814 1948 AR

439 1958 459 1991 ὁ
483 1956 522 1991 δὲ
546 1957 633 2002 πρὸς
659 1957 721 2003 τὴν
745 1958 891 2003 ἀντικρὺ
918 1964 978 2004 τῆς
1003 1961 1131 1999 ἰταλιἀς
1157 1961 1302 2006 ἤπειρον
1328 1961 1392 1997 BC
1491 1961 1513 1996 9
1538 1961 1736 2006 ε’γκαράττει
1764 1960 1812 2006 p*

439 2008 529 2050 post
554 2005 682 2044 παντὸς
708 2005 799 2040 add.
826 2006 890 2050 μὲν
916 2006 1073 2052 prDi
1174 2010 1216 2043 lO
1242 2010 1401 2054 δείματος
1426 2008 1541 2053 αὐτὸν]
1570 2009 1685 2053 δήμου
1709 2008 1814 2043 αὐτὸν

392 2054 512 2098 (αὐτοῦ
539 2053 589 2095 D)
617 2053 686 2087 DE
783 2054 1074 2099 ἐπαγγελλόμενος
1100 2055 1130 2089 Β
1231 2057 1272 2091 11
1300 2058 1413 2102 κύβον
1439 2057 1638 2101 ἀναρρίψας
1664 2055 1811 2101 Apr‚

390 2107 431 2146 τῆ
457 2102 630 2145 τυραννίδι
656 2101 936 2146 ἐπικεχειρηκὼς
962 2102 1037 2148 BC,
1066 2115 1101 2138 V.
1129 2104 1181 2138 ad
1207 2115 1263 2139 VS.
1291 2105 1314 2140 5
1457 2103 1500 2138 12
1526 2103 1616 2148 κατ’]
1643 2104 1702 2138 καὶ
1729 2103 1764 2137 D

438 2152 533 2184 ante
558 2147 579 2183 ὅ
603 2148 694 2183 add.
721 2149 780 2184 καὶ
806 2149 941 2195 DEwp
1076 2151 1120 2186 15
1145 2158 1255 2196 πιστῷ
1282 2152 1317 2186 D
1446 2152 1488 2187 17
1515 2151 1738 2190 ἀσυντάκτως
1763 2150 1810 2195 D,

389 2196 668 2290 dossgazfflssg
764 2197 809 2232 18
833 2199 1047 2244 προςέβαλον
1065 2198 1212 2245 Bstp
1310 2199 1470 2245 ἀλλήλοις
1495 2199 1554 2234 καὶ
1580 2204 1738 2244 στρατιᾶς
1753 2197 1757 2245 l
1774 2199 1810 2233 D

282 2387 488 2423 6Romani
516 2398 640 2434 opera
667 2391 817 2434 erepto,
845 2389 878 2424 si
902 2387 1055 2434 Cpolim
1080 2388 1240 2434 rediret,
1268 2400 1311 2425 se
1336 2391 1618 2436 imperatorem
1644 2394 1809 2436 propter

282 2436 303 2471 7
318 2435 497 2471 Sclerum
523 2436 628 2471 male
653 2437 871 2482 propitium
897 2437 1128 2471 habiturum
1147 2440 1258 2472 ratus
1284 2448 1455 2483 regnum
1473 2439 1646 2473 affectat.
1697 2438 1809 2474 Multi

318 2484 443 2529 igitur
478 2484 621 2519 milites
654 2484 705 2518 ad
738 2494 842 2528 eum,
881 2487 926 2519 ut
955 2494 1153 2519 summum
1182 2485 1325 2520 ducem
1352 2489 1391 2520 et
1416 2487 1547 2520 virum
1575 2486 1807 2521 bellicosum

282 2531 304 2566 8
319 2532 615 2566 confluxerunt.
654 2531 798 2577 Itaque
813 2533 1034 2567 exercitum
1049 2532 1224 2567 navibus
1239 2533 1467 2578 impositum
1481 2534 1521 2567 in
1538 2534 1808 2569 continentem

282 2579 304 2613 9
322 2578 460 2614 ltaliae
493 2579 707 2614 obversam
738 2580 882 2614 traicit.
933 2579 1021 2620 Qua
1047 2590 1091 2614 re
1117 2590 1189 2615 rex
1217 2581 1477 2625 perturbatus
1499 2580 1711 2616 Maniacen
1737 2592 1808 2627 per

317 2626 469 2660 litteras
489 2627 594 2661 omni
614 2630 724 2662 metu
741 2627 895 2670 liberat,
923 2628 955 2662 si
974 2628 1025 2661 ab
1048 2628 1168 2662 armis
1189 2628 1425 2671 discesserit,
1453 2628 1808 2673 pollicitationibus

258 2674 304 2708 10
318 2673 476 2707 additis.
538 2673 636 2709 Cum
676 2684 773 2709 vero
811 2675 876 2709 ille
910 2675 1015 2709 iacta
1049 2676 1170 2710 semel
1204 2675 1292 2710 alea
1323 2686 1435 2709 arma
1465 2676 1639 2710 retinere
1667 2677 1808 2711 consti-

258 2722 299 2755 11
317 2722 468 2764 tuisset‚
508 2721 655 2756 bellum
686 2724 825 2756 contra
859 2732 951 2757 eum
976 2723 1142 2767 suscipit
1167 2733 1252 2766 rex,
1292 2723 1394 2757 duce
1421 2723 1545 2768 copiis
1576 2725 1806 2768 praeposito

316 2779 398 2802 non
417 2772 582 2803 strenuo
602 2769 689 2803 viro
709 2772 748 2804 et
765 2769 805 2803 in
824 2779 868 2804 re
887 2769 1030 2804 bellica
1049 2770 1282 2813 exercitat-o,
1309 2770 1462 2805 veritus
1479 2780 1530 2804 ne
1550 2771 1638 2805 talis
1665 2771 1806 2806 eadem

258 2815 303 2850 12
317 2815 496 2859 auderet,
517 2816 586 2850 sed
606 2816 788 2861 spadone
806 2819 1042 2862 perspectae
1061 2817 1136 2852 sibi
1152 2817 1256 2862 fidei,
1284 2817 1457 2852 cubiculi
1475 2819 1667 2853 ministro.
1719 2818 1805 2859 Quo

317 2873 407 2897 cum
434 2864 616 2898 exercitu
639 2864 826 2908 abeunte,
853 2863 1056 2899 Maniaces
1082 2865 1256 2909 festinat,
1281 2866 1327 2899 ut
1344 2864 1478 2900 hostes
1497 2866 1715 2910 imparatos
1740 2866 1806 2900 ad-

258 2909 302 2946 13
318 2910 395 2944 huc
429 2911 639 2956 opprimat,
679 2921 830 2957 eosque
868 2913 1078 2948 commisso
1115 2912 1266 2958 proelio
1299 2912 1338 2946 in
1366 2913 1495 2958 prima
1521 2914 1608 2948 acie
1639 2923 1806 2948 versans
