2066 3230
474 235 720 279 ORACVLA
745 239 816 277 DE
840 238 1026 277 ALRXII
1051 237 1220 276 OBITV.
1270 235 1508 274 IOANNES.
1670 234 1739 272 761

34 419 51 424 ,⁷
243 363 322 419 μὲν
353 364 378 406 ό
409 363 654 418 Αὔγουστος
683 362 759 418 ἦγε
794 366 867 418 τῆς
905 361 1127 416 ἑνδεκάτης
1163 359 1447 415 ἐπινεμήσεως
1485 358 1557 401 καὶ
1592 357 1641 399 τὰ
1678 374 1740 400 τε-

94 442 233 480 1V256
249 432 413 475 λευταΐα
451 433 562 474 ἔπνει
599 431 625 474 ὁ
660 431 918 486 Αὔγουστος,
963 429 1035 472 καὶ
1073 429 1098 472 ὁ
1134 427 1213 485 μὲν
1249 429 1380 471 ἔκειτο
1423 427 1654 483 ἀναφέρων
1695 425 1742 468 τὸ
1759 427 1802 463 14

30 490 42 515 ‘¹'
250 501 398 556 ἆσθμα
427 500 589 543 πυκνόν
618 517 653 542 τι
683 500 755 542 καὶ
785 500 977 554 ἀόρανές,
1011 500 1036 554 ἡ
1060 498 1108 541 ὅέ
1127 514 1173 553 γε
1202 497 1417 553 βασίλισσα
1449 496 1525 551 ὅλη
1555 499 1629 538 τοῦ
1660 495 1741 537 πά-

249 571 358 617 θους
396 569 448 626 ἦν
486 570 558 612 καὶ
588 573 768 624 συνῆκτο
798 568 892 623 περὶ
923 567 1054 622 αὐτὴν
1083 567 1133 609 τὰ
1164 566 1380 622 θυγάτρια.
1442 566 1524 621 ἤδη
1556 565 1635 620 μὲν
1666 563 1743 606 οὖν
1758 566 1803 602 15

210 644 319 695 ὃτῆς
361 640 523 694 ἡμέρας
563 638 844 693 παρεληλύθει
882 636 929 679 τὸ
964 636 1091 679 πλέον
1121 635 1192 678 καὶ
1224 636 1248 678 ὁ
1279 635 1394 691 ἥλιος
1425 636 1505 690 οὐχ
1535 633 1641 689 ὑπὲρ
1672 650 1742 676 κε-

245 708 385 763 φαλῆς
415 707 468 763 ἦν
498 707 641 755 ἑστώς,
678 704 771 748 οὐδ’
805 706 895 748 οἷον
925 707 1052 748 εἰπεῖν
1082 704 1189 747 κατὰ
1220 705 1417 759 κάθετον,
1449 701 1537 746 ἀλλ’
1571 703 1742 758 ἐκλίνθη

244 776 384 832 βραχύ
415 792 450 817 τι
480 775 637 818 κατιὼν
666 774 775 829 πρὸς
807 774 982 829 δυσμάς,
1013 773 1086 816 καὶ
1118 773 1314 828 δηλοῦται
1344 777 1406 827 τῷ
1435 776 1508 814 τοῦ
1537 772 1745 827 βασιλέως

245 846 328 900 υἱῷ
364 844 436 886 καὶ
470 843 633 899 βασιλεῖ
663 844 861 886 ἐκλείπειν
903 843 994 897 ἄρτι
1036 842 1108 885 τὸν
1149 843 1322 897 πατέρα.
1385 842 1410 884 ὅ
1443 839 1479 883 δ’
1514 840 1638 897 εἰσῄει
1668 840 1742 883 τὸν
1759 842 1804 878 16

246 913 380 968 οἶκον,
423 913 609 967 ἔνθαπερ
641 913 666 954 ὁ
696 913 901 967 θνήσκων
939 912 1162 964 κατέκειτο,
1208 911 1295 952 οὔτι
1326 909 1398 952 τὸν
1429 910 1602 952 ἀπιόντα
1634 910 1789 965 θρη-Β

190 991 236 1027 10
248 983 404 1038 νήσων,
435 980 482 1024 τὸ
515 981 561 1023 δὲ
590 980 734 1023 πιστὸν
764 984 837 1023 τοῦ
870 981 1069 1035 θνήσκειν
1100 980 1259 1022 ἐκεῖνον
1289 984 1339 1034 τῇ
1371 979 1468 1034 ὄψει
1490 978 1744 1034 ληψόμενος.

247 1051 320 1094 καὶ
349 1050 455 1093 ῖόὼν
485 1051 632 1092 αὐτίκα
665 1050 815 1105 ἐξῆλθε
845 1049 916 1091 καὶ
947 1048 1109 1104 ἀναβὰς
1139 1047 1210 1090 τὸν
1235 1049 1362 1090 ἵππον
1383 1048 1491 1103 ἐξῄει
1511 1051 1597 1089 τῶν
1618 1046 1744 1102 May·
1761 1049 1805 1085 17

250 1120 392 1175 γάνων
422 1118 498 1162 σὺν
527 1123 614 1168 τοῖς
643 1118 737 1173 περὶ
769 1117 907 1166 αὐτόν,
952 1117 1096 1167 ἐξιόντι
1134 1117 1179 1159 δὲ
1218 1116 1364 1159 πολλοὶ
1397 1116 1744 1171 συνυπήχθησαν.

250 1190 339 1244 ἄρτι
372 1186 409 1231 δ’
443 1188 651 1238 ἐξελθόντι
681 1187 753 1230 τὸν
783 1191 868 1230 τῶν
900 1187 1150 1242 Μαγγάνων
1179 1186 1404 1241 περίβολον
1438 1188 1745 1240 προσυπαντῶ-
1762 1187 1807 1223 18

251 1274 315 1301 σιν
345 1259 386 1300 οῖ
410 1257 628 1312 Ἄβασγοί·
666 1255 780 1298 οὗτοι
813 1256 849 1298 δ’
883 1255 991 1311 ἦσαν
1023 1257 1068 1297 οἳ
1091 1259 1141 1310 τῇ
1173 1255 1218 1303 ἕξ
1242 1254 1466 1309 Ἀβασγίας
1496 1253 1745 1309 κομισθείσῃ

194 1334 238 1370 15
250 1326 367 1369 παιδὶ
409 1326 480 1368 καὶ
522 1326 822 1381 νυμφευομένῃ
860 1329 922 1379 τῷ
957 1325 1115 1380 μείζονι
1150 1328 1235 1366 τῶν
1267 1324 1394 1366 υἱέων
1424 1327 1497 1365 τοῦ
1531 1322 1748 1378 Καίσαρος

251 1396 413 1438 ἐκεῖθεν
440 1394 825 1449 συναπεστάλησαν,
869 1393 940 1435 καὶ
982 1393 1264 1448 ὗπηντηκότες
1302 1391 1565 1447 ἒπηλάλαξάν
1604 1407 1646 1433 τε
1676 1390 1748 1433 καὶ

249 1464 583 1520 προσεκύνησαν.
645 1463 734 1505 τότε
771 1462 874 1517 φασὶ
911 1462 985 1517 τὴν
1021 1461 1212 1516 βασιλίδα
1243 1466 1306 1515 τῷ
1336 1461 1562 1516 θνήσκοντι
1592 1459 1755 1515 βασιλεῖ
1764 1462 1809 1498 19

250 1533 503 1588 περιπαθῶς
534 1532 775 1588 ἀπαγγεῖλαι
806 1530 880 1586 τὴν
910 1534 984 1573 τοῦ
1015 1531 1128 1577 υἱέος
1159 1529 1388 1578 ἀπέλευσιν,
1430 1529 1503 1571 τὸν
1535 1528 1580 1571 δὲ
1612 1528 1747 1584 φθέγ-

253 1682 277 1718 2
307 1684 358 1718 ὅτι
389 1687 450 1718 τοῦ
479 1682 653 1728 βασιλέως
684 1680 724 1717 τὰ
755 1681 930 1717 τελευταῖα
962 1680 1125 1720 πνέοντος
1150 1680 1171 1715 ό
1194 1679 1269 1719 υἱὸς
1298 1679 1407 1715 αὐτοῦ
1432 1678 1525 1723 (om.
1552 1677 1596 1720 C)
1621 1677 1750 1724 ἐξῆλθε

254 1728 425 1772 (ἐξελθὼν
450 1728 495 1773 C)
524 1734 594 1766 τῶν
618 1730 823 1775 Μαγγάνων
848 1729 908 1764 καὶ
935 1731 1027 1771 (om.
1049 1727 1093 1771 C)
1118 1727 1222 1773 ἀπῄει
1248 1727 1298 1767 εἰς
1324 1726 1362 1762 τὸ
1385 1727 1474 1772 μέγα
1498 1726 1665 1763 παλάτιον
1690 1725 1751 1761 καὶ

252 1778 349 1823 αὐτῷ
373 1777 495 1814 πολλοὶ
518 1778 786 1823 προςερρύησαν
813 1776 1121 1822 (προσερρύ<ησαν
1145 1775 1288 1819 πολλοί)
1317 1774 1361 1820 C)
1389 1773 1452 1811 ΟΕ

328 1915 345 1950 1
374 1918 464 1961 post
487 1914 552 1960 μὲν
576 1914 668 1950 add.
695 1914 757 1949 οὖν
782 1914 814 1950 Ο
948 1914 980 1950 1.
1005 1913 1028 1948 2
1052 1914 1073 1949 ό
1096 1913 1369 1958 Αὔγουστος-ό
1391 1910 1605 1958 Αὔγουστος]
1633 1922 1671 1946 v.
1698 1911 1750 1946 ad

325 1962 422 1999 XIII
446 1962 481 2006 2,
508 1963 530 1998 6
557 1965 597 1998 et
622 1962 655 2006 5,
680 1962 727 1998 29
851 1962 869 1996 1
895 1961 1171 2006 ἓνακαιδεκάτης
1197 1960 1237 2005 C,
1265 1971 1366 1996 corr.
1393 1959 1455 1998 Cw
1579 1959 1602 1994 3
1628 1959 1751 2004 ἄσθμα

326 2009 425 2054 CDi,
453 2021 491 2046 V.
517 2010 570 2045 ad
595 2009 707 2045 XVII
736 2009 792 2053 13,
818 2009 865 2045 23
891 2013 931 2044 et
957 2008 1089 2045 XVIII
1115 2010 1148 2052 7,
1174 2008 1197 2044 3
1294 2007 1338 2053 τι]
1365 2021 1399 2042 τε
1425 2007 1461 2042 D
1557 2006 1692 2053 βασιλὶς
1719 2006 1750 2042 Ο

325 2058 349 2093 4
373 2057 477 2094 αὐτὸν
503 2057 532 2094 C
628 2057 652 2093 5
675 2057 898 2102 παρελήλυθε
923 2055 954 2091 Β
1052 2056 1075 2091 6
1099 2055 1176 2091 οὐδ’
1196 2066 1247 2091 ex
1265 2055 1330 2100 οὐχ
1352 2065 1453 2090 corr.
1467 2052 1502 2089 A
1599 2054 1750 2100 ἐκινήθη

327 2105 396 2141 BD
495 2105 516 2141 7
542 2110 603 2141 τοῦ
631 2115 705 2141 om.
733 2104 802 2139 BD
906 2104 930 2139 8
953 2104 1120 2149 ἑκ,λι’πειν
1147 2103 1242 2149 Ewp
1352 2102 1375 2138 9
1400 2102 1494 2138 οὔτοι
1522 2102 1570 2146 D,
1596 2101 1672 2137 οὔτι
1699 2112 1751 2137 ex

326 2153 422 2188 οὔτοι
449 2164 551 2189 corr.
578 2152 609 2188 B
727 2152 772 2187 12
797 2152 1077 2198 συναπήχθησαν
1103 2151 1200 2197 Bwp
1299 2151 1345 2186 13
1368 2154 1640 2195 προυπαντῶσιν
1666 2149 1751 2196 w*p

327 2202 463 2236 invitis
478 2199 549 2236 AR
648 2199 692 2235 14
718 2199 769 2245 οἳ]
788 2200 810 2246 ἢ
829 2200 926 2245 Ewp
1025 2199 1070 2234 15
1095 2198 1212 2243 υἱέων]
1237 2199 1375 2234 παίδων
1402 2197 1433 2234 O
1532 2198 1577 2233 16
1602 2197 1752 2243 ἀπαντη-

327 2250 426 2288 κότες
450 2248 478 2284 Β
576 2248 794 2294 ε’πηλάλαξάν
817 2245 985 2294 prDi,
1011 2246 1236 2293 ῦπηλάλαξαν
1261 2245 1296 2281 A
1395 2246 1439 2282 18
1463 2246 1568 2285 υἵέως
1595 2245 1691 2292 Ewp

256 2389 327 2425 bat
352 2387 577 2435 Augustus.
628 2388 704 2431 Qui
737 2398 828 2424 cum
862 2389 1048 2424 crebrum
1085 2387 1369 2432 infirmumque
1402 2386 1567 2422 trahens
1606 2385 1753 2421 anheli·
1768 2380 1814 2416 14

257 2442 341 2473 tum
371 2437 532 2481 iaceret,
572 2437 717 2483 regina
749 2446 932 2472 maerore
966 2445 1160 2482 oppressa
1186 2444 1270 2470 una
1296 2444 1386 2470 eum
1413 2433 1573 2469 filiabus
1599 2433 1751 2469 aderat.

259 2484 343 2520 lam
384 2485 537 2520 maiore
575 2484 653 2520 diei
687 2487 801 2530 parte
833 2486 976 2519 exacta
1011 2492 1100 2519 eum
1136 2483 1195 2518 sol
1222 2492 1303 2518 non
1330 2491 1454 2528 supra
1481 2491 1528 2516 ca
1559 2483 1603 2517 ut
1629 2484 1755 2516 staret
1768 2476 1813 2513 15

259 2542 344 2576 nee,
371 2535 417 2567 ut
442 2533 498 2568 ita
525 2531 666 2575 dicam,
698 2531 749 2567 ad
777 2531 1122 2578 perpendiculum,
1155 2530 1226 2566 sed
1253 2528 1434 2566 nonnihil
1459 2529 1524 2564 ine
1541 2529 1676 2564 inatus
1701 2527 1754 2563 ad

243 2589 447 2616 -occasum
487 2579 682 2624 tenderet,
719 2579 828 2625 regis
866 2579 946 2614 filio
986 2579 1142 2625 ipsiquo
1183 2578 1271 2622 regi
1310 2577 1564 2623 significatur
1598 2579 1752 2622 patrem

258 2637 384 2673 agere
409 2628 596 2663 animam.
647 2627 862 2673 Ingressus
896 2627 1021 2672 igitur
1057 2626 1191 2669 aedes,
1230 2626 1268 2661 in
1306 2625 1453 2670 quibus
1486 2623 1754 2659 moribundus
1771 2620 1814 2656 16

259 2674 539 2718 decumbebat,
565 2685 646 2710 non
673 2679 718 2710 ut
745 2674 1006 2710 decedentem
1030 2673 1270 2719 deploraret,
1297 2671 1368 2708 sed
1387 2675 1431 2708 ut
1451 2671 1501 2707 (le
1519 2672 1607 2708 eius
1626 2675 1755 2707 morte

258 2723 406 2758 certior
440 2722 565 2765 fleret,
603 2733 651 2759 eo
687 2723 773 2757 vis-10
807 2722 939 2757 statim
975 2722 1074 2757 exiit
1104 2726 1143 2757 et
1176 2731 1280 2766 equo
1313 2730 1534 2756 conscenso
1562 2729 1651 2755 cum
1679 2729 1753 2754 suo
1771 2716 1814 2752 17

258 2770 451 2806 comitatu
478 2774 517 2806 et
543 2770 676 2806 multis
702 2770 790 2805 aliis
808 2769 1021 2815 manganis
1038 2769 1222 2804 excessit.
1273 2768 1360 2810 Quo
1389 2769 1495 2802 facto
1522 2777 1649 2813 prope
1667 2767 1755 2813 ipsa
1771 2764 1815 2799 18

259 2817 463 2864 Mangann
489 2816 656 2865 Abasgi,
689 2818 756 2863 qui
785 2817 943 2863 puellae
969 2827 1019 2852 ex
1048 2815 1229 2862 Abasgia
1256 2815 1459 2850 adductae
1485 2818 1525 2850 et
1550 2818 1650 2850 natu
1676 2824 1754 2849 ma-

260 2866 368 2901 ximo
395 2864 579 2902 Caesaris
605 2866 685 2901 mio
712 2868 914 2910 nupturae
941 2864 1119 2900 adiuncti
1149 2865 1320 2906 fuerant,
1352 2862 1513 2898 obviam
1542 2862 1636 2898 facti
1664 2861 1755 2897 sub·

260 2912 340 2949 lato
367 2913 541 2949 elamore
577 2924 667 2949 eum
701 2913 885 2948 adorant.
935 2911 1036 2947 Tum
1065 2911 1203 2947 dieunt
1230 2911 1411 2956 reg-inam
1441 2910 1506 2945 filii
1535 2909 1753 2945 discessum
1772 2907 1814 2943 19
