2054 3282
560 268 861 310 BVLGARICA
887 268 1006 308 PAX.
1056 266 1359 308 MANICHAEI.
1638 269 1708 306 389

211 394 236 437 ὅ
269 394 314 438 δὲ
344 400 406 450 τῷ
435 398 510 438 τοῦ
541 398 725 451 σταυροῦ
757 394 918 451 σημείῳ
947 394 1172 451 θαρρήσας
1191 393 1557 449 προπορευομένῳ
1579 393 1708 435 αὐτοῦ
1725 395 1769 431 13

211 471 308 520 νικᾷ
342 464 439 512 τοὺς
475 465 712 512 ἀντιστάτας
754 465 882 519 αὐτῷ,
927 463 998 506 καὶ
1036 464 1148 506 οὕτω
1179 463 1328 510 πάντες
1358 463 1513 505 εἴλοντο
1544 461 1593 504 τὰ
1624 465 1710 503 τῶν

46 532 80 566 ³³⁸
108 535 198 574 IV6
211 537 469 590 χριστιανῶν.
531 533 614 576 εἶτα
647 532 993 588 διεπρεσβεύσατο
1025 532 1050 574 ό
1080 533 1242 575 τούτων
1273 532 1466 587 ἐξάρχων
1496 530 1606 586 πρὸς
1635 529 1710 586 τὴν
1726 533 1768 570 14
1796 533 1873 570 PII
1884 531 1994 570 156A

44 593 47 614 ²
210 604 462 659 βασίλισσαν,
494 604 622 645 αἰτῶν
653 606 729 658 γῆς
759 603 876 656 αὐτῷ
900 601 1270 657 παραχωρηθῆναι
1285 600 1538 656 Ῥωμαϊκῆς,
1571 615 1708 641 στενο-

174 674 198 712 5
210 672 443 728 χωρεῖσθαι
475 670 555 726 γὰρ
585 670 632 714 τὸ
663 670 790 718 ἔθνος
821 671 964 723 αὐτοῦ,
996 669 1068 712 καὶ
1092 669 1252 717 ἀϊδίους
1273 668 1459 716 σπονδὰς
1478 667 1588 723 πρὸς
1604 667 1707 710 Ῥω-

208 741 362 797 μαίους
392 739 463 782 καὶ
495 739 725 795 ὁμαιχμίαν
763 738 1129 794 ἐπαγγελλόμενος.
1192 739 1263 780 καὶ
1294 739 1320 794 ἡ
1352 737 1510 794 βασιλὶς
1539 737 1614 793 τὴν
1645 738 1708 779 αἴ·
1725 740 1768 776 15

209 825 323 865 τησιν
369 808 634 864 ἐξεπλήρωσε
679 808 755 850 καί
797 809 838 849 οῖ
882 812 954 863 τῆς
1000 807 1085 849 ἀπὸ
1130 812 1203 863 τῆς
1248 807 1475 862 λεγομένης
1520 806 1710 861 Σιδηρᾶς

208 877 490 933 παρεχώρησε
532 877 692 932 χώρας,
736 878 763 931 ἢ
795 875 844 918 τὰ
871 875 1096 930 Ῥωμαίων
1135 876 1206 918 καὶ
1237 875 1502 930 Βουλγάρων
1542 875 1709 928 διώριζε

208 946 319 1001 πρίν,
361 947 486 1001 μέχρι
515 949 588 1001 τῆς
619 945 842 1000 Δεβελτοῦ·
886 946 939 1000 ἢν
975 944 1170 999 λαχόντες
1209 945 1250 986 οἷ
1280 944 1522 999 Βούλγαροι
1558 943 1838 999 κεκλή-ΨΙΙΙ
1849 947 1918 984 126

150 1019 197 1056 10
208 1029 306 1057 κασι
338 1013 547 1069 Ζαγορᾶν.
609 1013 839 1056 κάντεῦθεν
870 1013 1013 1068 εἰρήνη
1047 1014 1190 1068 γέγονε
1220 1013 1315 1068 περὶ
1345 1013 1394 1055 τὰ
1427 1013 1606 1067 ἑσπέρια.
1724 1016 1769 1052 16

328 1082 448 1125 Κατὰ
481 1082 525 1125 δὲ
557 1082 631 1137 τὴν
662 1081 776 1137 ἑῴαν
806 1081 853 1124 τὸ
884 1085 970 1124 τῶν
994 1081 1247 1137 ᾹΙανιχαίων
1279 1083 1397 1136 γένος
1427 1081 1479 1136 ἧν
1509 1080 1708 1135 παμπλη-
1724 1083 1768 1119 17

209 1152 297 1201 θές,
329 1153 374 1194 οἳ
388 1150 460 1194 καὶ
482 1151 757 1193 Παυλικιάνοι
779 1150 1076 1205 ἀγροικότερον
1100 1150 1208 1205 πρὸς
1228 1154 1302 1192 τοῦ
1326 1150 1557 1206 δημώδους
1579 1148 1708 1204 ὄχλου

209 1220 444 1267 καλοῦνται,
489 1221 537 1262 ἐκ
568 1219 747 1262 Παύλου
778 1219 848 1262 καὶ
874 1219 1077 1262 Ἰωάννου
1113 1224 1186 1275 τῆς
1215 1219 1406 1274 κλήσεως
1437 1219 1753 1273 συγκειμένηςΒ

210 1290 367 1337 αὐτοῖς·
411 1289 472 1331 τὼ
505 1287 543 1331 δ’
576 1288 704 1342 ἄνδρε
739 1288 876 1330 τούτω
913 1288 1029 1343 παρὰ
1063 1289 1312 1343 ΛῙανιχαίοις
1350 1287 1574 1343 ἐγενέσθην
1611 1287 1707 1328 ὀνο·
1723 1289 1769 1325 18

151 1363 196 1400 15
209 1358 372 1414 μαστώ,
416 1358 455 1400 εἰ
481 1357 552 1399 καὶ
581 1356 641 1412 μὴ
675 1358 803 1412 ἤστην
842 1358 1084 1412 αἰρεσιάρχα
1121 1357 1192 1399 καὶ
1228 1361 1300 1412 τῆς
1330 1356 1586 1405 κακοδοξίας
1618 1371 1707 1410 γεν-

210 1427 370 1483 νήτορε,
415 1426 580 1482 ζηλωτὰ
626 1426 672 1468 δὲ
714 1426 865 1481 ταύτης
907 1426 977 1468 καὶ
1021 1425 1262 1469 σπουδαστὰ
1307 1425 1595 1480 διαφερόντως
1637 1423 1709 1466 καὶ

209 1496 385 1551 κήρυκε.
446 1495 518 1538 καὶ
554 1495 729 1543 τούτους
763 1495 902 1537 τοίνυν
932 1496 958 1551 ή
990 1495 1149 1551 βασιλὶς
1184 1496 1242 1543 εἰς
1278 1499 1380 1537 νοῦν
1411 1494 1580 1550 ε’βάλετο
1610 1509 1706 1548 μετ-
1722 1494 1768 1531 19

209 1638 233 1674 3
257 1638 354 1678 ὅπως
377 1643 440 1684 γῆς
464 1643 515 1684 τῷ
540 1637 633 1673 ἔθνει
659 1642 730 1674 τῶν
757 1638 976 1683 Βουλγάρων
1000 1638 1022 1684 ἧ
1047 1637 1180 1685 βασιλὶς
1204 1637 1459 1684 παρεχώρησεν
1485 1635 1548 1673 ΟΕ
1662 1635 1706 1671 11

207 1685 288 1732 περὶ
312 1690 383 1722 τῶν
407 1687 497 1728 (om.
525 1684 569 1731 C)
595 1686 810 1732 Μανιχαίων
836 1684 899 1723 ΟΕ

283 1818 301 1853 1
328 1817 391 1863 τῷ]
417 1817 456 1854 τὸ
480 1817 512 1853 Ε
615 1822 676 1854 τοῦ
702 1828 778 1854 om.
805 1817 892 1864 w*p
918 1818 1055 1854 invitis
1081 1816 1152 1853 AR
1254 1817 1278 1853 2
1301 1817 1523 1856 ἀντιστάντας
1548 1813 1707 1862 prDi

328 1870 399 1901 τῶν
424 1876 499 1902 om.
518 1864 681 1911 BCEwp
777 1865 801 1901 4
825 1865 946 1911 αἰτῶν]
972 1867 1012 1901 αἱ
1033 1871 1104 1901 τῶν
1129 1865 1159 1903 C
1255 1865 1278 1902 5
1304 1868 1394 1911 post
1410 1864 1497 1910 πρὸς
1515 1864 1607 1900 add.
1627 1863 1707 1903 τοὺς

280 1913 378 1960 pr
475 1913 498 1949 6
522 1914 711 1959 ὁμαιχμίας
736 1913 772 1948 D
876 1917 967 1960 post
990 1914 1127 1960 βασιλὶς
1153 1913 1245 1950 add.
1271 1913 1369 1958 αὐτῷ
1396 1912 1494 1958 pr
1603 1913 1624 1948 7
1649 1912 1706 1954 ἐξ·

278 1961 423 2006 επέρανε
450 1959 518 1998 CD
639 1962 676 1996 οἱ
698 1971 773 1997 om.
801 1960 881 2006 CD,
909 1972 992 1997 non
1018 1961 1050 1997 B
1167 1963 1190 1998 8
1216 1964 1307 2008 post
1330 1960 1585 2006 παρεχώρησεν
1612 1959 1704 1994 add.

277 2009 375 2053 αὐτῷ
402 2008 433 2045 Ο
531 2008 553 2043 9
578 2008 740 2054 δεβελτοὺ
770 2009 808 2053 E,
835 2009 1020 2055 δεβελτζοῢ
1048 2009 1084 2045 D
1186 2010 1350 2055 λαβόντες
1375 2008 1474 2054 pr
1575 2008 1620 2043 10
1645 2009 1705 2048 ζα-

278 2056 385 2103 γορὰν
410 2056 580 2102 BDEwp
607 2055 721 2093 Cedr.
749 2055 938 2102 (Scylitz.)
966 2057 1003 2092 II
1030 2068 1067 2103 p.
1095 2056 1173 2100 153,
1203 2057 1247 2092 14
1390 2056 1431 2091 11
1460 2055 1522 2101 τὴν
1547 2055 1640 2091 ἕώαν
1667 2054 1706 2090 δὲ

279 2104 375 2150 Ewp
470 2104 608 2149 πλῆθος
634 2104 730 2150 Ewp
826 2104 916 2140 πολὺ
942 2104 1039 2151 Ewp
1138 2104 1183 2140 12
1206 2103 1429 2140 παυλικιανοὶ
1455 2102 1560 2147 DDi,
1588 2113 1625 2139 v.
1651 2102 1704 2138 ad

278 2151 410 2188 XVIII
436 2151 493 2196 26,
521 2151 563 2187 11
661 2150 756 2197 παρὰ
781 2151 868 2198 w*p
886 2153 1024 2189 invitis
1041 2150 1112 2189 AR
1215 2153 1259 2189 15
1284 2151 1326 2198 εἰ]
1353 2151 1397 2188 οὐ
1420 2151 1492 2198 μὴν
1510 2151 1546 2186 D
1643 2150 1705 2186 καὶ

279 2202 370 2246 post
393 2199 426 2235 εἰ
449 2210 524 2236 om.
550 2198 582 2234 B
677 2199 729 2246 μὴ
756 2210 830 2236 om.
858 2199 894 2235 D

209 2339 464 2380 conarentur,
503 2336 568 2372 ille
595 2336 866 2382 praecedente
901 2337 1031 2372 crucis
1072 2337 1189 2383 sig-no
1229 2338 1367 2380 fretus,
1407 2336 1523 2371 victis
1562 2335 1702 2371 adver·
1720 2332 1763 2367 13

209 2385 324 2420 sariis
348 2383 492 2428 effecit,
525 2387 570 2419 ut
603 2394 742 2419 omnes
768 2383 1113 2420 Christianismum
1144 2385 1494 2430 amplecterentur.
1546 2382 1703 2419 Deinde
1718 2379 1763 2415 14

210 2442 282 2479 per
308 2431 465 2477 legatos
491 2431 596 2467 idem
623 2432 675 2467 ab
713 2432 857 2476 regina
885 2432 1008 2478 petiit,
1044 2435 1100 2476 ut,
1141 2431 1250 2477 quod
1276 2442 1379 2477 gens
1418 2441 1494 2467 sua
1521 2431 1702 2466 locorum

209 2479 409 2526 angustiis
448 2482 709 2526 premeretur,
754 2479 923 2515 Romani
962 2480 1051 2524 agri
1090 2478 1243 2525 aliquid
1282 2479 1357 2515 sibi
1397 2478 1702 2521 concederetur,

209 2530 445 2573 perpetuam
474 2537 614 2572 pacem
643 2531 682 2562 et
708 2527 801 2563 belli
829 2528 1062 2563 societatem
1090 2537 1180 2563 cum
1199 2527 1391 2563 Romanis
1419 2530 1572 2572 pactus.
1624 2524 1702 2561 An·
1719 2523 1762 2559 15

208 2575 297 2610 nuit
322 2574 466 2617 regina
491 2578 530 2610 et
557 2575 749 2620 quiequid
776 2576 881 2610 inter
906 2575 1126 2620 regionem,
1171 2585 1277 2620 quae
1303 2573 1446 2611 Sidera
1479 2574 1625 2610 dicitur
1654 2584 1703 2610 ac

210 2622 322 2678 prius
359 2621 562 2658 Romanos
599 2627 638 2658 et
663 2622 902 2668 Bulgaricos
940 2623 1039 2658 fines
1078 2622 1365 2668 distinguebat,
1405 2625 1444 2658 et
1485 2621 1700 2657 Debeltum

209 2670 431 2714 mteriacet,
457 2669 505 2705 iis
524 2671 739 2712 concessit:
767 2680 886 2716 quarn
907 2671 1115 2715 regionem
1136 2669 1301 2715 Bulgari
1329 2679 1419 2705 cum
1438 2669 1701 2714 accepissent,

209 2715 407 2763 Zagoram
447 2717 768 2764 appellaverunt.
819 2718 921 2753 Hinc
950 2728 1028 2764 pax
1057 2718 1097 2752 in
1125 2717 1344 2753 Occidente
1383 2718 1601 2753 constituta
1627 2719 1698 2752 est.
1719 2715 1761 2750 16

328 2763 475 2800 Verum
502 2765 542 2800 in
563 2764 726 2801 Oriente
753 2776 904 2810 magna.
930 2766 1005 2801 fuit
1023 2764 1350 2801 Manichaeorum
1377 2764 1604 2806 multitudo,
1631 2765 1699 2810 qui
1718 2762 1761 2799 17

209 2815 249 2848 et
274 2811 497 2847 Pauliciani
536 2812 661 2858 vulgo
700 2813 923 2859 imperitius
949 2813 1215 2859 appellantur,
1255 2812 1455 2848 vocabulo
1495 2822 1545 2848 ex
1573 2812 1700 2847 Paulo

209 2862 249 2895 et
279 2858 432 2895 Ioanne
471 2861 704 2905 composito,
743 2861 811 2906 qni
851 2861 923 2895 etsi
966 2860 1075 2906 apud
1117 2860 1204 2895 iilos
1243 2860 1351 2904 clari,
1390 2859 1699 2896 haeresiarchae
1715 2858 1761 2894 18

209 2909 343 2942 tamen
369 2909 410 2943 et
447 2917 665 2953 perversae
704 2908 904 2954 opinionis
943 2913 1131 2944 auctores
1170 2918 1251 2943 non
1288 2908 1464 2951 fuerunt,
1502 2907 1573 2943 sed
1612 2908 1700 2943 eius

210 2957 430 2992 sectatores
456 2957 496 2991 et
521 2955 689 2993 studiosi
716 2964 840 3004 supra
866 2955 1029 2992 modum
1056 2958 1095 2993 et
1129 2966 1361 3004 praecones¹
1413 2955 1522 3001 Quos
1554 2955 1700 3003 regina
1717 2954 1760 2992 19
