2054 3282
346 267 417 306 590
698 268 878 309 ZONAR.
906 267 1036 307 EPIT.
1064 267 1175 306 XVII
1203 267 1257 316 14,
1284 268 1437 318 28-15,
1461 268 1496 308 9.

284 395 330 430 29
344 392 557 447 πίσθησαν
588 392 694 434 κατὰ
725 392 799 446 τὴν
830 391 1048 444 παράλιον.
1111 392 1381 447 Παγκράτιος
1413 393 1456 435 δὲ
1480 393 1504 435 ὁ
1525 394 1672 449 ἄρχων
1691 394 1842 451 Ἀβασ-

345 461 447 514 γίας,
488 459 527 514 ᾧ
563 461 637 515 τὴν
674 461 829 501 οἰκείαν
867 460 1044 514 ἀνεψιὰν
1082 461 1106 501 ὁ
1137 460 1327 514 βασιλεὺς
1365 461 1580 515 ἡρμόσατο
1614 462 1843 517 Ῥωμανός,

341 529 414 573 τάς
450 544 491 569 τε
529 527 638 582 πρὸς
672 527 908 581 Ῥωμαίους
953 528 1139 573 σπονδὰς
1183 529 1300 570 ἔλυσε
1343 529 1414 570 καὶ
1460 527 1523 571 ὧν
1565 531 1844 586 παρεχώρησε

292 596 438 650 Βπρὶν
455 596 677 650 Ῥωμαίοις
698 596 921 650 φρουρίων
943 597 1012 637 καὶ
1038 597 1204 639 πόλεων
1236 597 1456 652 ἐπελάβετο
1487 599 1621 653 πάλιν,
1655 599 1716 644 ὡς
1737 599 1842 654 τάχα

343 664 461 710 δίκας
495 664 731 718 Ῥωμαίους
771 664 1056 718 πραττόμενος
1096 665 1201 719 ὑπὲρ
1244 670 1317 707 τοῦ
1361 667 1568 720 βασιλέως
1610 667 1681 708 καὶ
1723 668 1880 709 θείουῑ)

282 737 329 772 30
341 737 413 786 τῆς
444 733 573 773 αὐτοῦ
607 733 880 786 ὁμευνὲτιδος.
941 733 1140 779 πολλάκις
1173 731 1210 775 δ’
1245 735 1283 775 οἱ
1305 733 1564 783 ῙΙατζινάκαι
1594 735 1667 776 τὸν
1683 735 1844 789 Ἴστρον

343 801 622 854 διαβαίνοντες
645 800 692 841 τὰ
711 801 935 855 Ῥωμαίων
966 805 1115 848 κακῶς
1147 802 1382 856 διετίθεντο,
1414 803 1511 849 τοὺς
1543 803 1844 858 ἁλισκομένους

283 874 325 909 31
342 868 505 923 ἡβηδὸν
549 869 823 923 ἀναιροῦντες.
887 869 958 911 καὶ
987 870 1166 925 ’Άραβες
1203 870 1277 925 τὴν
1309 870 1485 912 ’Έδεσαν
1525 871 1842 926 ἐπολιόρκησαν,

342 936 413 977 καὶ
444 937 534 991 ἥλω
567 938 619 978 ἂν
651 938 675 991 ἡ
708 938 838 991 πόλις,
872 939 910 979 εἰ
936 937 995 992 μὴ
1029 939 1053 979 ὁ
1087 938 1189 986 δοὺξ
1209 934 1456 993 Ἀντιοχείας
1484 939 1508 980 ὁ
1530 939 1845 985 Κωνσταντῖνος

342 1005 367 1045 ὁ
398 1009 471 1046 τοῦ
505 1006 817 1060 αὐτοκράτορος
848 1006 1031 1061 ἀδελφὸς
1063 1007 1168 1061 αὐτῇ
1201 1007 1495 1062 ἕπεκούρησεν,
1529 1009 1577 1049 ὃν
1607 1008 1632 1048 ὁ
1653 1008 1845 1062 βασιλεὺς
1860 1016 1905 1050 10

341 1077 414 1128 τῆς
461 1074 650 1128 σπουδῆς
696 1074 974 1129 ἀμειβόμενος
1019 1078 1105 1116 τῶν
1154 1075 1279 1129 ἑῴων
1324 1076 1548 1130 ταγμάτων
1600 1076 1846 1130 δομέστικον

342 1142 613 1196 προεβάλετο.

275 1211 330 1254 15
466 1210 503 1250 Τ
498 1214 548 1251 οῦ
583 1210 628 1251 δὲ
658 1215 731 1265 τῆς
755 1211 966 1265 Αἰγύπτου
990 1216 1243 1266 κρατοῦντος
1260 1212 1304 1252 ’Ἀ
1310 1228 1390 1266 μερ
1412 1212 1617 1258 θανόντος
1638 1213 1663 1267 ἡ
1687 1213 1846 1254 ἐκείνου

345 1279 461 1333 γυνή,
502 1279 712 1333 χριστιανὴ
747 1278 866 1333 οὖσα,
907 1281 1154 1322 σπείσασθαι
1186 1280 1262 1322 σὺν
1291 1285 1352 1334 τῷ
1383 1281 1465 1334 υἱῷ
1494 1280 1598 1335 μετὰ
1625 1280 1848 1335 Ῥωμαίων

130 1354 287 1390 P11237
295 1353 330 1389 A
345 1348 534 1402 ἐζήτησε·
579 1348 650 1388 καὶ
696 1348 719 1388 ὁ
758 1348 949 1401 βασιλεὺς
993 1349 1184 1401 ἐκύρωσε
1226 1346 1313 1403 μετ’
1355 1350 1482 1403 αὐτῆς
1524 1349 1896 1402 τριακοντούτειςῠ
1918 1356 1968 1392 IV
1989 1356 2054 1392 140

309 1415 542 1461 Ξσπονδάς.
607 1416 782 1470 ἀδελφοὶ
814 1417 859 1457 δὲ
892 1417 970 1458 δύο
1001 1417 1247 1471 Σαρακηνοὶ
1278 1422 1351 1471 τῆς
1372 1417 1563 1463 Σικελίας
1595 1422 1845 1472 κρατοῦντες

343 1484 452 1538 πρὸς
494 1485 697 1539 ἀλλήλους
735 1486 859 1539 ἔσχον
899 1486 1121 1540 διαφοράς,
1167 1483 1230 1526 ὧν
1260 1486 1441 1540 θάτερος
1471 1491 1533 1539 τῷ
1562 1486 1723 1540 βασιλεῖ
1744 1485 1846 1527 Ῥω-

348 1614 366 1648 l
393 1613 472 1659 περὶ
499 1615 727 1659 Παγκρατίου
753 1619 813 1650 τοῦ
840 1615 1008 1659 ἄρχοντος
1030 1614 1210 1661 Ἆβασγίας
1237 1614 1300 1650 ΟΕ
1441 1615 1463 1649 6
1487 1615 1567 1660 περὶ
1594 1616 1758 1650 Σκυθῶν
1784 1614 1846 1651 ΟΕ

346 1661 369 1696 8
392 1662 471 1706 περὶ
493 1661 652 1708 Ἀράβων
678 1662 709 1697 Ε
824 1662 870 1697 12
895 1663 946 1696 ὅτι
972 1662 1057 1707 μετὰ
1082 1667 1153 1698 τῶν
1178 1663 1381 1708 Αἰγυπτίων
1406 1664 1442 1697 οἱ
1459 1663 1626 1708 ιῬωμαῖοι
1654 1663 1753 1707 (μετὰ
1777 1663 1847 1708 ῥω-

344 1710 461 1754 μαίων
486 1711 523 1743 οἱ
544 1710 716 1755 αἰγύπτιοι
743 1710 789 1754 Ε)
815 1710 1015 1745 ἐσπείσαντο
1042 1709 1104 1746 ΟΕ

418 1829 441 1863 3
467 1828 622 1867 σπονδὰς
647 1828 816 1874 prDi,
843 1829 975 1868 σποδὰς
1001 1828 1037 1863 Α
1165 1829 1186 1863 5
1211 1828 1393 1874 ρωμαίους
1419 1828 1587 1875 prDi‚
1613 1830 1784 1875 ῥωμαίοις
1809 1828 1846 1864 Α

417 1876 439 1910 6
465 1877 561 1921 αὐτῷ
588 1877 634 1922 ρ*
661 1877 797 1911 invitis
823 1876 932 1911 ARw
1045 1879 1138 1912 ante
1164 1876 1222 1911 τὸν
1248 1877 1339 1911 add.
1366 1877 1426 1912 καὶ
1453 1877 1548 1922 Bwp
1662 1878 1684 1912 8
1709 1877 1845 1923 ἡβηδὸν

420 1923 578 1969 prDi
604 1924 719 1960 Cedr.
747 1924 936 1969 (Seylitz.)
964 1924 1001 1958 II
1029 1935 1066 1969 p.
1093 1925 1174 1968 515,
1203 1925 1233 1968 1,
1261 1925 1394 1970 ἠβαδὸν
1420 1923 1454 1958 Α
1568 1925 1846 1970 ἀποσφάττοντες

419 1971 482 2006 ΒΟ
567 1973 709 2006 ἔδεσσαν
735 1972 831 2007 1)Βὶ
917 1972 940 2006 9
965 1973 985 2005 ὁ
1010 1976 1102 2007 ante
1129 1986 1257 2006 κωνοτ.
1287 1983 1361 2006 om.
1378 1972 1475 2017 pr
1566 1972 1610 2006 1‘2
1634 1973 1845 2018 προεβάλετο

418 2018 518 2062 ΒΒὶ,
545 2020 781 2065 προεβάλλετο
796 2019 943 2065 Apr,
971 2031 1007 2054 v.
1026 2020 1075 2053 ad
1093 2019 1184 2054 XIV
1204 2021 1255 2063 11,
1271 2020 1293 2054 ἶ)
1383 2021 1427 2054 14
1453 2021 1660 2054 σπείσασθαι
1677 2019 1845 2065 prDe’,

418 2068 584 2102 σπείσασα
612 2067 645 2101 A
757 2067 801 2102 15
826 2067 932 2112 αὐτῆς
959 2066 1069 2103 ΑΠῘΟ
1099 2068 1162 2102 lat.
1191 2067 1306 2102 Cedr.
1333 2067 1523 2112 (Scylitz.)
1552 2068 1587 2101 II
1616 2079 1651 2112 p.
1679 2068 1760 2111 515,
1791 2068 1846 2110 13,

418 2115 534 2149 αὐτῶν
560 2115 658 2160 pr
803 2115 846 2150 17
872 2114 1033 2159 θάτερος]
1064 2116 1186 2158 ἅτερος
1213 2115 1260 2158 Ι),
1287 2114 1340 2152 Ar
1366 2116 1406 2149 ill
1434 2126 1579 2159 mal·g·.:
1606 2115 1648 2150 οὐ
1674 2116 1843 2160 γράφεται

417 2198 456 2232 τὸ
480 2176 552 2233 θιξιρ
566 2197 652 2233 ἀλλὰ
677 2199 809 2243 ἅτερος,
843 2209 882 2233 v.
907 2197 1040 2234 XVIII
1066 2198 1122 2242 24,
1149 2198 1195 2233 25
1221 2202 1260 2234 et
1287 2197 1421 2243 Steph.
1448 2198 1547 2233 thes.
1574 2198 1627 2234 IV
1653 2209 1690 2244 p.
1717 2198 1787 2234 256
1813 2198 1844 2232 B

420 2249 459 2281 et
486 2246 783 2291 praefationem
810 2248 991 2281 nostram

285 2366 332 2401 29
347 2374 488 2411 regem
513 2365 623 2400 missi
650 2368 752 2409 sunt,
780 2365 846 2400 alii
872 2365 914 2399 in
939 2365 1055 2400 litore
1081 2364 1265 2400 trabibus
1299 2364 1418 2399 affixi.
1468 2365 1708 2400 Pauci-atius
1733 2375 1842 2409 vero,

347 2411 555 2458 Abasgiae
581 2414 780 2458 princeps,
810 2413 874 2447 eui
900 2423 973 2447 rex
994 2412 1199 2447 Romanus
1226 2422 1338 2447 suam
1371 2415 1530 2457 neptem
1559 2412 1843 2458 desponderat,

348 2460 513 2495 foedere
531 2460 712 2495 Romano
740 2460 882 2504 soluto,
912 2460 1059 2505 quibus
1086 2460 1258 2495 castellis
1285 2463 1323 2495 et
1349 2460 1518 2494 urbibus
1546 2461 1637 2495 olim
1653 2460 1843 2495 Romanis

349 2512 536 2552 cesserat,
563 2518 612 2542 ea
637 2518 778 2543 rursus
806 2508 881 2543 sibi
908 2507 1154 2551 vindicabat,
1181 2509 1352 2542 fortasse
1376 2510 1422 2542 ut
1443 2507 1716 2542 Romanorum
1743 2509 1844 2542 iniu-

286 2556 333 2590 30
349 2556 447 2590 riam
458 2556 557 2600 regi,
567 2565 666 2590 suae
678 2556 864 2601 coniugis
873 2558 1030 2600 patruo,
1039 2556 1187 2589 factam
1196 2555 1468 2589 ulcisceretur.
1487 2554 1730 2590 Patzinaeae
1741 2555 1841 2590 Istro

348 2613 471 2648 saepe
498 2604 666 2638 traiecto
686 2603 917 2648 provincias
934 2602 1039 2637 male
1058 2602 1298 2646 tractabant,
1327 2602 1496 2647 captivis
1516 2603 1701 2637 omnibus
1726 2603 1844 2637 inter-

286 2651 473 2685 31fectiS.
524 2649 680 2685 Arabes
714 2650 886 2685 Edesam
925 2649 1172 2685 obsederunt
1205 2659 1376 2694 eamque
1411 2653 1729 2694 expugnassent,
1767 2650 1843 2685 nisi

348 2697 588 2732 Antiochiae
620 2698 703 2732 dux
737 2697 1034 2741 Constantinus,
1073 2697 1326 2742 imperatoris
1359 2697 1495 2740 frater,
1536 2707 1652 2742 opem
1678 2698 1844 2741 tulisset,

348 2746 463 2780 cuius
499 2745 737 2780 industriam
773 2746 831 2779 sie
866 2747 1147 2780 remuneratus
1183 2747 1242 2779 est
1268 2754 1353 2786 rex,
1391 2749 1437 2778 ut
1471 2754 1562 2779 eum
1590 2745 1843 2780 orientalium

348 2793 554 2838 legionum
582 2793 845 2827 domesticum
873 2795 1039 2827 crearet.

445 2839 499 2875 15.
551 2839 718 2884 Ameris‚
744 2838 923 2885 Aegypti
942 2839 1146 2884 prIneipis,
1173 2839 1319 2873 mortui
1339 2838 1474 2883 vidua,
1503 2849 1608 2883 quae
1627 2843 1714 2874 erat
1738 2839 1844 2875 Chri-

348 2888 490 2930 stiana,
518 2897 601 2922 una
629 2897 718 2922 cum
746 2887 824 2922 filio
853 2896 994 2932 paoem
1022 2896 1113 2921 eum
1139 2886 1330 2920 Romanis
1356 2887 1492 2921 faeere
1519 2887 1690 2931 studuit3
1718 2897 1844 2932 quare

310 2935 419 2970 2rex
450 2934 626 2970 indutias
645 2936 812 2980 triginta
840 2943 1038 2969 annorum
1058 2943 1148 2968 eum
1177 2944 1225 2968 ea
1256 2934 1422 2979 pepigit.
1474 2933 1572 2969 Cum
1593 2934 1673 2968 duo
1699 2935 1844 2970 fratres
