2054 3282
354 220 425 261 398
767 221 946 263 ZONAR.
975 220 1106 260 EPIT.
1131 219 1223 262 XVI
1248 223 1281 270 4,
1307 221 1436 261 2-12.

353 346 486 394 λαζεν,
532 347 611 388 οὐκ
655 347 794 388 ἄλλων
837 347 1132 401 ἡνιοχούνταψ,
1179 347 1306 388 αὐτοῦ
1350 344 1387 388 δ’
1421 347 1581 389 ἐκείνου
1622 351 1694 389 τοῦ
1727 346 1849 389 αὖτο-

352 415 560 469 κράτορος
591 415 661 456 καὶ
694 415 1082 473 ἆρματηλατοῦντος
1120 419 1191 455 τοῦ
1226 415 1486 468 Αὐγούστου,
1534 415 1605 457 καὶ
1644 417 1848 470 ἀγωνιζο-

350 483 481 536 μένου
513 487 585 524 τοῦ
616 483 821 537 βασιλέως
852 482 920 523 καὶ
954 482 1041 523 ἀντὶ
1071 487 1143 537 τῆς
1174 484 1382 537 βασιλείου
1410 484 1557 538 στολῆς
1578 484 1851 530 ἐνδεδυκότος

316 550 523 604 3ἠνιόχου
568 551 733 605 σκευήν.
798 551 847 591 οὗ
893 554 1012 591 τοῦτο
1052 551 1096 592 δὲ
1134 551 1268 604 μόνον
1305 551 1356 606 ἦν
1392 551 1438 592 τὸ
1478 552 1624 605 δεινόν,
1670 551 1757 593 ἀλλ’
1791 552 1850 593 ὅτι

351 618 422 659 καὶ
460 618 555 664 τοὺς
595 620 638 659 ἓν
677 619 884 672 ἀξιώμασι
920 619 991 659 καὶ
1022 623 1156 673 τιμαῖς
1186 620 1466 674 ὑπερέχοντας
1496 619 1592 666 τοὺς
1622 619 1700 674 μὲν
1732 620 1886 674 αὗτῴῖ)

302 687 721 740 Βσυναγωνίζεσθαι,
766 686 862 733 τοὺς
901 685 937 728 δ’
978 688 1331 741 ἀνταγωνίζεσθαι
1375 689 1419 729 ἓν
1463 692 1550 734 ταῖς
1586 692 1671 729 τῶν
1710 689 1850 729 ἵππων

315 755 540 808 4ἇμίλλαις
582 754 654 795 καὶ
698 755 997 810 ἁρματηλατεῖν
1040 757 1339 810 κατηνάγκαζε.
1401 757 1501 798 ποτὲ
1543 757 1681 797 τοίνυν
1724 755 1850 802 αὐτὸς

350 822 428 876 μὲν
466 823 668 877 ἠμφίεστο
705 823 751 864 τὸ
788 827 943 878 χρῶμα
981 823 1027 865 τὸ
1065 825 1244 878 βένετον,
1291 824 1314 865 ὁ
1348 825 1392 866 δὲ
1423 829 1495 866 τοῦ
1530 824 1694 878 δρόμου
1725 825 1847 878 λογο-

351 891 478 945 θέτης
520 891 566 932 τὸ
609 891 823 946 πράσινον,
867 891 938 933 καὶ
976 893 1104 946 ἕτεροι
1142 896 1227 933 τῶν
1268 893 1602 947 ἕπιφανεστέρων
1632 892 1680 933 τὰ
1713 893 1899 947 ἕτερα·Ι)
1919 899 1972 936 IV
1988 900 2032 936 12

317 959 422 1002 ὅκα),
454 959 535 1013 ἤδη
568 963 653 1001 τῶν
685 960 887 1014 ἁρμάτων
919 961 1138 1015 ἐπέβησαν.
1201 961 1245 1002 ἓν
1283 961 1418 1015 τούτῳ
1457 961 1502 1002 δὲ
1534 961 1758 1016 γράμματα
1789 965 1851 1015 τῷ
1867 970 1912 1005 10

127 1036 176 1074 W
195 1028 682 1082 111129πρωτονοταρίῳ
721 1033 794 1070 τοῦ
828 1029 992 1083 δρόμου
1023 1029 1139 1083 παρά
1171 1045 1244 1070 του
1275 1029 1550 1083 πεφθακότος
1581 1029 1671 1083 ἄρτι
1703 1029 1850 1083 ἐνεχει-

354 1097 573 1151 ρίσθησαν,
607 1098 669 1143 ὡς
700 1098 744 1138 ἒν
774 1101 858 1143 τοῖς
880 1097 1154 1151 Μελαγγείοις
1186 1098 1611 1151 ἐστρατοπεδεύσαντο
1644 1098 1684 1138 οἵ
1704 1097 1850 1151 Σαρα-

352 1165 473 1219 κηνοὶ
506 1166 814 1219 διαγγέλλοντα·
848 1170 973 1207 ταῦτα
1009 1163 1044 1207 δ’
1079 1166 1177 1207 εἰσὶν
1198 1167 1223 1206 ἃ
1246 1170 1320 1207 νῦν
1347 1166 1641 1219 ἀγροικότερον
1672 1165 1851 1206 καλεῖται

317 1233 590 1287 62ῑ1αλάγινα.
653 1234 677 1275 ὅ
715 1238 818 1288 γοῦν
854 1234 1192 1287 πρωτονοτάριος
1232 1234 1551 1287 σκυθρωπάσας
1589 1232 1654 1274 ἐπὶ
1690 1237 1739 1287 τῇ
1777 1233 1849 1286 ἀγ-

354 1302 465 1356 γελίᾳ
501 1302 718 1357 προσῆλθε
756 1307 817 1356 τῷ
854 1302 1015 1357 βασιλεῖ
1048 1303 1119 1343 καὶ
1149 1307 1275 1344 ταῦτα
1309 1303 1500 1343 ἐδίδασκε
1531 1302 1601 1343 καὶ
1631 1302 1911 1345 ὑπεδείκνυ15

92 1378 292 1415 PIIIGOA
319 1370 402 1414 ’ῖτὰ
436 1371 674 1425 γράμματα.
740 1371 763 1412 ὁ
797 1371 842 1412 δὲ
874 1371 1039 1424 ὀργίλον
1071 1387 1106 1412 τι
1138 1371 1208 1413 καὶ
1238 1370 1417 1426 μανικὸν
1449 1371 1565 1424 αὐτῷ
1597 1369 1746 1412 ἐνιδὼν
1776 1370 1851 1411 ’Ἕν

359 1521 379 1556 7
407 1521 503 1561 ὅπως
530 1522 593 1563 (ὅτι
620 1521 665 1565 Ε)
692 1525 763 1556 τῶν
788 1526 918 1556 κοινῶν
945 1520 1148 1567 ἐφρόντιζεν
1174 1523 1194 1557 ὁ
1216 1522 1390 1568 βέλτιστος
1414 1521 1577 1568 βασιλεὺς
1602 1521 1702 1560 οὗτος
1729 1520 1791 1558 CE

431 1659 448 1693 1
477 1658 516 1694 δὲ
541 1657 576 1693 D
675 1658 697 1693 2
723 1658 783 1694 καὶ
809 1662 903 1694 aute
928 1659 1012 1704 ἁρμ.
1040 1670 1114 1695 om.
1132 1659 1162 1695 Ο
1261 1662 1351 1705 post
1369 1659 1452 1703 ἇρμ.
1471 1658 1562 1693 add.
1581 1672 1615 1693 τε
1634 1657 1713 1702 CD,
1741 1658 1850 1703 quod

429 1707 503 1742 del.
531 1706 599 1745 Dw
709 1708 731 1742 3
756 1707 1038 1752 ἀμφιεννυμένου
1067 1707 1098 1743 Ο
1204 1708 1227 1742 4
1253 1707 1378 1752 στολὴν
1403 1706 1598 1751 DEwpDi
1704 1707 1726 1741 6
1751 1706 1850 1741 ἀντα-

427 1755 636 1799 γωνίζεσθαι
665 1764 739 1790 om.
762 1755 804 1798 Β,
831 1754 911 1794 τοὺς
936 1755 967 1789 δ’
997 1755 1033 1789 ἐν
1059 1761 1131 1794 ταῖς
1156 1756 1197 1790 in
1225 1756 1403 1800 quinque
1430 1756 1516 1789 fere
1542 1754 1764 1789 litterarum
1791 1764 1851 1788 ra—

427 1812 523 1837 sura
549 1803 727 1837 exaratis
825 1803 847 1837 8
872 1802 1052 1838 ἐνεδέδυτο
1080 1803 1110 1838 Ο
1221 1803 1259 1837 τὸ
1287 1805 1397 1848 prius
1425 1812 1499 1837 om.
1526 1801 1557 1836 Β
1665 1800 1796 1847 βέΙετον
1822 1801 1852 1837 C

427 1850 460 1884 8.
487 1850 509 1884 9
535 1851 657 1885 τούτου
682 1850 871 1895 λογοθέτης
897 1855 957 1885 τοῦ
983 1851 1118 1895 δρόμου
1146 1851 1176 1885 Ε
1292 1852 1313 1885 9
1339 1851 1447 1894 ἕτεροι
1474 1854 1544 1884 τῶν
1569 1848 1852 1894 ἓπιφανεστέρων

426 1897 468 1932 τὰ
492 1898 591 1943 ἕτερα
617 1897 763 1943 AEwp,
790 1898 887 1933 ἄλλοι
914 1903 984 1933 τῶν
1009 1899 1191 1943 ἐπιφανῶν
1218 1897 1258 1932 τὰ
1283 1897 1386 1932 λοιπὰ
1413 1897 1444 1932 Ο
1591 1897 1636 1931 10
1662 1900 1753 1942 post
1777 1897 1851 1931 ἐπέ·

426 1946 542 1990 βησαν
568 1945 660 1980 add.
687 1946 747 1980 καὶ
772 1945 861 1991 ἦσαν
882 1946 969 1990 πρὸς
996 1952 1044 1990 τῷ
1074 1946 1126 1990 (τὸ
1152 1946 1199 1990 D,
1227 1956 1327 1981 corr.
1357 1945 1439 1989 Dw)
1467 1945 1612 1989 δραμεῖν
1638 1944 1735 1990 pr

429 1994 484 2028 ll.
514 1993 556 2028 13
584 1993 825 2038 διαγγέλλοντα
851 1997 941 2038 post
965 1994 1110 2038 ἐνεχειρ.
1139 1994 1170 2029 O
1289 1993 1333 2027 12
1357 1994 1552 2038 μελαγγίοις
1579 1992 1626 2036 D,
1654 2002 1754 2027 corr.
1781 1991 1850 2030 Dw

430 2040 475 2075 14
499 2041 670 2086 μαλάγινα
705 2043 772 2083 (ex
797 2041 979 2086 μαλάγηνα
1009 2052 1109 2077 corr·
1136 2041 1186 2085 A)
1213 2039 1421 2086 AprDi‚
1459 2040 1642 2085 μαλάγηνα
1668 2038 1709 2083 Β,
1748 2040 1851 2084 μελά-

427 2102 505 2133 γινα
532 2088 572 2133 C,
597 2089 747 2134 μαλάγια
773 2089 815 2132 Ε,
843 2100 879 2123 v.
908 2089 1022 2124 Oedr.
1051 2088 1238 2134 (Scylitz.)
1267 2089 1304 2123 Π
1331 2099 1368 2133 p.
1396 2088 1475 2132 175,
1502 2088 1546 2122 1⁸2
1644 2087 1688 2122 16
1713 2087 1851 2132 ὀργίλον

428 2136 581 2181 (ὀργῒλόν
607 2136 652 2181 Ε)
678 2150 708 2170 τι
734 2136 794 2171 καὶ
818 2136 969 2181 μανικὸν
994 2136 1140 2182 AEwp,
1167 2137 1305 2182 ὀργίλον
1323 2150 1352 2170 τι
1371 2137 1430 2170 καὶ
1448 2134 1646 2181 βλοσσυρὸν
1665 2134 1851 2180 (βλοσυρὸν

426 2183 473 2229 Β)
498 2183 543 2229 R,
568 2183 742 2230 βλοσυρὸν
768 2185 912 2220 ceteris
939 2185 1093 2220 omissis
1120 2184 1168 2230 C3
1196 2185 1245 2220 de
1264 2184 1465 2219 adiectivo
1486 2194 1522 2218 v.
1539 2182 1611 2218 XV
1625 2182 1719 2227 25‚4

360 2320 431 2356 sed
458 2321 625 2356 theatris
651 2324 806 2356 tantum
835 2323 874 2357 et
900 2322 1218 2367 equitationibus
1244 2321 1431 2364 vacabat,
1458 2330 1538 2355 non
1566 2319 1652 2354 aliis
1671 2319 1851 2354 habenas

359 2369 675 2413 moderantibus,
716 2370 787 2404 sed
825 2370 912 2414 ipso
942 2369 1009 2404 illo
1035 2371 1279 2415 imperatore
1304 2369 1491 2413 Augusto
1530 2368 1649 2402 etiam
1689 2376 1851 2401 currum

358 2421 541 2462 regente,
579 2421 619 2452 et
649 2426 748 2462 rege
776 2416 1009 2452 decertante
1035 2427 1083 2451 ae
1110 2427 1182 2462 pro
1210 2417 1325 2462 regia
1352 2415 1562 2459 chlamyde
1589 2415 1760 2460 aurigae
1786 2424 1851 2449 ve-

319 2466 453 2502 3stitu
479 2465 632 2499 induto.
683 2464 824 2509 Neque
859 2474 956 2499 vero
987 2464 1134 2499 malum
1170 2465 1224 2499 ibi
1258 2463 1434 2506 sistebat,
1474 2462 1543 2497 sed
1583 2463 1691 2497 viros
1730 2462 1851 2496 etiam

357 2512 625 2557 dignitatibus
640 2516 678 2547 et
694 2512 914 2547 honoribus
933 2516 1185 2557 praestantes
1203 2512 1347 2557 partim
1364 2521 1387 2544 a
1402 2520 1455 2554 se,
1475 2510 1617 2554 partini
1646 2513 1787 2544 contra
1808 2519 1851 2544 se

319 2562 464 2596 4stare
492 2562 531 2594 in
560 2569 758 2604 equorum
787 2560 1074 2595 certaminibus
1100 2563 1139 2594 et
1166 2569 1308 2594 currus
1335 2559 1492 2603 agitare
1521 2558 1707 2602 cogebat.
1751 2556 1849 2592 Cum

358 2617 454 2642 vero
475 2607 693 2652 aliquando
711 2608 798 2652 ipse
817 2607 951 2642 colore
970 2611 1128 2650 veneto,
1157 2616 1299 2642 cursus
1318 2605 1522 2651 logotheta
1543 2605 1706 2650 prasino
1727 2609 1849 2649 atque

357 2655 423 2688 alii
443 2655 519 2688 viri
544 2655 717 2690 illustres
743 2656 887 2690 ceteris
914 2655 1046 2690 vestiti
1074 2655 1276 2690 coloribus
1304 2663 1446 2688 currus
1465 2653 1543 2686 iam
1563 2652 1848 2695 ascendissent,

320 2703 342 2739 ὅ
357 2704 636 2747 protonotario
677 2712 819 2737 cursus
857 2712 881 2736 a
920 2702 1108 2747 quodam,
1149 2703 1217 2747 qui
1259 2701 1376 2736 modo
1417 2700 1651 2743 advenerat,
1692 2701 1849 2734 litterae

358 2750 584 2784 afferuntur
603 2748 828 2785 Saracenos
852 2751 892 2784 in
910 2749 1132 2795 Melangeis
1159 2753 1291 2784 castra
1311 2751 1509 2796 posuisse3
1538 2758 1585 2782 ea
1612 2750 1715 2786 sunt=
1743 2756 1848 2792 quae

321 2800 466 2835 6nunc
492 2798 624 2832 minus
652 2798 860 2843 eleganter
886 2797 1089 2843 Malagina
1129 2797 1328 2833 dicuntur.
1380 2796 1686 2833 Protonotarius
1725 2795 1849 2839 igitur

359 2845 410 2879 ob
437 2855 529 2879 eum
555 2846 740 2880 nuntium
773 2846 889 2881 tristu
927 2846 1043 2880 vultu
1069 2855 1207 2891 regem
1235 2847 1328 2891 adit,
1367 2857 1450 2881 rom
1478 2844 1656 2889 exponit,
1695 2842 1848 2877 litteras

323 2894 344 2933 ’ἶ
360 2894 543 2929 ostendit.
594 2893 647 2928 At
673 2894 737 2930 ille
763 2893 969 2930 iracundis
996 2898 1035 2930 et
1063 2894 1189 2930 torvis
1225 2895 1349 2930 oculis
1377 2905 1467 2929 eum
1494 2892 1662 2927 intuitus
1687 2889 1850 2926 “Cum’'
