<?xml version="1.0" encoding="UTF-8"?>
<!DOCTYPE html PUBLIC "-//W3C//DTD XHTML 1.0 Transitional//EN"
    "http://www.w3.org/TR/xhtml1/DTD/xhtml1-transitional.dtd">
<html xmlns="http://www.w3.org/1999/xhtml" xml:lang="en" lang="en">
 <head>
  <title>
</title>
<meta http-equiv="Content-Type" content="text/html;charset=utf-8" />
  <meta name='ocr-system' content='tesseract 3.04.00' />
  <meta name='ocr-capabilities' content='ocr_page ocr_carea ocr_par ocr_line ocrx_word'/>
</head>
<body>
  <div class='ocr_page' id='page_1' title='image "./corpusscriptorum31niebuoft/corpusscriptorum31niebuoft_0161.png"; bbox 0 0 2054 3282; ppageno 0'>
   <div class='ocr_carea' id='block_1_1' title="bbox 550 173 1739 217">
    <p class='ocr_par' dir='ltr' id='par_1_1' title="bbox 550 173 1739 217">
     <span class='ocr_line' id='line_1_1' title="bbox 550 173 1739 217; baseline 0.002 -5"><span class='ocrx_word' id='word_1_1' title='bbox 550 173 873 217; x_wconf 87' lang='lat' dir='ltr'>ANASTASIVS</span> <span class='ocrx_word' id='word_1_2' title='bbox 898 178 928 215; x_wconf 92' lang='grc' dir='ltr'><strong><em>Ι.</em></strong></span> <span class='ocrx_word' id='word_1_3' title='bbox 979 176 1416 215; x_wconf 85' lang='lat' dir='ltr'><strong>CHRYSARGYRVM.</strong></span> <span class='ocrx_word' id='word_1_4' title='bbox 1670 178 1739 214; x_wconf 84' lang='lat'><strong><em>135</em></strong></span> 
     </span>
    </p>
   </div>
   <div class='ocr_carea' id='block_1_2' title="bbox 20 298 1851 1392">
    <p class='ocr_par' dir='ltr' id='par_1_2' title="bbox 20 298 1851 1392">
     <span class='ocr_line' id='line_1_2' title="bbox 236 298 1792 357; baseline -0.002 -15"><span class='ocrx_word' id='word_1_5' title='bbox 236 298 339 354; x_wconf 72' lang='grc' dir='ltr'><strong><em>μετά</em></strong></span> <span class='ocrx_word' id='word_1_6' title='bbox 371 299 446 354; x_wconf 87' lang='grc' dir='ltr'><strong><em>τὴν</em></strong></span> <span class='ocrx_word' id='word_1_7' title='bbox 476 301 614 356; x_wconf 82' lang='grc' dir='ltr'><strong><em>ταφὴν</em></strong></span> <span class='ocrx_word' id='word_1_8' title='bbox 650 301 867 357; x_wconf 85' lang='grc' dir='ltr'><strong><em>Ζήνωνος,</em></strong></span> <span class='ocrx_word' id='word_1_9' title='bbox 907 301 979 343; x_wconf 84' lang='grc' dir='ltr'><strong><em>καὶ</em></strong></span> <span class='ocrx_word' id='word_1_10' title='bbox 1009 299 1106 347; x_wconf 85' lang='grc' dir='ltr'><strong><em>τοὺς</em></strong></span> <span class='ocrx_word' id='word_1_11' title='bbox 1141 300 1306 355; x_wconf 84' lang='grc' dir='ltr'><em>γάμους</em></span> <span class='ocrx_word' id='word_1_12' title='bbox 1342 300 1506 342; x_wconf 81' lang='grc' dir='ltr'><strong><em>ἕτέλεσε.</em></strong></span> <span class='ocrx_word' id='word_1_13' title='bbox 1570 301 1736 355; x_wconf 86' lang='grc' dir='ltr'><strong><em>δασμοῦ</em></strong></span> <span class='ocrx_word' id='word_1_14' title='bbox 1753 304 1792 338; x_wconf 99' lang='grc'><strong><em>11</em></strong></span> 
     </span>
     <span class='ocr_line' id='line_1_3' title="bbox 238 369 1737 425; baseline 0 -15"><span class='ocrx_word' id='word_1_15' title='bbox 238 369 284 411; x_wconf 88' lang='grc' dir='ltr'><strong><em>δὲ</em></strong></span> <span class='ocrx_word' id='word_1_16' title='bbox 315 369 412 418; x_wconf 82' lang='grc' dir='ltr'><strong><em>τοὺς</em></strong></span> <span class='ocrx_word' id='word_1_17' title='bbox 442 370 661 425; x_wconf 79' lang='grc' dir='ltr'><em>ὑπηκόους</em></span> <span class='ocrx_word' id='word_1_18' title='bbox 690 371 904 420; x_wconf 81' lang='grc' dir='ltr'><strong><em>πιέζοντος</em></strong></span> <span class='ocrx_word' id='word_1_19' title='bbox 934 373 1007 412; x_wconf 86' lang='grc' dir='ltr'><strong><em>τοῦ</em></strong></span> <span class='ocrx_word' id='word_1_20' title='bbox 1043 369 1270 424; x_wconf 78' lang='grc' dir='ltr'><strong><em>λεγομένου</em></strong></span> <span class='ocrx_word' id='word_1_21' title='bbox 1307 369 1620 424; x_wconf 82' lang='grc' dir='ltr'><strong><em>χρυσαργύρου,</em></strong></span> <span class='ocrx_word' id='word_1_22' title='bbox 1665 370 1737 411; x_wconf 85' lang='grc' dir='ltr'><strong><em>καὶ</em></strong></span> 
     </span>
     <span class='ocr_line' id='line_1_4' title="bbox 235 437 1851 494; baseline -0.001 -15"><span class='ocrx_word' id='word_1_23' title='bbox 235 442 382 480; x_wconf 81' lang='grc' dir='ltr'><strong><em>τοῦτον</em></strong></span> <span class='ocrx_word' id='word_1_24' title='bbox 402 439 618 493; x_wconf 81' lang='grc' dir='ltr'><strong><em>ἐξέκοψεν.</em></strong></span> <span class='ocrx_word' id='word_1_25' title='bbox 679 439 732 494; x_wconf 85' lang='grc' dir='ltr'><strong><em>ἧν</em></strong></span> <span class='ocrx_word' id='word_1_26' title='bbox 764 439 809 481; x_wconf 85' lang='grc' dir='ltr'><strong><em>δὲ</em></strong></span> <span class='ocrx_word' id='word_1_27' title='bbox 840 439 864 481; x_wconf 84' lang='grc' dir='ltr'>ὁ</span> <span class='ocrx_word' id='word_1_28' title='bbox 894 443 969 480; x_wconf 85' lang='grc' dir='ltr'><strong><em>τοῦ</em></strong></span> <span class='ocrx_word' id='word_1_29' title='bbox 1000 437 1299 494; x_wconf 87' lang='grc' dir='ltr'><strong><em>χρυσαργύρου</em></strong></span> <span class='ocrx_word' id='word_1_30' title='bbox 1333 437 1496 492; x_wconf 86' lang='grc' dir='ltr'><strong><em>δασμὸς</em></strong></span> <span class='ocrx_word' id='word_1_31' title='bbox 1526 442 1734 485; x_wconf 82' lang='grc' dir='ltr'><strong><em>τοιοῦτος·</em></strong></span> <span class='ocrx_word' id='word_1_32' title='bbox 1752 442 1795 477; x_wconf 79' lang='grc'><strong><em>12</em></strong></span> <span class='ocrx_word' id='word_1_33' title='bbox 1822 441 1851 478; x_wconf 91' lang='lat' dir='ltr'>C</span> 
     </span>
     <span class='ocr_line' id='line_1_5' title="bbox 235 506 1734 562; baseline -0.001 -14"><span class='ocrx_word' id='word_1_34' title='bbox 235 507 413 554; x_wconf 85' lang='grc' dir='ltr'><strong><em>ἅπαντες</em></strong></span> <span class='ocrx_word' id='word_1_35' title='bbox 451 507 522 549; x_wconf 83' lang='grc' dir='ltr'><strong><em>καὶ</em></strong></span> <span class='ocrx_word' id='word_1_36' title='bbox 557 513 777 562; x_wconf 89' lang='grc' dir='ltr'><strong><em>προσαΐται</em></strong></span> <span class='ocrx_word' id='word_1_37' title='bbox 807 508 879 549; x_wconf 84' lang='grc' dir='ltr'><strong><em>καὶ</em></strong></span> <span class='ocrx_word' id='word_1_38' title='bbox 908 508 1079 562; x_wconf 87' lang='grc' dir='ltr'><strong><em>πένητες</em></strong></span> <span class='ocrx_word' id='word_1_39' title='bbox 1109 507 1181 548; x_wconf 86' lang='grc' dir='ltr'><strong><em>καὶ</em></strong></span> <span class='ocrx_word' id='word_1_40' title='bbox 1211 510 1325 549; x_wconf 86' lang='grc' dir='ltr'><strong><em>πᾶσα</em></strong></span> <span class='ocrx_word' id='word_1_41' title='bbox 1356 506 1492 561; x_wconf 80' lang='grc' dir='ltr'><strong><em>πόρνη</em></strong></span> <span class='ocrx_word' id='word_1_42' title='bbox 1525 507 1597 548; x_wconf 82' lang='grc' dir='ltr'><strong><em>καὶ</em></strong></span> <span class='ocrx_word' id='word_1_43' title='bbox 1629 507 1734 561; x_wconf 85' lang='grc' dir='ltr'><strong><em>ξύμ-</em></strong></span> 
     </span>
     <span class='ocr_line' id='line_1_6' title="bbox 199 575 1733 631; baseline -0.001 -13"><span class='ocrx_word' id='word_1_44' title='bbox 199 577 385 623; x_wconf 80' lang='grc' dir='ltr'><strong><em>5παντες</em></strong></span> <span class='ocrx_word' id='word_1_45' title='bbox 415 576 690 631; x_wconf 72' lang='grc' dir='ltr'><strong><em>ἀπελεύθεροι</em></strong></span> <span class='ocrx_word' id='word_1_46' title='bbox 721 577 765 618; x_wconf 82' lang='grc' dir='ltr'><strong><em>ἕν</em></strong></span> <span class='ocrx_word' id='word_1_47' title='bbox 796 577 941 630; x_wconf 82' lang='grc' dir='ltr'><strong><em>ἀγροῖς</em></strong></span> <span class='ocrx_word' id='word_1_48' title='bbox 971 592 1012 618; x_wconf 90' lang='grc' dir='ltr'><strong><em>τε</em></strong></span> <span class='ocrx_word' id='word_1_49' title='bbox 1051 575 1123 618; x_wconf 83' lang='grc' dir='ltr'><strong><em>καὶ</em></strong></span> <span class='ocrx_word' id='word_1_50' title='bbox 1157 575 1300 618; x_wconf 84' lang='grc' dir='ltr'><strong><em>πόλεσι</em></strong></span> <span class='ocrx_word' id='word_1_51' title='bbox 1339 575 1615 630; x_wconf 80' lang='grc' dir='ltr'><strong><em>διατρίβοντες</em></strong></span> <span class='ocrx_word' id='word_1_52' title='bbox 1653 577 1733 618; x_wconf 86' lang='grc' dir='ltr'><strong><em>εἶσ-</em></strong></span> 
     </span>
     <span class='ocr_line' id='line_1_7' title="bbox 235 644 1795 701; baseline -0.001 -14"><span class='ocrx_word' id='word_1_53' title='bbox 235 646 376 700; x_wconf 81' lang='grc' dir='ltr'><strong><em>φέρειν</em></strong></span> <span class='ocrx_word' id='word_1_54' title='bbox 407 646 693 701; x_wconf 82' lang='grc' dir='ltr'><strong><em>ἠναγκάζοντο</em></strong></span> <span class='ocrx_word' id='word_1_55' title='bbox 724 650 786 700; x_wconf 77' lang='grc' dir='ltr'><strong><em>τῷ</em></strong></span> <span class='ocrx_word' id='word_1_56' title='bbox 814 645 1006 700; x_wconf 83' lang='grc' dir='ltr'><strong><em>δημοσίῳ</em></strong></span> <span class='ocrx_word' id='word_1_57' title='bbox 1027 645 1142 692; x_wconf 86' lang='grc' dir='ltr'><strong><em>τέλος</em></strong></span> <span class='ocrx_word' id='word_1_58' title='bbox 1163 645 1341 700; x_wconf 78' lang='grc' dir='ltr'><strong><em>ἐτήσιον·</em></strong></span> <span class='ocrx_word' id='word_1_59' title='bbox 1373 645 1444 687; x_wconf 85' lang='grc' dir='ltr'><strong><em>καὶ</em></strong></span> <span class='ocrx_word' id='word_1_60' title='bbox 1465 644 1571 700; x_wconf 79' lang='grc' dir='ltr'><strong><em>ὑπὲρ</em></strong></span> <span class='ocrx_word' id='word_1_61' title='bbox 1593 646 1735 687; x_wconf 73' lang='grc' dir='ltr'><strong><em>ἵππων</em></strong></span> <span class='ocrx_word' id='word_1_62' title='bbox 1752 649 1795 684; x_wconf 83' lang='grc'><strong><em>13</em></strong></span> 
     </span>
     <span class='ocr_line' id='line_1_8' title="bbox 233 714 1732 770; baseline 0 -14"><span class='ocrx_word' id='word_1_63' title='bbox 233 715 305 756; x_wconf 85' lang='grc' dir='ltr'><strong><em>καὶ</em></strong></span> <span class='ocrx_word' id='word_1_64' title='bbox 336 714 525 770; x_wconf 80' lang='grc' dir='ltr'><strong><em>ἡμιόνων</em></strong></span> <span class='ocrx_word' id='word_1_65' title='bbox 555 714 626 756; x_wconf 81' lang='grc' dir='ltr'><strong><em>καὶ</em></strong></span> <span class='ocrx_word' id='word_1_66' title='bbox 656 716 776 769; x_wconf 84' lang='grc' dir='ltr'><strong><em>βοῶν</em></strong></span> <span class='ocrx_word' id='word_1_67' title='bbox 807 715 921 756; x_wconf 86' lang='grc' dir='ltr'><strong><em>ὄνων</em></strong></span> <span class='ocrx_word' id='word_1_68' title='bbox 951 730 993 756; x_wconf 86' lang='grc' dir='ltr'><strong><em>τε</em></strong></span> <span class='ocrx_word' id='word_1_69' title='bbox 1023 714 1095 756; x_wconf 79' lang='grc' dir='ltr'><strong><em>καὶ</em></strong></span> <span class='ocrx_word' id='word_1_70' title='bbox 1125 717 1269 756; x_wconf 84' lang='grc' dir='ltr'><strong><em>κυνῶν</em></strong></span> <span class='ocrx_word' id='word_1_71' title='bbox 1301 714 1520 768; x_wconf 77' lang='grc' dir='ltr'><strong><em>ἐπράττετο</em></strong></span> <span class='ocrx_word' id='word_1_72' title='bbox 1547 714 1732 768; x_wconf 81' lang='grc' dir='ltr'><strong><em>φορολό-</em></strong></span> 
     </span>
     <span class='ocr_line' id='line_1_9' title="bbox 234 780 1731 838; baseline 0 -14"><span class='ocrx_word' id='word_1_73' title='bbox 234 799 362 838; x_wconf 80' lang='grc' dir='ltr'><strong><em>γημα,</em></strong></span> <span class='ocrx_word' id='word_1_74' title='bbox 395 783 499 838; x_wconf 82' lang='grc' dir='ltr'><strong><em>ὑπὲρ</em></strong></span> <span class='ocrx_word' id='word_1_75' title='bbox 532 784 780 838; x_wconf 70' lang='grc' dir='ltr'><strong><em>ἀνθρώπων</em></strong></span> <span class='ocrx_word' id='word_1_76' title='bbox 810 783 888 837; x_wconf 83' lang='grc' dir='ltr'><strong><em>μὲν</em></strong></span> <span class='ocrx_word' id='word_1_77' title='bbox 919 783 1098 825; x_wconf 83' lang='grc' dir='ltr'><strong><em>ἑκάστου</em></strong></span> <span class='ocrx_word' id='word_1_78' title='bbox 1130 783 1314 838; x_wconf 89' lang='grc' dir='ltr'><strong><em>νόμισμα</em></strong></span> <span class='ocrx_word' id='word_1_79' title='bbox 1346 783 1573 837; x_wconf 82' lang='grc' dir='ltr'><strong><em>ἀργυροῦν,</em></strong></span> <span class='ocrx_word' id='word_1_80' title='bbox 1614 782 1660 824; x_wconf 86' lang='grc' dir='ltr'><strong><em>τὸ</em></strong></span> <span class='ocrx_word' id='word_1_81' title='bbox 1693 780 1731 824; x_wconf 87' lang='grc' dir='ltr'><strong><em>δ’</em></strong></span> 
     </span>
     <span class='ocr_line' id='line_1_10' title="bbox 233 851 1732 907; baseline 0.001 -14"><span class='ocrx_word' id='word_1_82' title='bbox 233 851 335 894; x_wconf 77' lang='grc' dir='ltr'><strong><em>αὐτὸ</em></strong></span> <span class='ocrx_word' id='word_1_83' title='bbox 366 852 437 893; x_wconf 82' lang='grc' dir='ltr'><strong><em>καὶ</em></strong></span> <span class='ocrx_word' id='word_1_84' title='bbox 467 852 574 906; x_wconf 85' lang='grc' dir='ltr'><strong><em>ὑπὲρ</em></strong></span> <span class='ocrx_word' id='word_1_85' title='bbox 605 853 747 906; x_wconf 79' lang='grc' dir='ltr'><strong><em>ἵππου,</em></strong></span> <span class='ocrx_word' id='word_1_86' title='bbox 780 852 958 907; x_wconf 83' lang='grc' dir='ltr'><strong><em>ἡμιόνου</em></strong></span> <span class='ocrx_word' id='word_1_87' title='bbox 990 868 1032 893; x_wconf 92' lang='grc' dir='ltr'><strong><em>τε</em></strong></span> <span class='ocrx_word' id='word_1_88' title='bbox 1062 851 1133 893; x_wconf 90' lang='grc' dir='ltr'><strong><em>καὶ</em></strong></span> <span class='ocrx_word' id='word_1_89' title='bbox 1163 851 1281 906; x_wconf 81' lang='grc' dir='ltr'><strong><em>βοός,</em></strong></span> <span class='ocrx_word' id='word_1_90' title='bbox 1313 852 1419 906; x_wconf 74' lang='grc' dir='ltr'><strong><em>ὑπὲρ</em></strong></span> <span class='ocrx_word' id='word_1_91' title='bbox 1451 852 1553 893; x_wconf 85' lang='grc' dir='ltr'><strong><em>ὄνου</em></strong></span> <span class='ocrx_word' id='word_1_92' title='bbox 1587 852 1633 894; x_wconf 86' lang='grc' dir='ltr'><strong><em>δὲ</em></strong></span> <span class='ocrx_word' id='word_1_93' title='bbox 1661 852 1732 894; x_wconf 88' lang='grc' dir='ltr'><strong><em>καὶ</em></strong></span> 
     </span>
     <span class='ocr_line' id='line_1_11' title="bbox 177 920 1732 976; baseline 0 -13"><span class='ocrx_word' id='word_1_94' title='bbox 177 924 220 958; x_wconf 88' lang='grc'><strong><em>10</em></strong></span> <span class='ocrx_word' id='word_1_95' title='bbox 233 920 362 968; x_wconf 87' lang='grc' dir='ltr'><strong><em>κυνὸς</em></strong></span> <span class='ocrx_word' id='word_1_96' title='bbox 397 921 539 976; x_wconf 82' lang='grc' dir='ltr'><strong><em>φόλεις</em></strong></span> <span class='ocrx_word' id='word_1_97' title='bbox 576 922 638 970; x_wconf 84' lang='grc' dir='ltr'><strong><em>ἔξ·</em></strong></span> <span class='ocrx_word' id='word_1_98' title='bbox 682 921 754 962; x_wconf 82' lang='grc' dir='ltr'><strong><em>καὶ</em></strong></span> <span class='ocrx_word' id='word_1_99' title='bbox 791 921 843 976; x_wconf 83' lang='grc' dir='ltr'><strong><em>ἦν</em></strong></span> <span class='ocrx_word' id='word_1_100' title='bbox 881 920 948 962; x_wconf 87' lang='grc' dir='ltr'><strong><em>διὰ</em></strong></span> <span class='ocrx_word' id='word_1_101' title='bbox 979 925 1105 962; x_wconf 80' lang='grc' dir='ltr'><strong><em>ταῦτα</em></strong></span> <span class='ocrx_word' id='word_1_102' title='bbox 1138 920 1332 975; x_wconf 85' lang='grc' dir='ltr'><strong><em>συντριβὴ</em></strong></span> <span class='ocrx_word' id='word_1_103' title='bbox 1365 923 1451 962; x_wconf 89' lang='grc' dir='ltr'><strong><em>τῶν</em></strong></span> <span class='ocrx_word' id='word_1_104' title='bbox 1482 921 1732 975; x_wconf 75' lang='grc' dir='ltr'><strong><em>ἀνθρώπων</em></strong></span> 
     </span>
     <span class='ocr_line' id='line_1_12' title="bbox 233 989 1791 1045; baseline -0.001 -13"><span class='ocrx_word' id='word_1_105' title='bbox 233 989 304 1032; x_wconf 87' lang='grc' dir='ltr'><strong><em>καὶ</em></strong></span> <span class='ocrx_word' id='word_1_106' title='bbox 341 990 531 1044; x_wconf 81' lang='grc' dir='ltr'><strong><em>ὀδυρμὸς</em></strong></span> <span class='ocrx_word' id='word_1_107' title='bbox 565 994 792 1045; x_wconf 85' lang='grc' dir='ltr'><strong><em>πανταχοῦ.</em></strong></span> <span class='ocrx_word' id='word_1_108' title='bbox 855 989 958 1031; x_wconf 84' lang='grc' dir='ltr'><strong><em>ἀλλὰ</em></strong></span> <span class='ocrx_word' id='word_1_109' title='bbox 996 990 1149 1045; x_wconf 86' lang='grc' dir='ltr'><strong><em>ταύτην</em></strong></span> <span class='ocrx_word' id='word_1_110' title='bbox 1188 989 1380 1044; x_wconf 75' lang='grc' dir='ltr'><strong><em>ἐκκόψας</em></strong></span> <span class='ocrx_word' id='word_1_111' title='bbox 1418 989 1492 1045; x_wconf 88' lang='grc' dir='ltr'><strong><em>τὴν</em></strong></span> <span class='ocrx_word' id='word_1_112' title='bbox 1529 989 1732 1045; x_wconf 83' lang='grc' dir='ltr'><strong><em>εἰσφορὰν</em></strong></span> <span class='ocrx_word' id='word_1_113' title='bbox 1748 994 1791 1030; x_wconf 88' lang='grc'><strong><em>14</em></strong></span> 
     </span>
     <span class='ocr_line' id='line_1_13' title="bbox 234 1058 1732 1114; baseline -0.001 -13"><span class='ocrx_word' id='word_1_114' title='bbox 234 1059 259 1101; x_wconf 84' lang='grc' dir='ltr'>ὁ</span> <span class='ocrx_word' id='word_1_115' title='bbox 283 1059 475 1114; x_wconf 82' lang='grc' dir='ltr'><strong><em>βασιλεὺς</em></strong></span> <span class='ocrx_word' id='word_1_116' title='bbox 489 1059 755 1106; x_wconf 87' lang='grc' dir='ltr'><strong><em>Ἀναστάσιος</em></strong></span> <span class='ocrx_word' id='word_1_117' title='bbox 785 1059 856 1101; x_wconf 83' lang='grc' dir='ltr'><strong><em>καὶ</em></strong></span> <span class='ocrx_word' id='word_1_118' title='bbox 887 1058 1016 1106; x_wconf 76' lang='grc' dir='ltr'><strong><em>αὐτὰς</em></strong></span> <span class='ocrx_word' id='word_1_119' title='bbox 1045 1058 1119 1106; x_wconf 87' lang='grc' dir='ltr'><strong><em>τὰς</em></strong></span> <span class='ocrx_word' id='word_1_120' title='bbox 1149 1059 1243 1113; x_wconf 83' lang='grc' dir='ltr'><strong><em>περὶ</em></strong></span> <span class='ocrx_word' id='word_1_121' title='bbox 1273 1059 1424 1114; x_wconf 87' lang='grc' dir='ltr'><strong><em>ταύτης</em></strong></span> <span class='ocrx_word' id='word_1_122' title='bbox 1454 1058 1732 1114; x_wconf 81' lang='grc' dir='ltr'><strong><em>καταγραφὰς</em></strong></span> 
     </span>
     <span class='ocr_line' id='line_1_14' title="bbox 233 1127 1790 1184; baseline -0.001 -15"><span class='ocrx_word' id='word_1_123' title='bbox 233 1129 416 1171; x_wconf 82' lang='grc' dir='ltr'><strong><em>ἐναντίον</em></strong></span> <span class='ocrx_word' id='word_1_124' title='bbox 445 1132 519 1170; x_wconf 83' lang='grc' dir='ltr'><strong><em>τοῦ</em></strong></span> <span class='ocrx_word' id='word_1_125' title='bbox 552 1129 692 1184; x_wconf 88' lang='grc' dir='ltr'><strong><em>δήμου</em></strong></span> <span class='ocrx_word' id='word_1_126' title='bbox 723 1129 979 1170; x_wconf 85' lang='grc' dir='ltr'><strong><em>κατέκαυσεν</em></strong></span> <span class='ocrx_word' id='word_1_127' title='bbox 1011 1129 1054 1170; x_wconf 83' lang='grc' dir='ltr'><strong><em>ἒν</em></strong></span> <span class='ocrx_word' id='word_1_128' title='bbox 1084 1133 1146 1182; x_wconf 77' lang='grc' dir='ltr'><strong><em>τῷ</em></strong></span> <span class='ocrx_word' id='word_1_129' title='bbox 1170 1127 1362 1169; x_wconf 64' lang='lat' dir='ltr'><strong><em>‘Im-ccxcii·</em></strong></span> <span class='ocrx_word' id='word_1_130' title='bbox 1394 1128 1466 1170; x_wconf 86' lang='grc' dir='ltr'><strong><em>καὶ</em></strong></span> <span class='ocrx_word' id='word_1_131' title='bbox 1497 1127 1549 1182; x_wconf 85' lang='grc' dir='ltr'><strong><em>ἦν</em></strong></span> <span class='ocrx_word' id='word_1_132' title='bbox 1578 1128 1656 1182; x_wconf 86' lang='grc' dir='ltr'><strong><em>μὲν</em></strong></span> <span class='ocrx_word' id='word_1_133' title='bbox 1687 1129 1731 1169; x_wconf 80' lang='grc' dir='ltr'><strong><em>ἐν</em></strong></span> <span class='ocrx_word' id='word_1_134' title='bbox 1748 1133 1790 1169; x_wconf 84' lang='grc'><strong><em>15</em></strong></span> 
     </span>
     <span class='ocr_line' id='line_1_15' title="bbox 20 1197 1780 1253; baseline 0.001 -17"><span class='ocrx_word' id='word_1_135' title='bbox 20 1197 56 1236; x_wconf 77' lang='lat'><strong><em>1)</em></strong></span> <span class='ocrx_word' id='word_1_136' title='bbox 75 1201 128 1237; x_wconf 88' lang='lat'><strong><em>111</em></strong></span> <span class='ocrx_word' id='word_1_137' title='bbox 150 1205 220 1237; x_wconf 68' lang='lat'><em>&#39;2260</em></span> <span class='ocrx_word' id='word_1_138' title='bbox 231 1199 390 1245; x_wconf 86' lang='grc' dir='ltr'><strong><em>τούτοις</em></strong></span> <span class='ocrx_word' id='word_1_139' title='bbox 420 1198 636 1253; x_wconf 81' lang='grc' dir='ltr'><strong><em>φιλότιμος</em></strong></span> <span class='ocrx_word' id='word_1_140' title='bbox 666 1197 738 1239; x_wconf 86' lang='grc' dir='ltr'><strong><em>καὶ</em></strong></span> <span class='ocrx_word' id='word_1_141' title='bbox 767 1198 841 1252; x_wconf 84' lang='grc' dir='ltr'><strong><em>τὴν</em></strong></span> <span class='ocrx_word' id='word_1_142' title='bbox 871 1200 956 1239; x_wconf 87' lang='grc' dir='ltr'><strong><em>τῶν</em></strong></span> <span class='ocrx_word' id='word_1_143' title='bbox 987 1197 1210 1238; x_wconf 87' lang='grc' dir='ltr'><strong><em>πολιτικῶν</em></strong></span> <span class='ocrx_word' id='word_1_144' title='bbox 1240 1197 1504 1251; x_wconf 84' lang='grc' dir='ltr'><strong><em>πραγμάτων</em></strong></span> <span class='ocrx_word' id='word_1_145' title='bbox 1530 1197 1780 1252; x_wconf 90' lang='grc' dir='ltr'><strong><em>διοίκησινΙ)</em></strong></span> 
     </span>
     <span class='ocr_line' id='line_1_16' title="bbox 176 1265 1790 1322; baseline -0.001 -15"><span class='ocrx_word' id='word_1_146' title='bbox 176 1274 217 1309; x_wconf 53' lang='lat'><strong><em>10</em></strong></span> <span class='ocrx_word' id='word_1_147' title='bbox 230 1268 375 1315; x_wconf 88' lang='grc' dir='ltr'><strong><em>καλως</em></strong></span> <span class='ocrx_word' id='word_1_148' title='bbox 409 1267 725 1322; x_wconf 83' lang='grc' dir='ltr'><strong><em>μετερχόμενος.</em></strong></span> <span class='ocrx_word' id='word_1_149' title='bbox 786 1265 859 1313; x_wconf 82' lang='grc' dir='ltr'><strong><em>τὰς</em></strong></span> <span class='ocrx_word' id='word_1_150' title='bbox 890 1265 969 1320; x_wconf 85' lang='grc' dir='ltr'><strong><em>γὰρ</em></strong></span> <span class='ocrx_word' id='word_1_151' title='bbox 1007 1265 1218 1312; x_wconf 87' lang='grc' dir='ltr'><strong><em>πολιτικὰς</em></strong></span> <span class='ocrx_word' id='word_1_152' title='bbox 1249 1265 1383 1320; x_wconf 85' lang='grc' dir='ltr'><strong><em>ἀρχὰς</em></strong></span> <span class='ocrx_word' id='word_1_153' title='bbox 1415 1266 1569 1312; x_wconf 85' lang='grc' dir='ltr'><strong><em>ὠνίους</em></strong></span> <span class='ocrx_word' id='word_1_154' title='bbox 1598 1281 1728 1319; x_wconf 87' lang='grc' dir='ltr'><strong><em>παρε-</em></strong></span> <span class='ocrx_word' id='word_1_155' title='bbox 1747 1272 1790 1306; x_wconf 69' lang='lat'><strong><em>1⁴5</em></strong></span> 
     </span>
     <span class='ocr_line' id='line_1_17' title="bbox 229 1333 1788 1392; baseline -0.003 -13"><span class='ocrx_word' id='word_1_156' title='bbox 229 1338 413 1392; x_wconf 86' lang='grc' dir='ltr'><strong><em>χομένας</em></strong></span> <span class='ocrx_word' id='word_1_157' title='bbox 443 1336 489 1379; x_wconf 84' lang='grc' dir='ltr'><strong><em>τὸ</em></strong></span> <span class='ocrx_word' id='word_1_158' title='bbox 519 1336 617 1390; x_wconf 85' lang='grc' dir='ltr'><strong><em>πρὶν</em></strong></span> <span class='ocrx_word' id='word_1_159' title='bbox 648 1336 805 1382; x_wconf 80' lang='grc' dir='ltr'><strong><em>ἐκεῖνος</em></strong></span> <span class='ocrx_word' id='word_1_160' title='bbox 835 1335 1045 1390; x_wconf 77' lang='grc' dir='ltr'><strong><em>ἀμίσθους</em></strong></span> <span class='ocrx_word' id='word_1_161' title='bbox 1076 1334 1228 1377; x_wconf 80' lang='grc' dir='ltr'><strong><em>ἐδίδου.</em></strong></span> <span class='ocrx_word' id='word_1_162' title='bbox 1289 1334 1383 1388; x_wconf 85' lang='grc' dir='ltr'><strong><em>περὶ</em></strong></span> <span class='ocrx_word' id='word_1_163' title='bbox 1416 1334 1461 1376; x_wconf 83' lang='grc' dir='ltr'><strong><em>δὲ</em></strong></span> <span class='ocrx_word' id='word_1_164' title='bbox 1491 1334 1565 1389; x_wconf 84' lang='grc' dir='ltr'><strong><em>τὴν</em></strong></span> <span class='ocrx_word' id='word_1_165' title='bbox 1596 1335 1653 1380; x_wconf 85' lang='grc' dir='ltr'><strong><em>εἰς</em></strong></span> <span class='ocrx_word' id='word_1_166' title='bbox 1683 1333 1729 1376; x_wconf 87' lang='grc' dir='ltr'><strong><em>τὸ</em></strong></span> <span class='ocrx_word' id='word_1_167' title='bbox 1747 1341 1788 1376; x_wconf 83' lang='grc'><strong><em>17</em></strong></span> 
     </span>
    </p>
   </div>
   <div class='ocr_carea' id='block_1_3' title="bbox 0 0 94 2068">
    <p class='ocr_par' dir='ltr' id='par_1_3' title="bbox 0 0 94 2068">
     <span class='ocr_line' id='line_1_18' title="bbox 0 0 94 2068; baseline 0 -899"><span class='ocrx_word' id='word_1_168' title='bbox 0 0 94 2068; x_wconf 95' lang='lat' dir='ltr'><strong><em>   </em></strong></span> 
     </span>
    </p>
   </div>
   <div class='ocr_carea' id='block_1_4' title="bbox 228 1465 1729 1609">
    <p class='ocr_par' dir='ltr' id='par_1_4' title="bbox 228 1465 1729 1609">
     <span class='ocr_line' id='line_1_19' title="bbox 231 1465 1728 1513; baseline -0.001 -11"><span class='ocrx_word' id='word_1_169' title='bbox 231 1468 249 1502; x_wconf 96' lang='grc'><strong><em>1</em></strong></span> <span class='ocrx_word' id='word_1_170' title='bbox 277 1468 326 1502; x_wconf 82' lang='grc' dir='ltr'><strong><em>ὅτι</em></strong></span> <span class='ocrx_word' id='word_1_171' title='bbox 348 1467 576 1513; x_wconf 84' lang='grc' dir='ltr'><strong><em>χρεωκοπίαν</em></strong></span> <span class='ocrx_word' id='word_1_172' title='bbox 600 1468 734 1512; x_wconf 85' lang='grc' dir='ltr'><strong><em>(χρεοκ.</em></strong></span> <span class='ocrx_word' id='word_1_173' title='bbox 751 1465 794 1509; x_wconf 90' lang='lat' dir='ltr'><strong><em>C)</em></strong></span> <span class='ocrx_word' id='word_1_174' title='bbox 820 1467 841 1501; x_wconf 84' lang='grc' dir='ltr'>ὁ</span> <span class='ocrx_word' id='word_1_175' title='bbox 860 1465 1074 1504; x_wconf 80' lang='grc' dir='ltr'><strong><em>Ἀναστάσιος</em></strong></span> <span class='ocrx_word' id='word_1_176' title='bbox 1100 1465 1200 1500; x_wconf 73' lang='grc' dir='ltr'><strong><em>ἔθετο</em></strong></span> <span class='ocrx_word' id='word_1_177' title='bbox 1226 1465 1286 1501; x_wconf 85' lang='grc' dir='ltr'><strong><em>καὶ</em></strong></span> <span class='ocrx_word' id='word_1_178' title='bbox 1311 1465 1369 1501; x_wconf 84' lang='grc' dir='ltr'><strong><em>τὸν</em></strong></span> <span class='ocrx_word' id='word_1_179' title='bbox 1394 1470 1454 1501; x_wconf 83' lang='grc' dir='ltr'><strong><em>τοῦ</em></strong></span> <span class='ocrx_word' id='word_1_180' title='bbox 1477 1466 1728 1511; x_wconf 83' lang='grc' dir='ltr'><strong><em>χρ·1·σαργύρσυ</em></strong></span> 
     </span>
     <span class='ocr_line' id='line_1_20' title="bbox 229 1513 1729 1560; baseline -0.001 -10"><span class='ocrx_word' id='word_1_181' title='bbox 229 1515 364 1559; x_wconf 82' lang='grc' dir='ltr'><strong><em>δασμὸν</em></strong></span> <span class='ocrx_word' id='word_1_182' title='bbox 388 1515 562 1560; x_wconf 78' lang='grc' dir='ltr'><strong><em>ἐξέκοψεν</em></strong></span> <span class='ocrx_word' id='word_1_183' title='bbox 587 1515 714 1560; x_wconf 79' lang='grc' dir='ltr'><strong><em>(ἔκοψε</em></strong></span> <span class='ocrx_word' id='word_1_184' title='bbox 741 1514 786 1557; x_wconf 87' lang='grc' dir='ltr'><strong><em>Ε)</em></strong></span> <span class='ocrx_word' id='word_1_185' title='bbox 815 1513 878 1550; x_wconf 84' lang='lat' dir='ltr'><strong><em>CE</em></strong></span> <span class='ocrx_word' id='word_1_186' title='bbox 977 1513 1021 1549; x_wconf 89' lang='grc'><strong>16</strong></span> <span class='ocrx_word' id='word_1_187' title='bbox 1047 1515 1096 1548; x_wconf 85' lang='grc' dir='ltr'><strong><em>ὅτι</em></strong></span> <span class='ocrx_word' id='word_1_188' title='bbox 1121 1518 1182 1558; x_wconf 85' lang='grc' dir='ltr'><strong><em>τῆς</em></strong></span> <span class='ocrx_word' id='word_1_189' title='bbox 1209 1518 1279 1548; x_wconf 84' lang='grc' dir='ltr'><strong><em>τῶν</em></strong></span> <span class='ocrx_word' id='word_1_190' title='bbox 1296 1514 1534 1559; x_wconf 87' lang='grc' dir='ltr'><strong><em>Συγχυτικῶν</em></strong></span> <span class='ocrx_word' id='word_1_191' title='bbox 1559 1513 1729 1559; x_wconf 85' lang='grc' dir='ltr'><strong><em>αἱρέσεως</em></strong></span> 
     </span>
     <span class='ocr_line' id='line_1_21' title="bbox 228 1561 1728 1609; baseline -0.001 -11"><span class='ocrx_word' id='word_1_192' title='bbox 228 1564 249 1598; x_wconf 83' lang='grc' dir='ltr'>ὁ</span> <span class='ocrx_word' id='word_1_193' title='bbox 269 1563 487 1602; x_wconf 85' lang='grc' dir='ltr'><strong><em>Ἆναστάσιος</em></strong></span> <span class='ocrx_word' id='word_1_194' title='bbox 512 1562 666 1609; x_wconf 87' lang='grc' dir='ltr'><strong><em>γεγονὼς</em></strong></span> <span class='ocrx_word' id='word_1_195' title='bbox 691 1562 750 1598; x_wconf 84' lang='grc' dir='ltr'><strong><em>τὸν</em></strong></span> <span class='ocrx_word' id='word_1_196' title='bbox 772 1562 994 1608; x_wconf 86' lang='grc' dir='ltr'><strong><em>πατριάρχην</em></strong></span> <span class='ocrx_word' id='word_1_197' title='bbox 1021 1561 1115 1607; x_wconf 82' lang='grc' dir='ltr'><strong><em>(τοὺς</em></strong></span> <span class='ocrx_word' id='word_1_198' title='bbox 1134 1561 1355 1607; x_wconf 87' lang='grc' dir='ltr'><strong><em>πατριάρχας</em></strong></span> <span class='ocrx_word' id='word_1_199' title='bbox 1382 1561 1426 1604; x_wconf 83' lang='grc' dir='ltr'><strong><em>Ε)</em></strong></span> <span class='ocrx_word' id='word_1_200' title='bbox 1452 1561 1601 1607; x_wconf 78' lang='grc' dir='ltr'><strong><em>ἐξώρισε</em></strong></span> <span class='ocrx_word' id='word_1_201' title='bbox 1628 1562 1728 1607; x_wconf 82' lang='grc' dir='ltr'>(ἐξώ-</span> 
     </span>
    </p>
   </div>
   <div class='ocr_carea' id='block_1_5' title="bbox 19 1610 489 1656">
    <p class='ocr_par' dir='ltr' id='par_1_5' title="bbox 19 1610 489 1656">
     <span class='ocr_line' id='line_1_22' title="bbox 19 1610 489 1656; baseline -0.002 -9"><span class='ocrx_word' id='word_1_202' title='bbox 19 1627 35 1647; x_wconf 62' lang='lat' dir='ltr'>s</span> <span class='ocrx_word' id='word_1_203' title='bbox 228 1625 325 1656; x_wconf 84' lang='grc' dir='ltr'><strong><em>ρισεν</em></strong></span> <span class='ocrx_word' id='word_1_204' title='bbox 350 1611 396 1653; x_wconf 87' lang='grc' dir='ltr'><strong><em>Ε)</em></strong></span> <span class='ocrx_word' id='word_1_205' title='bbox 427 1610 489 1648; x_wconf 86' lang='lat' dir='ltr'><strong><em>CE</em></strong></span> 
     </span>
    </p>
   </div>
   <div class='ocr_carea' id='block_1_6' title="bbox 296 1729 1727 2208">
    <p class='ocr_par' dir='ltr' id='par_1_6' title="bbox 296 1729 1727 2208">
     <span class='ocr_line' id='line_1_23' title="bbox 301 1729 1727 1777; baseline -0.001 -11"><span class='ocrx_word' id='word_1_206' title='bbox 301 1731 320 1766; x_wconf 94' lang='lat'>1</span> <span class='ocrx_word' id='word_1_207' title='bbox 347 1731 477 1766; x_wconf 76' lang='grc' dir='ltr'><strong><em>ἐτέλεσε</em></strong></span> <span class='ocrx_word' id='word_1_208' title='bbox 503 1729 672 1777; x_wconf 81' lang='lat' dir='ltr'><strong><em>prDi,</em></strong></span> <span class='ocrx_word' id='word_1_209' title='bbox 697 1731 848 1766; x_wconf 81' lang='grc' dir='ltr'><strong><em>ἐτέλεσεν</em></strong></span> <span class='ocrx_word' id='word_1_210' title='bbox 874 1729 920 1775; x_wconf 88' lang='grc' dir='ltr'><strong><em>Α,</em></strong></span> <span class='ocrx_word' id='word_1_211' title='bbox 949 1742 985 1765; x_wconf 87' lang='lat' dir='ltr'><strong><em>v.</em></strong></span> <span class='ocrx_word' id='word_1_212' title='bbox 1013 1730 1066 1765; x_wconf 82' lang='lat' dir='ltr'><strong><em>ad</em></strong></span> <span class='ocrx_word' id='word_1_213' title='bbox 1091 1729 1188 1765; x_wconf 87' lang='lat' dir='ltr'>XIII</span> <span class='ocrx_word' id='word_1_214' title='bbox 1214 1730 1246 1772; x_wconf 85' lang='lat'><strong><em>1,</em></strong></span> <span class='ocrx_word' id='word_1_215' title='bbox 1270 1730 1293 1766; x_wconf 85' lang='lat'>5</span> <span class='ocrx_word' id='word_1_216' title='bbox 1395 1729 1418 1764; x_wconf 81' lang='lat'><strong>2</strong></span> <span class='ocrx_word' id='word_1_217' title='bbox 1445 1729 1484 1766; x_wconf 85' lang='grc' dir='ltr'><strong><em>δὲ</em></strong></span> <span class='ocrx_word' id='word_1_218' title='bbox 1510 1740 1586 1766; x_wconf 90' lang='lat' dir='ltr'><strong><em>om.</em></strong></span> <span class='ocrx_word' id='word_1_219' title='bbox 1613 1730 1727 1766; x_wconf 80' lang='lat' dir='ltr'><strong>initio</strong></span> 
     </span>
     <span class='ocr_line' id='line_1_24' title="bbox 301 1777 1726 1823; baseline -0.001 -9"><span class='ocrx_word' id='word_1_220' title='bbox 301 1789 444 1815; x_wconf 83' lang='lat' dir='ltr'><strong>versus</strong></span> <span class='ocrx_word' id='word_1_221' title='bbox 470 1778 499 1816; x_wconf 88' lang='lat' dir='ltr'>C</span> <span class='ocrx_word' id='word_1_222' title='bbox 611 1779 804 1820; x_wconf 85' lang='grc' dir='ltr'><strong><em>ἕπιέζοντος</em></strong></span> <span class='ocrx_word' id='word_1_223' title='bbox 830 1779 876 1823; x_wconf 91' lang='lat' dir='ltr'><strong><em>D,</em></strong></span> <span class='ocrx_word' id='word_1_224' title='bbox 908 1789 1008 1814; x_wconf 77' lang='lat' dir='ltr'><strong>corr.</strong></span> <span class='ocrx_word' id='word_1_225' title='bbox 1036 1777 1105 1816; x_wconf 88' lang='lat' dir='ltr'><strong><em>Dw</em></strong></span> <span class='ocrx_word' id='word_1_226' title='bbox 1227 1778 1250 1813; x_wconf 90' lang='lat'><strong>3</strong></span> <span class='ocrx_word' id='word_1_227' title='bbox 1276 1783 1376 1814; x_wconf 87' lang='grc' dir='ltr'><strong><em>τοῦτο</em></strong></span> <span class='ocrx_word' id='word_1_228' title='bbox 1404 1777 1435 1814; x_wconf 92' lang='grc' dir='ltr'><strong>Ο</strong></span> <span class='ocrx_word' id='word_1_229' title='bbox 1549 1779 1571 1812; x_wconf 78' lang='grc' dir='ltr'>ὁ</span> <span class='ocrx_word' id='word_1_230' title='bbox 1594 1778 1726 1822; x_wconf 83' lang='grc' dir='ltr'><strong><em>δασμὸς</em></strong></span> 
     </span>
     <span class='ocr_line' id='line_1_25' title="bbox 300 1826 1726 1872; baseline 0.001 -10"><span class='ocrx_word' id='word_1_231' title='bbox 300 1832 360 1863; x_wconf 81' lang='grc' dir='ltr'><strong><em>τοῦ</em></strong></span> <span class='ocrx_word' id='word_1_232' title='bbox 377 1841 434 1872; x_wconf 86' lang='grc' dir='ltr'><strong><em>χρ.</em></strong></span> <span class='ocrx_word' id='word_1_233' title='bbox 453 1827 485 1862; x_wconf 91' lang='grc' dir='ltr'><strong>Β</strong></span> <span class='ocrx_word' id='word_1_234' title='bbox 582 1827 605 1863; x_wconf 87' lang='lat'>5</span> <span class='ocrx_word' id='word_1_235' title='bbox 629 1827 768 1862; x_wconf 87' lang='grc' dir='ltr'><strong><em>πόλεσιν</em></strong></span> <span class='ocrx_word' id='word_1_236' title='bbox 785 1827 1058 1872; x_wconf 79' lang='grc' dir='ltr'><strong><em>ἐνδιατρίβοντες</em></strong></span> <span class='ocrx_word' id='word_1_237' title='bbox 1076 1827 1107 1861; x_wconf 84' lang='grc' dir='ltr'>Ε</span> <span class='ocrx_word' id='word_1_238' title='bbox 1205 1826 1227 1861; x_wconf 91' lang='grc'>6</span> <span class='ocrx_word' id='word_1_239' title='bbox 1253 1826 1453 1872; x_wconf 84' lang='grc' dir='ltr'><strong><em>ἠνάγκαζον</em></strong></span> <span class='ocrx_word' id='word_1_240' title='bbox 1468 1826 1515 1870; x_wconf 90' lang='lat' dir='ltr'><strong><em>D,</em></strong></span> <span class='ocrx_word' id='word_1_241' title='bbox 1544 1837 1645 1862; x_wconf 79' lang='lat' dir='ltr'><strong>corr.</strong></span> <span class='ocrx_word' id='word_1_242' title='bbox 1658 1826 1726 1865; x_wconf 89' lang='lat' dir='ltr'><strong><em>I)w</em></strong></span> 
     </span>
     <span class='ocr_line' id='line_1_26' title="bbox 299 1873 1726 1934; baseline -0.001 -23"><span class='ocrx_word' id='word_1_243' title='bbox 299 1875 322 1910; x_wconf 85' lang='lat'><strong>7</strong></span> <span class='ocrx_word' id='word_1_244' title='bbox 348 1878 443 1911; x_wconf 84' lang='lat' dir='ltr'><strong>ante</strong></span> <span class='ocrx_word' id='word_1_245' title='bbox 467 1876 560 1910; x_wconf 90' lang='grc' dir='ltr'><strong><em>ὄνων</em></strong></span> <span class='ocrx_word' id='word_1_246' title='bbox 586 1875 678 1910; x_wconf 80' lang='lat' dir='ltr'>add.</span> <span class='ocrx_word' id='word_1_247' title='bbox 705 1875 765 1910; x_wconf 82' lang='grc' dir='ltr'><strong><em>καὶ</em></strong></span> <span class='ocrx_word' id='word_1_248' title='bbox 787 1875 818 1910; x_wconf 85' lang='grc' dir='ltr'>Ε</span> <span class='ocrx_word' id='word_1_249' title='bbox 916 1875 938 1910; x_wconf 92' lang='grc'>8</span> <span class='ocrx_word' id='word_1_250' title='bbox 963 1874 1168 1920; x_wconf 73' lang='grc' dir='ltr'><strong><em>ἀνθρώπων</em></strong></span> <span class='ocrx_word' id='word_1_251' title='bbox 1192 1873 1258 1918; x_wconf 83' lang='grc' dir='ltr'><strong><em>μὲν</em></strong></span> <span class='ocrx_word' id='word_1_252' title='bbox 1282 1874 1431 1909; x_wconf 79' lang='grc' dir='ltr'><strong><em>ἑκάστου</em></strong></span> <span class='ocrx_word' id='word_1_253' title='bbox 1457 1873 1503 1918; x_wconf 87' lang='grc' dir='ltr'><strong><em>Α,</em></strong></span> <span class='ocrx_word' id='word_1_254' title='bbox 1530 1874 1726 1934; x_wconf 70' lang='grc' dir='ltr'><strong><em>ἀνθρώπου</em></strong></span> 
     </span>
     <span class='ocr_line' id='line_1_27' title="bbox 297 1921 1725 1967; baseline -0.001 -9"><span class='ocrx_word' id='word_1_255' title='bbox 297 1922 362 1967; x_wconf 86' lang='grc' dir='ltr'><strong><em>μὲν</em></strong></span> <span class='ocrx_word' id='word_1_256' title='bbox 387 1923 537 1958; x_wconf 76' lang='grc' dir='ltr'><strong><em>ἑκάστου</em></strong></span> <span class='ocrx_word' id='word_1_257' title='bbox 563 1923 606 1967; x_wconf 89' lang='grc' dir='ltr'><strong><em>Ε,</em></strong></span> <span class='ocrx_word' id='word_1_258' title='bbox 631 1922 780 1958; x_wconf 80' lang='grc' dir='ltr'><strong><em>ἑκάστου</em></strong></span> <span class='ocrx_word' id='word_1_259' title='bbox 805 1922 870 1967; x_wconf 85' lang='grc' dir='ltr'><strong><em>μὲν</em></strong></span> <span class='ocrx_word' id='word_1_260' title='bbox 895 1922 1090 1967; x_wconf 60' lang='grc' dir='ltr'><strong><em>ἀνθρώπου</em></strong></span> <span class='ocrx_word' id='word_1_261' title='bbox 1120 1921 1217 1967; x_wconf 85' lang='lat' dir='ltr'><strong>pr</strong></span> <span class='ocrx_word' id='word_1_262' title='bbox 1317 1922 1420 1957; x_wconf 87' lang='grc' dir='ltr'><strong>9.1Ο</strong></span> <span class='ocrx_word' id='word_1_263' title='bbox 1444 1936 1504 1957; x_wconf 86' lang='grc' dir='ltr'><strong><em>και</em></strong></span> <span class='ocrx_word' id='word_1_264' title='bbox 1530 1922 1636 1961; x_wconf 85' lang='grc' dir='ltr'><strong><em>κυνὸς</em></strong></span> <span class='ocrx_word' id='word_1_265' title='bbox 1662 1924 1725 1967; x_wconf 76' lang='grc' dir='ltr'><strong><em>φό-</em></strong></span> 
     </span>
     <span class='ocr_line' id='line_1_28' title="bbox 298 1969 1724 2016; baseline -0.001 -10"><span class='ocrx_word' id='word_1_266' title='bbox 298 1971 365 2010; x_wconf 87' lang='grc' dir='ltr'><strong><em>λεις</em></strong></span> <span class='ocrx_word' id='word_1_267' title='bbox 390 1971 430 2013; x_wconf 80' lang='grc' dir='ltr'><strong><em>ἕξ</em></strong></span> <span class='ocrx_word' id='word_1_268' title='bbox 454 1969 534 2014; x_wconf 87' lang='grc' dir='ltr'><strong><em>ΑΕ,</em></strong></span> <span class='ocrx_word' id='word_1_269' title='bbox 567 1971 688 2016; x_wconf 75' lang='grc' dir='ltr'><strong><em>φόλεις</em></strong></span> <span class='ocrx_word' id='word_1_270' title='bbox 714 1970 871 2016; x_wconf 80' lang='grc' dir='ltr'><strong><em>(φόλλεις</em></strong></span> <span class='ocrx_word' id='word_1_271' title='bbox 896 1969 966 2013; x_wconf 81' lang='lat' dir='ltr'><strong><em>Di)</em></strong></span> <span class='ocrx_word' id='word_1_272' title='bbox 992 1971 1040 2014; x_wconf 67' lang='grc' dir='ltr'><strong><em>ἐξ,</em></strong></span> <span class='ocrx_word' id='word_1_273' title='bbox 1067 1970 1200 2014; x_wconf 85' lang='grc' dir='ltr'><strong><em>ὁμοίως</em></strong></span> <span class='ocrx_word' id='word_1_274' title='bbox 1227 1969 1266 2004; x_wconf 84' lang='grc' dir='ltr'><strong><em>δὲ</em></strong></span> <span class='ocrx_word' id='word_1_275' title='bbox 1291 1969 1346 2011; x_wconf 84' lang='grc' dir='ltr'><strong><em>(δὲ</em></strong></span> <span class='ocrx_word' id='word_1_276' title='bbox 1372 1981 1447 2005; x_wconf 88' lang='lat' dir='ltr'><strong><em>om.</em></strong></span> <span class='ocrx_word' id='word_1_277' title='bbox 1474 1969 1524 2014; x_wconf 94' lang='lat' dir='ltr'><strong><em>D)</em></strong></span> <span class='ocrx_word' id='word_1_278' title='bbox 1552 1984 1612 2005; x_wconf 86' lang='grc' dir='ltr'><strong><em>και</em></strong></span> <span class='ocrx_word' id='word_1_279' title='bbox 1637 1969 1724 2015; x_wconf 80' lang='grc' dir='ltr'><strong><em>ὑπὲρ</em></strong></span> 
     </span>
     <span class='ocr_line' id='line_1_29' title="bbox 298 2017 1726 2064; baseline -0.001 -10"><span class='ocrx_word' id='word_1_280' title='bbox 298 2020 404 2058; x_wconf 84' lang='grc' dir='ltr'><strong><em>κυνός</em></strong></span> <span class='ocrx_word' id='word_1_281' title='bbox 430 2017 604 2064; x_wconf 80' lang='lat' dir='ltr'><strong><em>prDi3</em></strong></span> <span class='ocrx_word' id='word_1_282' title='bbox 637 2018 687 2054; x_wconf 88' lang='lat' dir='ltr'><strong>de</strong></span> <span class='ocrx_word' id='word_1_283' title='bbox 713 2020 844 2054; x_wconf 82' lang='lat' dir='ltr'><strong>forma</strong></span> <span class='ocrx_word' id='word_1_284' title='bbox 870 2019 989 2064; x_wconf 77' lang='grc' dir='ltr'><strong><em>ῳόλεις</em></strong></span> <span class='ocrx_word' id='word_1_285' title='bbox 1014 2029 1051 2053; x_wconf 92' lang='lat' dir='ltr'><strong><em>v.</em></strong></span> <span class='ocrx_word' id='word_1_286' title='bbox 1078 2017 1150 2053; x_wconf 91' lang='lat' dir='ltr'><strong><em>XV</em></strong></span> <span class='ocrx_word' id='word_1_287' title='bbox 1175 2017 1269 2062; x_wconf 86' lang='grc'><strong>4,16</strong></span> <span class='ocrx_word' id='word_1_288' title='bbox 1295 2021 1334 2053; x_wconf 87' lang='lat' dir='ltr'><strong><em>et</em></strong></span> <span class='ocrx_word' id='word_1_289' title='bbox 1361 2017 1574 2054; x_wconf 88' lang='lat' dir='ltr'><strong>Gelzerum</strong></span> <span class='ocrx_word' id='word_1_290' title='bbox 1603 2019 1726 2054; x_wconf 81' lang='lat' dir='ltr'><strong>Leon-</strong></span> 
     </span>
     <span class='ocr_line' id='line_1_30' title="bbox 298 2065 1725 2112; baseline 0.001 -11"><span class='ocrx_word' id='word_1_291' title='bbox 298 2065 376 2102; x_wconf 74' lang='lat' dir='ltr'><strong>tios</strong></span> <span class='ocrx_word' id='word_1_292' title='bbox 401 2077 479 2102; x_wconf 81' lang='lat' dir='ltr'><strong><em>von</em></strong></span> <span class='ocrx_word' id='word_1_293' title='bbox 506 2065 702 2111; x_wconf 83' lang='lat' dir='ltr'><em>Neapolis</em></span> <span class='ocrx_word' id='word_1_294' title='bbox 728 2065 834 2101; x_wconf 79' lang='lat' dir='ltr'><strong>Frib.</strong></span> <span class='ocrx_word' id='word_1_295' title='bbox 862 2070 901 2102; x_wconf 85' lang='lat' dir='ltr'><strong><em>et</em></strong></span> <span class='ocrx_word' id='word_1_296' title='bbox 926 2065 1034 2112; x_wconf 87' lang='lat' dir='ltr'><strong>Lips.</strong></span> <span class='ocrx_word' id='word_1_297' title='bbox 1063 2065 1155 2101; x_wconf 89' lang='lat'>1893</span> <span class='ocrx_word' id='word_1_298' title='bbox 1181 2076 1218 2111; x_wconf 91' lang='lat' dir='ltr'><strong><em>p.</em></strong></span> <span class='ocrx_word' id='word_1_299' title='bbox 1245 2065 1302 2110; x_wconf 85' lang='lat'><strong><em>76,</em></strong></span> <span class='ocrx_word' id='word_1_300' title='bbox 1331 2066 1348 2100; x_wconf 92' lang='lat'>1</span> <span class='ocrx_word' id='word_1_301' title='bbox 1466 2066 1512 2100; x_wconf 89' lang='grc'><strong><em>10</em></strong></span> <span class='ocrx_word' id='word_1_302' title='bbox 1537 2065 1596 2102; x_wconf 83' lang='grc' dir='ltr'><strong><em>διὰ</em></strong></span> <span class='ocrx_word' id='word_1_303' title='bbox 1621 2071 1725 2102; x_wconf 82' lang='grc' dir='ltr'><strong><em>ταῦτα</em></strong></span> 
     </span>
     <span class='ocr_line' id='line_1_31' title="bbox 298 2113 1725 2159; baseline 0 -10"><span class='ocrx_word' id='word_1_304' title='bbox 298 2113 377 2158; x_wconf 87' lang='grc' dir='ltr'><strong><em>ΑΕ,</em></strong></span> <span class='ocrx_word' id='word_1_305' title='bbox 402 2114 565 2149; x_wconf 74' lang='grc' dir='ltr'><strong><em>ἐντεῦθεν</em></strong></span> <span class='ocrx_word' id='word_1_306' title='bbox 589 2114 633 2159; x_wconf 89' lang='lat' dir='ltr'><strong><em>R,</em></strong></span> <span class='ocrx_word' id='word_1_307' title='bbox 665 2114 857 2150; x_wconf 75' lang='grc' dir='ltr'><strong><em>κάντεῦθεν</em></strong></span> <span class='ocrx_word' id='word_1_308' title='bbox 882 2113 984 2159; x_wconf 87' lang='lat' dir='ltr'>pr</span> <span class='ocrx_word' id='word_1_309' title='bbox 1092 2114 1135 2149; x_wconf 86' lang='grc'><strong><em>11</em></strong></span> <span class='ocrx_word' id='word_1_310' title='bbox 1162 2113 1352 2159; x_wconf 80' lang='grc' dir='ltr'><strong><em>συμφορὰν</em></strong></span> <span class='ocrx_word' id='word_1_311' title='bbox 1380 2114 1411 2148; x_wconf 90' lang='grc' dir='ltr'>Ε</span> <span class='ocrx_word' id='word_1_312' title='bbox 1517 2114 1562 2149; x_wconf 80' lang='lat'><strong><em>1‘2</em></strong></span> <span class='ocrx_word' id='word_1_313' title='bbox 1587 2114 1608 2148; x_wconf 82' lang='grc' dir='ltr'>ὁ</span> <span class='ocrx_word' id='word_1_314' title='bbox 1629 2114 1725 2159; x_wconf 84' lang='grc' dir='ltr'><strong><em>βασι-</em></strong></span> 
     </span>
     <span class='ocr_line' id='line_1_32' title="bbox 296 2160 1677 2208; baseline 0 -10"><span class='ocrx_word' id='word_1_315' title='bbox 296 2161 376 2201; x_wconf 86' lang='grc' dir='ltr'><strong><em>λεὺς</em></strong></span> <span class='ocrx_word' id='word_1_316' title='bbox 403 2172 478 2198; x_wconf 88' lang='lat' dir='ltr'><strong><em>om.</em></strong></span> <span class='ocrx_word' id='word_1_317' title='bbox 504 2161 575 2197; x_wconf 85' lang='lat' dir='ltr'><strong><em>DE</em></strong></span> <span class='ocrx_word' id='word_1_318' title='bbox 707 2161 917 2208; x_wconf 84' lang='grc' dir='ltr'><strong><em>ἀπογραφὰς</em></strong></span> <span class='ocrx_word' id='word_1_319' title='bbox 944 2160 1115 2208; x_wconf 81' lang='lat' dir='ltr'><em>prDi‚</em></span> <span class='ocrx_word' id='word_1_320' title='bbox 1142 2172 1179 2197; x_wconf 84' lang='lat' dir='ltr'><strong><em>V.</em></strong></span> <span class='ocrx_word' id='word_1_321' title='bbox 1207 2160 1323 2198; x_wconf 82' lang='lat' dir='ltr'><strong>Cedr.</strong></span> <span class='ocrx_word' id='word_1_322' title='bbox 1350 2161 1367 2197; x_wconf 93' lang='grc' dir='ltr'>Ι</span> <span class='ocrx_word' id='word_1_323' title='bbox 1394 2173 1431 2208; x_wconf 86' lang='lat' dir='ltr'><strong><em>p.</em></strong></span> <span class='ocrx_word' id='word_1_324' title='bbox 1457 2161 1537 2205; x_wconf 83' lang='grc'><strong>627,</strong></span> <span class='ocrx_word' id='word_1_325' title='bbox 1566 2161 1612 2197; x_wconf 91' lang='grc'><strong><em>10</em></strong></span> <span class='ocrx_word' id='word_1_326' title='bbox 1626 2171 1677 2198; x_wconf 88' lang='lat' dir='ltr'><strong><em>ss.</em></strong></span> 
     </span>
    </p>
   </div>
   <div class='ocr_carea' id='block_1_7' title="bbox 225 2289 1783 2908">
    <p class='ocr_par' dir='ltr' id='par_1_7' title="bbox 225 2289 1783 2908">
     <span class='ocr_line' id='line_1_33' title="bbox 227 2289 1779 2336; baseline -0.001 -12"><span class='ocrx_word' id='word_1_327' title='bbox 227 2291 370 2326; x_wconf 81' lang='lat' dir='ltr'><strong>bravit.</strong></span> <span class='ocrx_word' id='word_1_328' title='bbox 422 2289 501 2327; x_wconf 89' lang='lat' dir='ltr'><strong>Sed</strong></span> <span class='ocrx_word' id='word_1_329' title='bbox 528 2291 624 2336; x_wconf 83' lang='lat' dir='ltr'><strong>quia</strong></span> <span class='ocrx_word' id='word_1_330' title='bbox 651 2291 839 2336; x_wconf 81' lang='lat' dir='ltr'><strong>vectigal,</strong></span> <span class='ocrx_word' id='word_1_331' title='bbox 867 2290 975 2335; x_wconf 81' lang='lat' dir='ltr'><strong>quod</strong></span> <span class='ocrx_word' id='word_1_332' title='bbox 1002 2290 1214 2326; x_wconf 80' lang='lat' dir='ltr'><strong>dicebatur</strong></span> <span class='ocrx_word' id='word_1_333' title='bbox 1238 2290 1493 2336; x_wconf 73' lang='grc' dir='ltr'><strong><em>χρυσάργυρον,</em></strong></span> <span class='ocrx_word' id='word_1_334' title='bbox 1521 2290 1724 2326; x_wconf 81' lang='lat' dir='ltr'><strong>subiectos</strong></span> <span class='ocrx_word' id='word_1_335' title='bbox 1741 2290 1779 2324; x_wconf 89' lang='lat'><strong><em>11</em></strong></span> 
     </span>
     <span class='ocr_line' id='line_1_34' title="bbox 227 2338 1783 2384; baseline -0.002 -10"><span class='ocrx_word' id='word_1_336' title='bbox 227 2338 445 2382; x_wconf 76' lang='lat' dir='ltr'><strong>premebat,</strong></span> <span class='ocrx_word' id='word_1_337' title='bbox 484 2339 605 2374; x_wconf 85' lang='lat' dir='ltr'><strong>etiam</strong></span> <span class='ocrx_word' id='word_1_338' title='bbox 637 2338 713 2373; x_wconf 85' lang='lat' dir='ltr'><strong><em>hoc</em></strong></span> <span class='ocrx_word' id='word_1_339' title='bbox 748 2338 936 2374; x_wconf 82' lang='lat' dir='ltr'><strong>abolevit.</strong></span> <span class='ocrx_word' id='word_1_340' title='bbox 988 2338 1088 2374; x_wconf 91' lang='lat' dir='ltr'><strong>Illud</strong></span> <span class='ocrx_word' id='word_1_341' title='bbox 1129 2341 1264 2374; x_wconf 82' lang='lat' dir='ltr'><strong>autem</strong></span> <span class='ocrx_word' id='word_1_342' title='bbox 1299 2339 1477 2384; x_wconf 82' lang='lat' dir='ltr'><strong>vectigal</strong></span> <span class='ocrx_word' id='word_1_343' title='bbox 1512 2342 1599 2374; x_wconf 86' lang='lat' dir='ltr'><strong>erat</strong></span> <span class='ocrx_word' id='word_1_344' title='bbox 1632 2339 1722 2374; x_wconf 83' lang='lat' dir='ltr'><strong>tale.</strong></span> <span class='ocrx_word' id='word_1_345' title='bbox 1740 2338 1783 2372; x_wconf 73' lang='lat'><strong><em>19</em></strong></span> 
     </span>
     <span class='ocr_line' id='line_1_35' title="bbox 225 2386 1723 2431; baseline 0.002 -12"><span class='ocrx_word' id='word_1_346' title='bbox 225 2386 373 2422; x_wconf 73' lang='lat' dir='ltr'><strong>Omnes</strong></span> <span class='ocrx_word' id='word_1_347' title='bbox 399 2390 437 2422; x_wconf 85' lang='lat' dir='ltr'><strong><em>et</em></strong></span> <span class='ocrx_word' id='word_1_348' title='bbox 467 2386 639 2422; x_wconf 81' lang='lat' dir='ltr'><strong>mendici</strong></span> <span class='ocrx_word' id='word_1_349' title='bbox 673 2390 711 2422; x_wconf 90' lang='lat' dir='ltr'><strong><em>et</em></strong></span> <span class='ocrx_word' id='word_1_350' title='bbox 747 2390 914 2431; x_wconf 70' lang='lat' dir='ltr'><strong>&lt;gentes</strong></span> <span class='ocrx_word' id='word_1_351' title='bbox 948 2391 986 2421; x_wconf 85' lang='lat' dir='ltr'><strong><em>et</em></strong></span> <span class='ocrx_word' id='word_1_352' title='bbox 1023 2386 1151 2421; x_wconf 84' lang='lat' dir='ltr'><strong>omnis</strong></span> <span class='ocrx_word' id='word_1_353' title='bbox 1184 2386 1375 2422; x_wconf 81' lang='lat' dir='ltr'>meretrix</span> <span class='ocrx_word' id='word_1_354' title='bbox 1412 2390 1452 2421; x_wconf 90' lang='lat' dir='ltr'><strong><em>et</em></strong></span> <span class='ocrx_word' id='word_1_355' title='bbox 1490 2387 1723 2431; x_wconf 82' lang='lat' dir='ltr'><strong>quicunque</strong></span> 
     </span>
     <span class='ocr_line' id='line_1_36' title="bbox 226 2434 1722 2479; baseline 0 -10"><span class='ocrx_word' id='word_1_356' title='bbox 226 2434 400 2470; x_wconf 85' lang='lat' dir='ltr'><strong>libertini</strong></span> <span class='ocrx_word' id='word_1_357' title='bbox 435 2434 475 2469; x_wconf 87' lang='lat' dir='ltr'><strong><em>in</em></strong></span> <span class='ocrx_word' id='word_1_358' title='bbox 508 2435 619 2479; x_wconf 72' lang='lat' dir='ltr'><strong>agris</strong></span> <span class='ocrx_word' id='word_1_359' title='bbox 646 2438 684 2470; x_wconf 85' lang='lat' dir='ltr'><strong><em>et</em></strong></span> <span class='ocrx_word' id='word_1_360' title='bbox 711 2434 880 2469; x_wconf 76' lang='lat' dir='ltr'><strong>urbibus</strong></span> <span class='ocrx_word' id='word_1_361' title='bbox 908 2434 956 2469; x_wconf 87' lang='grc'><strong><em>(1(</em></strong></span> <span class='ocrx_word' id='word_1_362' title='bbox 959 2435 1112 2479; x_wconf 61' lang='lat' dir='ltr'><strong>&lt;rebant</strong></span> <span class='ocrx_word' id='word_1_363' title='bbox 1140 2434 1395 2479; x_wconf 81' lang='lat' dir='ltr'><strong>cogebantur</strong></span> <span class='ocrx_word' id='word_1_364' title='bbox 1421 2434 1516 2469; x_wconf 82' lang='lat' dir='ltr'><strong>fiseo</strong></span> <span class='ocrx_word' id='word_1_365' title='bbox 1544 2434 1722 2479; x_wconf 71' lang='lat' dir='ltr'><strong>pendme</strong></span> 
     </span>
     <span class='ocr_line' id='line_1_37' title="bbox 226 2460 1782 2527; baseline -0.001 -10"><span class='ocrx_word' id='word_1_366' title='bbox 226 2482 419 2517; x_wconf 77' lang='lat' dir='ltr'><strong>tributum</strong></span> <span class='ocrx_word' id='word_1_367' title='bbox 437 2492 635 2520; x_wconf 83' lang='lat' dir='ltr'><strong>annuum:</strong></span> <span class='ocrx_word' id='word_1_368' title='bbox 663 2483 784 2526; x_wconf 77' lang='lat' dir='ltr'><strong>exig(</strong></span> <span class='ocrx_word' id='word_1_369' title='bbox 789 2482 812 2517; x_wconf 90' lang='lat' dir='ltr'><strong>b</strong></span> <span class='ocrx_word' id='word_1_370' title='bbox 817 2486 908 2517; x_wconf 72' lang='lat' dir='ltr'><strong><em>¹itur</em></strong></span> <span class='ocrx_word' id='word_1_371' title='bbox 926 2482 1120 2516; x_wconf 84' lang='lat' dir='ltr'><strong>tributum</strong></span> <span class='ocrx_word' id='word_1_372' title='bbox 1140 2460 1214 2516; x_wconf 64' lang='lat' dir='ltr'><strong><em>dee</em></strong></span> <span class='ocrx_word' id='word_1_373' title='bbox 1209 2482 1323 2527; x_wconf 87' lang='lat' dir='ltr'><strong>equis</strong></span> <span class='ocrx_word' id='word_1_374' title='bbox 1342 2485 1381 2516; x_wconf 88' lang='lat' dir='ltr'><strong><em>et</em></strong></span> <span class='ocrx_word' id='word_1_375' title='bbox 1398 2482 1515 2517; x_wconf 86' lang='lat' dir='ltr'><strong>mulis</strong></span> <span class='ocrx_word' id='word_1_376' title='bbox 1535 2486 1573 2517; x_wconf 86' lang='lat' dir='ltr'><strong><em>et</em></strong></span> <span class='ocrx_word' id='word_1_377' title='bbox 1592 2482 1723 2518; x_wconf 87' lang='lat' dir='ltr'><strong>bobus</strong></span> <span class='ocrx_word' id='word_1_378' title='bbox 1742 2481 1782 2516; x_wconf 88' lang='lat'><strong><em>13</em></strong></span> 
     </span>
     <span class='ocr_line' id='line_1_38' title="bbox 226 2529 1722 2575; baseline 0.001 -11"><span class='ocrx_word' id='word_1_379' title='bbox 226 2533 265 2564; x_wconf 69' lang='grc'><strong><em>(1,</em></strong></span> <span class='ocrx_word' id='word_1_380' title='bbox 290 2529 412 2565; x_wconf 84' lang='lat' dir='ltr'><strong>asinis</strong></span> <span class='ocrx_word' id='word_1_381' title='bbox 439 2533 562 2575; x_wconf 80' lang='lat' dir='ltr'><strong>atque</strong></span> <span class='ocrx_word' id='word_1_382' title='bbox 588 2530 775 2565; x_wconf 79' lang='lat' dir='ltr'><strong>canibus:</strong></span> <span class='ocrx_word' id='word_1_383' title='bbox 803 2530 853 2565; x_wconf 88' lang='lat' dir='ltr'><strong>de</strong></span> <span class='ocrx_word' id='word_1_384' title='bbox 878 2539 1127 2574; x_wconf 84' lang='lat' dir='ltr'><strong>unoquoque</strong></span> <span class='ocrx_word' id='word_1_385' title='bbox 1147 2529 1306 2564; x_wconf 85' lang='lat' dir='ltr'><strong>homine</strong></span> <span class='ocrx_word' id='word_1_386' title='bbox 1325 2539 1471 2565; x_wconf 84' lang='lat' dir='ltr'><strong>numus</strong></span> <span class='ocrx_word' id='word_1_387' title='bbox 1490 2533 1722 2575; x_wconf 82' lang='lat' dir='ltr'><strong>argenteus,</strong></span> 
     </span>
     <span class='ocr_line' id='line_1_39' title="bbox 225 2577 1721 2622; baseline 0.001 -11"><span class='ocrx_word' id='word_1_388' title='bbox 225 2577 330 2612; x_wconf 77' lang='lat' dir='ltr'><strong>idem</strong></span> <span class='ocrx_word' id='word_1_389' title='bbox 358 2577 408 2613; x_wconf 90' lang='lat' dir='ltr'><strong>de</strong></span> <span class='ocrx_word' id='word_1_390' title='bbox 435 2587 539 2622; x_wconf 88' lang='lat' dir='ltr'><strong>equo</strong></span> <span class='ocrx_word' id='word_1_391' title='bbox 567 2580 607 2613; x_wconf 86' lang='lat' dir='ltr'><strong><em>et</em></strong></span> <span class='ocrx_word' id='word_1_392' title='bbox 632 2577 740 2613; x_wconf 90' lang='lat' dir='ltr'><strong>mulo</strong></span> <span class='ocrx_word' id='word_1_393' title='bbox 769 2581 809 2613; x_wconf 82' lang='lat' dir='ltr'><strong><em>et</em></strong></span> <span class='ocrx_word' id='word_1_394' title='bbox 834 2577 958 2613; x_wconf 83' lang='lat' dir='ltr'><strong>bove:</strong></span> <span class='ocrx_word' id='word_1_395' title='bbox 986 2578 1036 2613; x_wconf 86' lang='lat' dir='ltr'><strong>(le</strong></span> <span class='ocrx_word' id='word_1_396' title='bbox 1055 2577 1168 2612; x_wconf 84' lang='lat' dir='ltr'><strong>asino</strong></span> <span class='ocrx_word' id='word_1_397' title='bbox 1189 2580 1228 2612; x_wconf 83' lang='lat' dir='ltr'><strong><em>et</em></strong></span> <span class='ocrx_word' id='word_1_398' title='bbox 1247 2587 1347 2612; x_wconf 85' lang='lat' dir='ltr'><strong>cane</strong></span> <span class='ocrx_word' id='word_1_399' title='bbox 1366 2577 1479 2613; x_wconf 78' lang='lat' dir='ltr'><strong>folles</strong></span> <span class='ocrx_word' id='word_1_400' title='bbox 1497 2587 1581 2613; x_wconf 83' lang='lat' dir='ltr'><strong>sex.</strong></span> <span class='ocrx_word' id='word_1_401' title='bbox 1633 2577 1721 2620; x_wconf 83' lang='lat' dir='ltr'><strong><em>Quo</em></strong></span> 
     </span>
     <span class='ocr_line' id='line_1_40' title="bbox 226 2624 1781 2670; baseline -0.001 -10"><span class='ocrx_word' id='word_1_402' title='bbox 226 2625 376 2660; x_wconf 80' lang='lat' dir='ltr'><strong>tributo</strong></span> <span class='ocrx_word' id='word_1_403' title='bbox 403 2624 584 2661; x_wconf 85' lang='lat' dir='ltr'><strong>homines</strong></span> <span class='ocrx_word' id='word_1_404' title='bbox 610 2625 733 2661; x_wconf 84' lang='lat' dir='ltr'><strong>attriti</strong></span> <span class='ocrx_word' id='word_1_405' title='bbox 761 2625 1090 2661; x_wconf 79' lang='lat' dir='ltr'><strong>lamentabantur</strong></span> <span class='ocrx_word' id='word_1_406' title='bbox 1120 2625 1284 2670; x_wconf 88' lang='lat' dir='ltr'><strong>ubique.</strong></span> <span class='ocrx_word' id='word_1_407' title='bbox 1336 2625 1392 2660; x_wconf 88' lang='lat' dir='ltr'><strong><em>Eo</em></strong></span> <span class='ocrx_word' id='word_1_408' title='bbox 1420 2625 1544 2670; x_wconf 84' lang='lat' dir='ltr'><strong>igitur</strong></span> <span class='ocrx_word' id='word_1_409' title='bbox 1570 2625 1721 2662; x_wconf 84' lang='lat' dir='ltr'><strong>abolito</strong></span> <span class='ocrx_word' id='word_1_410' title='bbox 1740 2624 1781 2659; x_wconf 83' lang='lat'><strong><em>14</em></strong></span> 
     </span>
     <span class='ocr_line' id='line_1_41' title="bbox 226 2671 1720 2719; baseline 0.001 -12"><span class='ocrx_word' id='word_1_411' title='bbox 226 2683 298 2707; x_wconf 85' lang='lat' dir='ltr'><strong>rex</strong></span> <span class='ocrx_word' id='word_1_412' title='bbox 324 2671 564 2708; x_wconf 83' lang='lat' dir='ltr'><strong>Anastasius</strong></span> <span class='ocrx_word' id='word_1_413' title='bbox 590 2673 698 2719; x_wconf 83' lang='lat' dir='ltr'><strong>ipsas</strong></span> <span class='ocrx_word' id='word_1_414' title='bbox 725 2673 775 2709; x_wconf 89' lang='lat' dir='ltr'><strong>de</strong></span> <span class='ocrx_word' id='word_1_415' title='bbox 802 2674 877 2708; x_wconf 83' lang='lat' dir='ltr'><strong><em>boc</em></strong></span> <span class='ocrx_word' id='word_1_416' title='bbox 905 2672 1105 2718; x_wconf 72' lang='lat' dir='ltr'><strong>vectigale</strong></span> <span class='ocrx_word' id='word_1_417' title='bbox 1136 2672 1296 2707; x_wconf 81' lang='lat' dir='ltr'><strong>tabulas</strong></span> <span class='ocrx_word' id='word_1_418' title='bbox 1329 2683 1464 2708; x_wconf 85' lang='lat' dir='ltr'><strong>coram</strong></span> <span class='ocrx_word' id='word_1_419' title='bbox 1499 2673 1648 2719; x_wconf 87' lang='lat' dir='ltr'><strong>populo</strong></span> <span class='ocrx_word' id='word_1_420' title='bbox 1680 2674 1720 2708; x_wconf 89' lang='lat' dir='ltr'><strong><em>in</em></strong></span> 
     </span>
     <span class='ocr_line' id='line_1_42' title="bbox 226 2719 1781 2766; baseline 0.001 -12"><span class='ocrx_word' id='word_1_421' title='bbox 226 2719 258 2754; x_wconf 86' lang='lat' dir='ltr'>H</span> <span class='ocrx_word' id='word_1_422' title='bbox 266 2720 398 2766; x_wconf 83' lang='lat' dir='ltr'><strong>ippico</strong></span> <span class='ocrx_word' id='word_1_423' title='bbox 417 2720 646 2756; x_wconf 79' lang='lat' dir='ltr'><strong>combussit.</strong></span> <span class='ocrx_word' id='word_1_424' title='bbox 695 2720 836 2766; x_wconf 81' lang='lat' dir='ltr'><strong>Neque</strong></span> <span class='ocrx_word' id='word_1_425' title='bbox 864 2731 960 2756; x_wconf 86' lang='lat' dir='ltr'><strong>vero</strong></span> <span class='ocrx_word' id='word_1_426' title='bbox 986 2721 1115 2756; x_wconf 87' lang='lat' dir='ltr'><strong>solum</strong></span> <span class='ocrx_word' id='word_1_427' title='bbox 1134 2720 1194 2755; x_wconf 79' lang='lat' dir='ltr'><strong><em>his</em></strong></span> <span class='ocrx_word' id='word_1_428' title='bbox 1212 2721 1252 2755; x_wconf 88' lang='lat' dir='ltr'><strong><em>in</em></strong></span> <span class='ocrx_word' id='word_1_429' title='bbox 1273 2720 1395 2755; x_wconf 84' lang='lat' dir='ltr'><strong>rebus</strong></span> <span class='ocrx_word' id='word_1_430' title='bbox 1413 2725 1499 2756; x_wconf 77' lang='lat' dir='ltr'><strong>erat</strong></span> <span class='ocrx_word' id='word_1_431' title='bbox 1518 2720 1720 2764; x_wconf 85' lang='lat' dir='ltr'><strong>honestus,</strong></span> <span class='ocrx_word' id='word_1_432' title='bbox 1739 2720 1781 2755; x_wconf 80' lang='lat'><strong><em>15</em></strong></span> 
     </span>
     <span class='ocr_line' id='line_1_43' title="bbox 226 2767 1780 2814; baseline -0.001 -11"><span class='ocrx_word' id='word_1_433' title='bbox 226 2767 296 2803; x_wconf 76' lang='lat' dir='ltr'><strong><em>sed</em></strong></span> <span class='ocrx_word' id='word_1_434' title='bbox 323 2768 443 2803; x_wconf 83' lang='lat' dir='ltr'><strong>etiam</strong></span> <span class='ocrx_word' id='word_1_435' title='bbox 470 2768 718 2813; x_wconf 85' lang='lat' dir='ltr'><strong>reipublicae</strong></span> <span class='ocrx_word' id='word_1_436' title='bbox 743 2769 909 2814; x_wconf 81' lang='lat' dir='ltr'><strong>negotia</strong></span> <span class='ocrx_word' id='word_1_437' title='bbox 936 2769 1040 2804; x_wconf 87' lang='lat' dir='ltr'><strong>bene</strong></span> <span class='ocrx_word' id='word_1_438' title='bbox 1066 2768 1392 2813; x_wconf 80' lang='lat' dir='ltr'><strong>administrabat3</strong></span> <span class='ocrx_word' id='word_1_439' title='bbox 1419 2778 1512 2803; x_wconf 84' lang='lat' dir='ltr'><strong><em>nam</em></strong></span> <span class='ocrx_word' id='word_1_440' title='bbox 1534 2769 1721 2814; x_wconf 83' lang='lat' dir='ltr'><strong>reipubli·</strong></span> <span class='ocrx_word' id='word_1_441' title='bbox 1738 2769 1780 2802; x_wconf 81' lang='grc'><strong><em>16</em></strong></span> 
     </span>
     <span class='ocr_line' id='line_1_44' title="bbox 227 2814 1780 2862; baseline 0.001 -12"><span class='ocrx_word' id='word_1_442' title='bbox 227 2825 299 2851; x_wconf 85' lang='lat' dir='ltr'><strong>cae</strong></span> <span class='ocrx_word' id='word_1_443' title='bbox 324 2816 586 2862; x_wconf 80' lang='lat' dir='ltr'><strong>magistratus</strong></span> <span class='ocrx_word' id='word_1_444' title='bbox 611 2819 732 2852; x_wconf 83' lang='lat' dir='ltr'><strong>antea</strong></span> <span class='ocrx_word' id='word_1_445' title='bbox 759 2816 924 2852; x_wconf 85' lang='lat' dir='ltr'><strong>venales</strong></span> <span class='ocrx_word' id='word_1_446' title='bbox 951 2816 1014 2851; x_wconf 87' lang='lat' dir='ltr'><strong>ille</strong></span> <span class='ocrx_word' id='word_1_447' title='bbox 1041 2815 1151 2851; x_wconf 83' lang='lat' dir='ltr'><strong>nulla</strong></span> <span class='ocrx_word' id='word_1_448' title='bbox 1177 2815 1364 2851; x_wconf 85' lang='lat' dir='ltr'><strong>mercede</strong></span> <span class='ocrx_word' id='word_1_449' title='bbox 1386 2815 1521 2852; x_wconf 82' lang='lat' dir='ltr'><strong>dabat.</strong></span> <span class='ocrx_word' id='word_1_450' title='bbox 1572 2814 1651 2852; x_wconf 87' lang='lat' dir='ltr'><strong><em>Sed</em></strong></span> <span class='ocrx_word' id='word_1_451' title='bbox 1671 2816 1720 2852; x_wconf 84' lang='lat' dir='ltr'><strong>de</strong></span> <span class='ocrx_word' id='word_1_452' title='bbox 1738 2816 1780 2851; x_wconf 84' lang='lat'><strong><em>17</em></strong></span> 
     </span>
     <span class='ocr_line' id='line_1_45' title="bbox 229 2862 1720 2908; baseline 0.001 -10"><span class='ocrx_word' id='word_1_453' title='bbox 229 2862 305 2899; x_wconf 84' lang='lat' dir='ltr'><strong>fide</strong></span> <span class='ocrx_word' id='word_1_454' title='bbox 333 2862 395 2899; x_wconf 88' lang='lat' dir='ltr'><strong>dei</strong></span> <span class='ocrx_word' id='word_1_455' title='bbox 424 2874 504 2899; x_wconf 85' lang='lat' dir='ltr'><strong><em>non</em></strong></span> <span class='ocrx_word' id='word_1_456' title='bbox 532 2866 640 2900; x_wconf 86' lang='lat' dir='ltr'><strong>recte</strong></span> <span class='ocrx_word' id='word_1_457' title='bbox 666 2864 883 2908; x_wconf 82' lang='lat' dir='ltr'><strong>sentiebat3</strong></span> <span class='ocrx_word' id='word_1_458' title='bbox 920 2875 1013 2900; x_wconf 77' lang='lat' dir='ltr'><strong>naui</strong></span> <span class='ocrx_word' id='word_1_459' title='bbox 1047 2873 1136 2900; x_wconf 85' lang='lat' dir='ltr'><strong><em>cum</em></strong></span> <span class='ocrx_word' id='word_1_460' title='bbox 1170 2863 1410 2900; x_wconf 80' lang='lat' dir='ltr'><strong>declinasset</strong></span> <span class='ocrx_word' id='word_1_461' title='bbox 1442 2863 1493 2899; x_wconf 86' lang='lat' dir='ltr'><strong><em>ad</em></strong></span> <span class='ocrx_word' id='word_1_462' title='bbox 1523 2863 1720 2900; x_wconf 83' lang='lat' dir='ltr'><strong>haeresim</strong></span> 
     </span>
    </p>
   </div>
  </div>
 </body>
</html>
