2054 3282
376 227 445 263 266
799 229 980 267 ZONAR.
1009 230 1138 267 EPIT.
1166 230 1237 267 XV
1262 230 1295 275 5,
1321 228 1450 267 6—20.

375 353 507 409 κηνόν
538 352 608 394 καὶ
638 351 747 405 πρὸς
777 352 848 395 τὸν
879 357 952 394 τοῦ
986 352 1244 407 Θρᾳκησίου,
1275 352 1347 394 τὸν
1378 353 1630 408 Σισινάκιον,
1662 354 1872 410 λαμπραῖς

342 424 620 477 ’ἶῦποσχέσεσι
657 423 850 463 πέπεικεν
887 421 1039 468 αὐτοὺς
1076 426 1346 476 συμμαχῆσαι
1380 423 1506 476 αὐτῷ.
1568 423 1759 465 ἐντεῦθεν
1797 425 1870 479 ἒμ-
2049 407 2054 446 3

375 492 514 546 φύλιοι
543 491 718 545 πόλεμοι
750 491 820 532 καὶ
851 488 920 531 ὑπ’
955 490 1147 545 ἀλλήλων
1175 491 1214 532 οῖ
1232 490 1431 545 Ῥωμαῖοι
1453 492 1711 546 ἐφθείροντο.
1773 494 1870 535 ἔκα-

160 560 461 603 ΡΙΙ107Αστοι
493 560 572 615 γὰρ
603 564 676 602 τοῦ
709 560 911 614 σφετέρου
943 560 1149 614 βασιλέως
1180 560 1427 614 ἀντείχοντο,
1461 561 1626 615 ἐπείπερ
1654 562 1921 618 ἀνερρήθηΙ)
1940 569 1997 605 ΙΙΙ

340 630 456 684 8ἥδη
489 630 559 670 καὶ
591 629 615 670 ὁ
641 628 926 682 Ἂρτάβασδος
965 628 1170 682 βασιλεύς.
1233 628 1338 670 κατὰ
1385 629 1430 670 δὲ
1472 629 1546 683 τὴν
1583 634 1669 672 τῶν
1705 630 1907 673 πόλεωνὸ
2044 622 2054 677 ἶ,

374 699 677 753 βασιλεύουσαν
717 701 802 738 τῶν
843 698 1061 752 δημοσίων
1098 697 1325 752 οἰκονόμος
1358 699 1620 753 πραγμάτων
1650 699 1766 753 παρὰ
1797 704 1871 742 τοῦ
2047 680 2054 707 ³

375 767 694 809 Κωνσταντίνου
728 767 751 808 ὁ
782 767 1009 821 μάγιστρος
1031 766 1256 821 Θεοφάνης
1277 767 1414 822 εἶάθη,
1446 769 1494 814 ὃς
1517 772 1578 822 τῷ
1596 768 1871 823 Ἀρταβάσδῳ

373 836 677 890 προσκείμενος
708 835 779 876 καὶ
811 835 980 890 γραφὴν
1012 837 1057 883 ἐξ
1088 836 1247 877 ἐκείνου
1274 836 1501 890 δεξάμενος
1524 837 1706 891 δημοσίᾳ
1726 837 1872 879 θανεῖν

373 904 445 946 τὸν
468 906 786 946 Κωνσταντῖνον
818 905 996 959 ἐκήρυξε
1017 904 1088 946 καὶ
1108 904 1180 946 τὸν
1199 904 1486 959 Ἆρτάβασδον
1517 905 1600 947 ὑπὸ
1631 909 1716 947 τῶν
1748 921 1870 960 στρα-

339 974 590 1027 9τευμ-άτων
623 974 842 1028 αἱρεθῆναι
874 974 930 1019 εἷς
961 974 1141 1028 βασιλέα.
1204 973 1275 1015 καὶ
1307 974 1444 1020 οὕτως
1475 974 1499 1015 ὁ
1532 974 1668 1029 δῆμος
1698 979 1770 1029 τῆς
1793 974 1870 1016 πό-
1886 978 1932 1014 10

373 1042 480 1088 λεως
511 1043 568 1088 εἷς
598 1041 672 1096 τὴν
702 1043 887 1097 μεγάλην
919 1042 1141 1096 ἐκκλησίαν
1173 1042 1496 1097 συναθροισθεὶς
1532 1042 1604 1084 τὸν
1635 1043 1714 1097 μὲν
1744 1043 1871 1085 Κων-

374 1115 584 1152 σταντῒνον
601 1112 833 1165 ἀναθέματι
849 1111 1164 1166 καθυπὲβαλον,
1187 1112 1409 1166 εὐφήμουν
1427 1111 1472 1153 δὲ
1487 1111 1558 1153 τὸν
1574 1111 1871 1166 Ἀρτάβασδον,

316 1181 361 1215 10
373 1179 533 1225 τούτοις
549 1181 906 1227 συνευδοκοῦντος
922 1180 993 1222 καὶ
1009 1185 1082 1222 τοῦ
1099 1181 1360 1235 πατριάρχου
1377 1180 1658 1223 Ἄναστασίου.
1706 1181 1871 1236 δεχθεὶς

375 1248 420 1290 δὲ
460 1248 484 1289 ὁ
516 1248 802 1303 Ἆρτάβασδος
840 1250 911 1291 καὶ
953 1249 1069 1304 παρὰ
1113 1250 1284 1291 πάντων
1326 1249 1517 1304 βασιλεὺς
1561 1250 1872 1304 ἀναγορευθείς,

255 1317 286 1353 Β
315 1318 357 1353 11
374 1317 520 1358 αὐτίκα
558 1317 630 1364 τὰς
668 1319 897 1373 σεβασμίας
935 1319 1100 1364 εἰκόνας
1142 1322 1357 1372 πανταχοῦ
1402 1319 1695 1372 ἀνεστήλωσεν.
1765 1319 1789 1360 ὁ
1828 1318 1874 1360 δὲ
1890 1320 1933 1357 15
2044 1315 2054 1355 ⁵}

372 1386 631 1441 πατριάρχης
646 1387 913 1434 Ἀναστάσιος
946 1387 1158 1441 διώμνυτο
1190 1387 1318 1441 λέγειν
1341 1388 1457 1441 αὐτῷ
1477 1386 1548 1428 τὸν
1570 1387 1874 1442 Κοπρώνυμον
2046 1380 2054 1405 '¹

374 1454 434 1496 ὅτι
465 1455 520 1496 “6
552 1455 736 1509 Χριστὸς
767 1457 846 1510 οὐχ
878 1456 968 1502 υἱός
1008 1457 1088 1498 ἔστι
1124 1460 1197 1497 τοῦ
1236 1456 1353 1504 θεοῦ,
1399 1456 1632 1510 ἄνθρωπος
1669 1456 1715 1497 δὲ
1751 1455 1875 1510 ψιλὸς

377 1524 591 1578 γεννηθεὶς
612 1525 659 1566 ἒκ
680 1530 752 1580 τῆς
774 1526 957 1579 ΖΙΙαρίας,
990 1525 1052 1571 ὡς
1078 1525 1162 1579 ἐγὼ
1195 1526 1241 1566 ἐκ
1273 1529 1344 1579 τῆς
1376 1525 1479 1579 ἐμῆς
1509 1524 1669 1579 μητρὸς
1700 1525 1875 1579 ἕτέχθην

315 1594 360 1629 12
376 1591 593 1647 Μαρίας.”
654 1593 896 1642 ἐξελθόντος
927 1592 1003 1636 οὗν
1033 1598 1105 1649 τῆς
1132 1593 1457 1648 μεγαλοπόλεως
1477 1596 1550 1635 τοῦ
1567 1593 1874 1648 Ἀρταβάσδου,

378 1734 424 1770 14
447 1735 605 1782 βασιλεία
631 1741 691 1771 τοῦ
718 1735 984 1780 κουροπαλάτου
1006 1735 1241 1782 Ἆρταβάσδου
1269 1735 1523 1782 (ἀρνταβάσδου
1549 1735 1596 1777 Ε)
1622 1734 1723 1771 ACE

450 1866 469 1901 1
497 1867 557 1903 καὶ
585 1878 659 1902 om.
675 1865 709 1902 A
807 1867 1023 1902 σισιννάκιον
1040 1866 1202 1912 BCEwp
1222 1866 1401 1912 Theoph.
1420 1866 1439 1901 I
1457 1878 1493 1912 p.
1507 1866 1590 1910 414,
1604 1866 1648 1902 31
1747 1866 1769 1901 2
1793 1866 1876 1902 ὕπο-

451 1915 609 1960 σχέσεσιν
634 1916 766 1950 ἔπεισεν
790 1915 887 1960 Ewp
985 1915 1007 1950 5
1031 1916 1099 1960 ἤδη
1133 1926 1207 1950 om.
1236 1914 1265 1950 C
1363 1915 1408 1949 12
1434 1914 1684 1961 καθυπέβαλον
1708 1913 1875 1959 prDi,

450 1963 720 2009 καθυπέβαλλον
744 1962 855 2005 ABC,
883 1974 921 1998 V.
947 1962 1018 1998 XV
1044 1963 1076 2006 4,
1107 1963 1136 1997 1.
1164 1963 1195 2006 6,
1225 1962 1270 1996 12
1451 1962 1506 1997 11.
1535 1963 1580 1997 12
1605 1962 1663 1997 τὸν
1685 1961 1751 2006 μὲν
1775 1963 1877 1997 Κων-

449 2017 625 2046 σταντΐνον
651 2038 658 2046 .
674 2038 681 2045 .
709 2011 970 2057 καθυπὲβαλον,
996 2011 1183 2055 εὐφήμουν
1201 2010 1240 2045 δὲ
1265 2010 1323 2045 τὸν
1345 2010 1590 2055 Ἆρτάβασδον]
1618 2009 1680 2045 De
1698 2010 1875 2046 chiasmo

450 2069 486 2093 v.
516 2059 568 2093 ad
594 2058 690 2093 XIII
717 2059 749 2103 2,
777 2059 798 2094 6
906 2058 951 2094 15
976 2059 1186 2104 σεβασμιόυς
1213 2059 1309 2103 Ewp
1422 2058 1465 2092 16
1491 2057 1596 2093 αὐτὸν
1622 2057 1657 2092 D
1764 2057 1809 2092 18
1833 2057 1875 2092 ἐκ

449 2111 510 2152 τῆς
534 2107 662 2152 μαρίας
687 2106 867 2152 γεννηθεὶς
892 2106 988 2152 Ewp
1089 2106 1134 2141 19
1159 2106 1221 2141 οὖν
1247 2105 1328 2150 AR,
1357 2105 1396 2141 δὲ
1420 2106 1516 2151 Ewp
1613 2105 1750 2144 πόλεως
1776 2105 1807 2141 Ο

379 2252 418 2279 et
444 2244 496 2279 ad
521 2242 759 2280 Sisinacium
786 2244 1076 2279 Thraeensium
1108 2243 1333 2289 magnificis
1360 2243 1716 2288 pollicitationibus
1751 2243 1876 2288 impe-

343 2288 511 2335 7travit‚
538 2294 583 2326 ut
609 2301 746 2327 secum
771 2292 998 2327 militarent.
1049 2291 1154 2326 Hinc
1180 2291 1314 2326 civilia
1353 2291 1458 2326 bella
1495 2293 1582 2325 olta
1608 2293 1703 2325 sunt
1738 2294 1777 2325 et
1802 2290 1876 2325 Ro-

377 2340 485 2374 mani
503 2340 654 2374 mutuis
669 2340 862 2374 caedibus
889 2350 977 2374 sese
992 2340 1271 2382 confecer3unt
1298 2349 1390 2373 nam
1418 2339 1579 2383 utrique
1606 2348 1721 2372 suum
1737 2347 1874 2380 1·e0·(m

342 2385 672 2432 Ssequebantur;
698 2386 950 2423 Artabasdus
969 2388 1074 2422 enim
1101 2397 1174 2421 rex
1200 2387 1278 2421 iam
1299 2386 1526 2421 decla-ratus
1554 2387 1651 2420 erat.
1702 2385 1748 2419 ln
1774 2385 1876 2420 urbe

377 2436 494 2480 regia
537 2434 825 2470 Constantinus
868 2434 1156 2489 Theophanem
1198 2435 1437 2478 meo-istrum
1479 2433 1700 2477 reliquerat
1741 2443 1877 2468 rerum

379 2483 634 2527 publicatum
661 2482 1036 2526 administiatorem‚
1077 2482 1145 2527 qui
1171 2461 1399 2516 A1tabasd0
1437 2480 1595 2516 deditus
1622 2481 1798 2525 acceptis
1825 2480 1876 2514 ab

379 2540 426 2565 eo
454 2530 595 2565 litteris
635 2530 834 2576 vulgabat
861 2529 1135 2565 Artabasdum
1166 2528 1428 2564 Constantino
1468 2528 1640 2582 publice.
1663 2528 1876 2563 interfecto

342 2576 365 2610 9
379 2588 403 2612 a
417 2577 645 2622 legionibus
661 2580 839 2612 creatum
856 2587 943 2613 esse
958 2587 1106 2622 iegem.
1148 2575 1211 2612 sie
1226 2577 1384 2611 urbana
1398 2576 1611 2610 multitudo
1631 2575 1672 2610 in
1686 2585 1877 2620 magnam

379 2625 588 2660 ecclesiam
605 2629 857 2670 congregata
871 2624 1178 2660 Constantinum
1193 2624 1449 2658 anathemate
1464 2623 1620 2658 notavit
1635 2625 1674 2657 et
1688 2622 1877 2657 laudibus

379 2675 596 2717 prosecuta
623 2676 682 2708 est
684 2652 985 2716 ”Artabasduim
1014 2675 1053 2707 et
1078 2671 1292 2706 Anastasio
1320 2671 1549 2715 patiiarcha
1577 2670 1876 2715 complobante.

321 2718 366 2752 10
379 2719 632 2755 Artabasdus
658 2721 783 2766 igitur
810 2723 1023 2765 susceptus
1063 2723 1102 2754 et
1128 2720 1180 2754 ab
1209 2719 1393 2754 omnibus
1420 2728 1493 2753 rex
1520 2718 1718 2752 salutatus
1744 2718 1877 2752 statim

321 2765 362 2799 11
379 2767 665 2802 venelandas
656 2779 766 2813 mmo
768 2778 854 2803 mes
874 2768 1026 2812 ubique
1048 2777 1091 2802 er
1094 2767 1189 2802 exit
1231 2766 1471 2801 Anastasius
1492 2769 1628 2826 auteem
1647 2765 1800 2810 patrial
1803 2765 1877 2799 cha

379 2815 643 2849 iureiurando
671 2815 884 2850 affirmavit
910 2815 984 2850 sibi
1014 2815 1163 2850 dixisse
1191 2813 1379 2859 Copronv
1383 2824 1510 2848 mum:
1553 2812 1763 2848 “Christus
1795 2823 1877 2846 non

380 2865 440 2896 est
453 2862 557 2896 filius
585 2862 659 2906 dei,
687 2863 759 2898 sed
774 2863 909 2898 nudus
924 2863 1040 2897 homo
1069 2872 1147 2897 exx
1133 2861 1260 2896 Maria
1286 2864 1415 2905 natus,
1444 2859 1782 2905 quemadmodum
1798 2869 1876 2904 ego

321 2907 366 2946 12
380 2909 466 2955 ipse
489 2919 511 2945 e
529 2919 619 2945 mea
644 2913 773 2948 matre
795 2910 922 2946 Maria
945 2914 1065 2946 natus
1091 2909 1216 2946 sum.”
1263 2907 1492 2945 Artabasdo
1520 2908 1662 2943 urbem
1687 2917 1878 2954 magnam
