2066 3230
349 240 420 281 740
676 239 857 281 ZONAR.
886 238 1015 278 EPIT.
1042 237 1173 278 xvm
1199 239 1256 287 22,
1282 237 1434 287 31-23,
1462 238 1518 277 11.

350 367 514 420 λευταίᾳ
556 369 641 407 τῶν
684 366 932 420 θυγατέρων
976 363 1204 419 συνῴκισεν
1243 363 1266 404 ὁ
1302 362 1439 418 πατὴρ
1479 364 1643 405 νεανίαν
1681 363 1727 405 τὸ
1765 362 1843 418 μὲν

352 435 462 481 εἶδος
493 435 759 489 ἀγαλματίαν,
791 433 837 474 τὸ
871 434 915 474 δὲ
947 434 1066 487 γένος
1098 433 1148 474 οὗ
1179 435 1265 473 τῶν
1297 432 1526 486 ε’πιφανῶν.

292 509 338 545 32
470 503 625 556 Γέγονε
658 501 694 543 δ’
729 502 793 543 ἐπὶ
824 506 895 556 τῆς
925 501 1132 555 βασιλείας
1162 500 1312 542 τούτου
1345 500 1495 547 κλόνος
1525 505 1597 556 τῆς
1635 505 1710 556 γῆς
1747 517 1842 556 φρι-

352 571 614 616 κωδέστατος
644 570 749 611 κατὰ
782 569 854 624 τὴν
886 570 1048 623 ἡμέραν
1073 573 1145 623 τῆς
1164 570 1335 624 μνήμης
1355 573 1429 611 τοῦ
1452 570 1496 611 ἒν
1516 569 1707 623 θαύμασι
1729 585 1842 624 περι-

309 646 337 683 C
353 639 527 693 ωνύμου
550 639 668 692 ἁγίου
690 637 922 691 Νικολάου,
955 634 1028 692 ὑφ’
1053 636 1103 678 οὗ
1125 637 1277 678 πολλαί
1293 654 1335 678 τε
1364 638 1488 679 οἰκίαι
1519 637 1590 679 καὶ
1620 637 1714 679 ναοὶ
1744 653 1841 679 κατ-
1857 641 1879 678 5

351 708 583 762 ηρείπωντο
615 705 685 747 καὶ
707 706 832 753 στοαί,
866 703 916 746 δι’
941 704 1004 747 ὧν
1026 707 1069 747 αἱ
1087 710 1159 760 τῆς
1180 706 1345 752 πόλεως
1373 706 1630 761 ὠρόφωνται
1653 706 1841 761 ἀτραποί,

351 776 421 817 καὶ
451 775 628 816 πλεῖστοι
660 775 703 815 ἒν
733 778 818 820 τοῖς
849 775 1129 828 συμπτώμασι
1161 775 1493 829 συνεχώσθησαν
1524 775 1594 816 καὶ
1616 775 1843 816 ἀπέθανον.

280 847 337 889 23
472 843 589 884 Κατὰ
633 843 806 889 τούτους
848 842 945 889 τοὺς
987 843 1168 898 χρόνους
1211 843 1282 885 καὶ
1325 847 1399 885 τοῦ
1440 847 1525 885 τῶν
1563 843 1844 892 Πατζινάκων

352 912 505 957 ἔθνους
541 912 777 965 συγκίνησις
820 912 999 965 γέγονεν,
1045 912 1091 953 ἐκ
1129 915 1214 953 τῶν
1252 913 1467 967 σφετέρων
1504 913 1629 967 ἠθῶν
1665 928 1842 967 μετανα-

352 980 596 1026 στεύσαντος
632 980 689 1025 εἷς
725 980 873 1034 χώραν
898 979 1140 1035 Ῥωμαϊκὴν
1178 980 1249 1022 καὶ
1285 980 1359 1034 τὴν
1395 980 1571 1036 Θρᾴκην
1604 985 1742 1023 πᾶσαν
1772 980 1843 1023 καὶ
1858 986 1905 1021 10

316 1050 425 1104 2τὴν
446 1049 718 1091 Μακεδονίαν
738 1049 1000 1102 ληιζομένου.
1063 1048 1168 1090 κατὰ
1190 1049 1351 1090 τούτων
1381 1050 1679 1104 ἐκστρατεύσας
1710 1049 1734 1091 ὁ
1765 1050 1843 1104 βα-

316 1119 497 1166 3σιλεύς,
527 1121 613 1159 τῶν
644 1121 908 1172 στρατιωτῶν
929 1117 1313 1172 ἀλαζονευομένων,
1347 1119 1533 1173 αἰσχρῶς
1553 1119 1713 1173 ἥττητο.
1775 1115 1842 1159 εἴτ’

353 1186 477 1233 αὖθις
508 1187 640 1227 ἄπεισι
671 1185 776 1227 κατὰ
807 1189 892 1226 τῶν
922 1186 1168 1241 βαρβάρων,
1199 1187 1526 1245 ταπεινωθείσης
1556 1191 1628 1241 τῆς
1657 1190 1846 1241 στρατιᾶς

353 1255 423 1297 καὶ
454 1255 500 1296 τὸ
530 1259 614 1296 πᾶν
644 1259 716 1309 τῆς
749 1255 865 1300 θείας
897 1255 1136 1309 ἒξαρτώσης
1175 1256 1322 1310 ῥοπῆς,
1367 1255 1439 1297 καὶ
1474 1255 1725 1310 προσβάλλει
1761 1259 1846 1301 τοῖς

255 1331 291 1366 D
317 1324 574 1379 4πολεμίοις.
637 1324 677 1364 οἳ
698 1323 743 1364 δὲ
769 1322 868 1364 οῦδὲ
898 1322 972 1377 τὴν
1003 1323 1162 1378 ἔφοδον
1192 1324 1487 1378 ὑπομείναντες
1517 1324 1565 1365 τὰ
1598 1324 1705 1365 ὅπλα
1737 1323 1843 1366 κατὰ
1859 1329 1905 1364 15

355 1397 430 1448 γῆς
461 1393 679 1448 ἐρρίπτουν
710 1391 781 1433 καὶ
813 1392 1016 1446 οἰμωγαῖς
1046 1391 1142 1438 τοὺς
1169 1392 1403 1447 Ῥωμαίους
1435 1393 1706 1441 ἐξεκαλοῦντο
1735 1392 1844 1447 πρὸς

318 1462 481 1504 ὃέλεον.
545 1461 675 1502 ὤλετο
714 1460 792 1515 μὲν
831 1459 906 1501 οὖν
942 1461 1050 1502 πολύ
1088 1477 1123 1502 τι
1153 1465 1226 1502 τοῦ
1258 1461 1494 1510 Σκυθικοῦ,
1540 1462 1580 1502 οῖ
1620 1460 1755 1502 λοιποὶ
1799 1460 1844 1502 δὲ

355 1530 715 1584 συνελαμβάνοντο
759 1528 830 1570 καὶ
872 1528 979 1584 ἦσαν
1021 1528 1105 1571 ὑπὸ
1151 1529 1319 1584 δεσμοῖς
1361 1530 1432 1571 καὶ
1475 1531 1532 1576 εἰς
1576 1529 1765 1571 δουλείαν
1807 1530 1895 1574 οἱΙ)
1915 1538 1969 1576 IV
1986 1538 2057 1575 242

319 1606 342 1642 6
356 1598 764 1652 αι’χμαλωτεύσαντες
786 1596 937 1643 αὐτοὺς
960 1597 1217 1640 ἀπεδίδοντο.
1281 1598 1304 1638 ὁ
1328 1595 1364 1639 δ’
1384 1598 1659 1653 αὐτοκράτωρ
1680 1598 1847 1653 πλῆθος

357 1728 379 1763 3
403 1727 482 1772 περὶ
507 1732 566 1762 τοῦ
591 1727 744 1772 μεγάλου
774 1728 816 1768 (τ.
840 1741 916 1772 μεγ.
945 1737 1020 1762 om.
1047 1727 1092 1769 E)
1119 1732 1262 1773 σεισμοῦ
1289 1727 1352 1764 CE
1470 1728 1492 1763 8
1515 1728 1594 1772 περὶ
1621 1732 1690 1763 τῶν
1715 1729 1847 1769 Πατζι-

356 1776 479 1811 νάκων
512 1775 572 1810 καὶ
606 1776 703 1813 ὅπως
739 1775 1064 1820 κατετροπώθησαν
1102 1774 1394 1821 (κατετρώθησαν
1421 1775 1463 1820 C)
1491 1775 1564 1821 ΟΕ,
1603 1776 1745 1822 κατάγει
1782 1775 1848 1821 μὲν

357 1823 511 1869 ἔπαρσις,
536 1823 739 1861 ταπείνωσις
765 1822 797 1857 δ’
823 1823 915 1868 ὑψοΐ
935 1822 986 1861 Br

430 1933 450 1967 1
475 1933 614 1967 παίδων
632 1932 700 1967 BD
774 1932 797 1967 3
822 1932 929 1968 αὐτοῦ
951 1934 956 1976 Ι
979 1932 1014 1967 D
1099 1933 1122 1967 4
1146 1934 1373 1979 περιωνύμου
1401 1937 1494 1969 ante
1520 1934 1557 1970 ἓν
1584 1934 1615 1970 O
1701 1935 1723 1970 5
1748 1935 1847 1980 ἁγίου

431 1991 506 2016 om.
534 1980 566 2015 Ο
663 1980 685 2015 7
711 1983 801 2026 post
826 1994 952 2024 συμπτ.
980 1980 1071 2015 add.
1098 1981 1158 2016 καὶ
1184 1981 1219 2015 D
1330 1982 1586 2027 συνεχώθησαν
1611 1983 1643 2017 Ε
1739 1983 1762 2018 8
1787 1988 1848 2018 τοῦ

432 2038 507 2063 om.
534 2028 565 2062 Ε
692 2028 714 2062 9
739 2028 877 2072 ἔθνους]
903 2028 941 2062 τὸ
966 2029 1069 2067 ἔθνος
1095 2029 1126 2063 Ε
1257 2033 1347 2074 post
1372 2031 1499 2068 ἔθνους
1524 2030 1615 2065 add.
1642 2031 1664 2076 ἡ
1693 2029 1849 2076 prDi

432 2076 473 2110 11
502 2075 564 2121 τὴν
588 2086 663 2111 om.
682 2075 717 2110 D
746 2075 858 2121 Glyc.
884 2076 1016 2121 p.620,
1033 2077 1077 2111 19
1199 2077 1243 2111 16
1269 2079 1437 2122 οἰμωγαῖς
1454 2077 1652 2123 BprDi‚
1679 2080 1848 2124 οἰμωγαῖς

430 2123 501 2158 AR
596 2123 874 2168 προςεκαλοῦντο
900 2122 969 2158 BD
1069 2124 1114 2159 19
1139 2124 1170 2159 δ’
1197 2124 1278 2169 AR,
1307 2135 1382 2160 om.
1409 2125 1493 2171 W*p

361 2243 468 2278 cavit
493 2246 609 2288 pater
634 2242 884 2279 adulescenti
909 2254 992 2279 non
1017 2254 1115 2280 sane
1141 2244 1284 2280 illustri
1312 2247 1398 2280 orto
1425 2245 1587 2290 familia,
1622 2245 1693 2281 sed
1718 2246 1849 2282 forma

359 2291 543 2337 praedito
570 2291 925 2336 praestantissima.

300 2340 347 2375 32
479 2337 563 2374 Sub
590 2339 665 2374 hoc
690 2349 789 2384 rege
816 2343 949 2374 terrae
974 2342 1106 2375 motus
1133 2339 1356 2375 horrendus
1379 2340 1455 2375 fuit
1481 2350 1528 2376 eo
1556 2340 1631 2385 die,
1665 2350 1744 2386 quo
1770 2350 1849 2376 me-

359 2387 488 2421 moria
514 2385 550 2422 S.
577 2385 730 2422 Nicolai
758 2387 808 2422 de
839 2387 1042 2422 miraculis
1079 2387 1174 2422 clari
1206 2388 1352 2433 agitur,
1391 2388 1599 2433 multaque
1637 2388 1847 2430 domicilia,

361 2434 484 2468 multa
518 2434 677 2479 templa,
709 2434 860 2470 multae
891 2435 1081 2480 porticus,
1121 2435 1267 2480 quibus
1299 2436 1391 2470 viae
1421 2436 1608 2481 publicae
1641 2438 1847 2481 teguntur,

362 2481 564 2527 collapsae
590 2482 770 2516 homines
797 2482 989 2527 plurimos
1017 2485 1315 2528 oppresserunt.

479 2528 536 2563 23.
584 2528 656 2564 His
682 2530 931 2574 temporibus
949 2540 1051 2575 gens
1070 2530 1377 2565 Patzinacorum
1405 2531 1487 2565 suis
1513 2530 1676 2566 sedibus
1701 2530 1848 2565 relictis

360 2577 401 2611 in
419 2576 621 2612 Romanas
647 2577 877 2622 provincias
903 2578 1104 2622 migravit,
1132 2581 1255 2613 totam
1274 2577 1487 2613 Thraciam
1513 2581 1551 2613 et
1571 2577 1848 2613 Macedoniam

325 2624 567 2670 2populata.
619 2623 727 2666 Quos
754 2635 844 2659 cum
870 2635 941 2660 rex
970 2625 1073 2660 bello
1100 2628 1266 2670 peteret,
1300 2626 1350 2660 ob
1377 2626 1653 2671 arrogantiam
1680 2625 1847 2660 militum

326 2672 533 2717 3turpite1·
559 2674 618 2707 est
646 2673 787 2707 victus.
838 2671 1128 2718 Redintegrato
1156 2673 1259 2708 bello
1285 2673 1561 2716 barbarorum,
1588 2683 1678 2707 cum
1705 2673 1848 2708 milites

325 2719 625 2755 4modestiores
650 2720 747 2754 facti
773 2719 824 2754 ab
855 2720 1006 2755 auxilio
1033 2721 1207 2755 numinis
1227 2720 1437 2755 dumtaxat
1454 2720 1689 2765 penderent,
1715 2721 1848 2755 hostes

362 2777 414 2802 ne
443 2767 571 2812 primo
604 2767 764 2812 quidem
790 2767 943 2812 impetu
969 2768 1138 2803 tolerato
1166 2768 1274 2802 humi
1301 2778 1412 2802 arma
1438 2768 1695 2813 proiecerunt
1722 2770 1761 2803 et
1787 2778 1849 2803 su-

326 2816 349 2850 5
363 2815 495 2859 spiriis
519 2815 835 2850 misericordiam
858 2825 883 2849 a
900 2814 1090 2850 Romanis
1112 2815 1390 2860 impetrarunt.
1440 2815 1589 2861 Magna
1614 2816 1738 2860 igitur
1756 2814 1849 2861 Scy-

362 2862 493 2896 thicae
518 2863 651 2907 gentis
677 2862 890 2898 multitudo
911 2863 1039 2908 periit,
1067 2864 1190 2898 ceteri
1208 2863 1250 2898 in
1268 2863 1438 2898 vinculis
1456 2863 1580 2898 habiti
1601 2866 1694 2898 sunt
1712 2873 1758 2898 ac
1776 2873 1848 2908 pro

327 2909 514 2944 Georona
540 2910 786 2945 venumdati.
836 2911 922 2946 Rex
949 2921 1046 2947 vero
1074 2911 1233 2946 delectu
1259 2914 1348 2946 aeto
1374 2912 1564 2946 iuvenum
1593 2911 1849 2946 robustorum
