2054 3282
277 238 489 277 PRISCVS
515 239 690 276 GENER
716 240 786 276 DE
811 239 1094 276 TOLLENDO
1121 237 1294 275 PHOCA
1321 237 1563 275 COGITAT.
1632 237 1698 275 ‘201

207 361 367 403 ἀνεῖλον
396 365 482 403 τῶν
506 361 752 417 Ἀντιοχέων
782 361 963 408 πολλοὺς
993 361 1064 403 καὶ
1095 360 1222 403 αὐτὸν
1255 361 1300 403 δὲ
1336 360 1408 403 τὸν
1443 360 1704 414 πατριάρχην
1717 362 1888 400 WlllGss

205 433 278 484 τῆς
313 429 479 476 πόλεως
504 430 770 473 Ἀναστάσιον
812 431 883 473 καὶ
919 431 991 473 τὸν
1022 430 1173 485 νεκρὸν
1203 431 1333 472 αὐτοῦ
1365 430 1629 472 κατέκαυσαν
1661 430 1704 470 ἐν

205 503 255 553 τῇ
277 499 424 553 ἀγορᾷ.
486 499 642 547 στείλας
664 500 710 542 δὲ
732 501 756 542 ὁ
778 501 938 547 Φωκᾶς
959 501 1034 546 οὓς
1062 499 1141 555 μὲν
1172 499 1340 552 ἀνεῖλεν,
1373 500 1448 545 οὓς
1481 498 1526 540 δὲ
1558 499 1702 554 ἠκρω-
1717 502 1763 537 32

206 567 373 621 τηριάσε
397 567 470 609 καὶ
489 573 561 623 τῆς
581 568 746 615 πόλεως
767 570 995 618 ἐξεδίωξεν.
1057 569 1082 610 ὁ
1101 569 1242 623 μέντοι
1261 567 1520 622 πατριάρχης
1542 566 1705 621 Θωμᾶς
1717 570 1764 606 33

170 636 272 680 ὖέπὶ
302 637 392 690 τρία
424 637 492 691 ἔτη
525 637 596 678 καὶ
625 642 764 692 μῆνας
795 638 873 679 δύο
904 643 976 692 τῆς
1007 637 1228 692 ἐκκλησίας
1253 636 1438 691 προστὰς
1459 636 1703 690 ἐτελεύτησε,

206 705 278 746 καὶ
309 705 558 760 ᾶντεισήχθη
591 706 781 759 Σέργιος,
813 711 886 761 τῆς
915 707 1099 761 μεγάλης
1130 707 1352 761 ἐκκλησίας
1384 705 1594 751 διάκονος.

333 774 421 828 Τὴν
451 775 663 828 θυγατέρα
698 775 743 816 δὲ
774 776 798 816 ὁ
820 775 980 821 Φωκᾶς
1002 775 1253 829 Δομνεντίαν
1278 774 1457 828 Πρίσκῳ
1487 779 1549 828 τῷ
1580 788 1703 827 στρα-
1717 776 1764 811 34

206 843 355 898 τηλάτῃ
394 844 610 892 συνέζευξε
648 844 718 885 καὶ
753 844 856 898 μετὰ
888 844 985 890 τοὺς
1016 844 1179 898 γάμους
1210 843 1379 885 ἱππικὸν
1410 844 1556 897 ἀγῶνα
1589 843 1706 896 ἄγων
1721 842 1894 880 ΡΙΙὸΙΑ

209 911 413 953 ἐθεάσατο
445 911 520 953 σὺν
551 917 638 958 ταῖς
669 913 798 954 αὐτοῦ
831 913 958 954 εἰκόσι
987 912 1057 954 καὶ
1080 917 1152 954 τοῦ
1176 912 1370 966 Πρίσκου
1392 912 1463 953 καὶ
1484 916 1556 966 τῆς
1577 911 1706 952 αὐτοῦ

150 986 196 1021 10
210 979 407 1034 γυναικὸς
438 981 688 1034 Δομνεντίας
719 982 939 1036 ἱσταμένας
973 981 1151 1034 εἰκόνας,
1191 982 1262 1022 καὶ
1300 981 1486 1035 ἐκμανὴς
1523 979 1707 1034 γεγονὼς

209 1049 469 1103 ἐκτμηθῆναι
489 1049 586 1095 τοὺς
609 1050 856 1104 δημάρχους
877 1045 1076 1092 ἐκέλευσε.
1122 1050 1360 1104 δεηθέντων
1383 1050 1428 1091 δὲ
1449 1052 1534 1090 τῶν
1556 1049 1708 1103 δήμων
1720 1052 1766 1087 35

57 1117 111 1154 ΙΙΙ
126 1118 196 1153 303
208 1117 328 1172 μόλις
371 1118 535 1172 ἀφῆκεν
578 1119 741 1165 αὐτούς.
804 1120 852 1160 ἐκ
889 1119 1040 1173 ταύτης
1077 1118 1154 1160 οὖν
1193 1123 1264 1174 τῆς
1300 1119 1430 1164 αἰτίας
1461 1118 1485 1159 ὁ
1517 1117 1709 1171 Πρίσκος
1721 1120 1767 1156 36

211 1187 416 1233 δεδοικὼς
446 1187 539 1240 περὶ
569 1191 619 1241 τῇ
651 1188 758 1242 ζωῇ,
790 1189 878 1241 ἅμα
906 1188 951 1229 δὲ
973 1188 1044 1229 καὶ
1064 1188 1138 1242 τὴν
1159 1187 1264 1229 κατὰ
1285 1188 1456 1229 πάντων
1475 1190 1549 1229 τοῦ
1571 1186 1709 1228 Φωκᾶ

209 1255 431 1309 τυραννίδα
474 1259 623 1309 μισῶν,
669 1257 797 1311 ἐζήτει
841 1257 1069 1298 καταλῦσαι
1112 1255 1182 1298 τὸν
1224 1256 1438 1309 τύραννον.
1501 1256 1564 1297 ὢν
1602 1254 1648 1296 δὲ
1684 1254 1767 1295 637

151 1326 196 1362 15
215 1324 375 1370 Φωκᾶς
407 1325 717 1379 γυναικομανὴς
747 1341 788 1366 τε
820 1325 890 1366 καὶ
919 1326 1110 1380 μέθυσος
1140 1325 1211 1367 καὶ
1237 1324 1358 1379 ὠμὸς
1379 1324 1448 1366 καὶ
1471 1322 1709 1378 αἷμοχαρὴς

209 1393 390 1447 ἐμισήθη
433 1392 550 1446 παρὰ
593 1393 776 1434 πάντων.
845 1394 917 1435 καὶ
960 1398 1288 1449 στρατηγοῦντος
1331 1394 1374 1435 ἐν
1413 1393 1593 1447 Ἀφρικῇ
1637 1391 1708 1433 καὶ
1721 1397 1768 1432 38

210 1461 346 1516 Λιβύῃ
373 1459 636 1515 Ἡρακλείου,
680 1466 754 1503 τοῦ
790 1462 949 1516 πατρὸς
985 1467 1058 1504 τοῦ
1095 1462 1416 1517 βασιλεύσαντος
1440 1460 1707 1514 Ἡρακλείου,

209 1579 231 1614 4
255 1579 335 1624 περὶ
358 1584 586 1626 πατριαρχῶν
612 1579 641 1616 C
740 1580 760 1615 7
787 1581 836 1615 ὅτι
863 1579 925 1626 τὴν
951 1581 1125 1626 θυγατέρα
1151 1580 1258 1616 αὐτοῦ
1285 1581 1305 1614 ὁ
1333 1581 1465 1618 Φωκεῖς
1488 1579 1708 1624 κατηγγύησε

210 1634 260 1672 τῷ
285 1628 500 1673 στρατηλάτῃ
528 1629 683 1672 Πρίσκῳ
710 1629 863 1672 (κρίσπω
889 1627 963 1672 CE,
995 1640 1032 1663 v.
1060 1628 1111 1663 ad
1138 1628 1229 1663 XIV
1258 1628 1315 1670 14,
1341 1627 1401 1671 43)
1429 1628 1488 1663 καὶ
1522 1628 1618 1666 ὅπως
1648 1627 1708 1662 καὶ

211 1677 302 1720 (om.
330 1675 376 1718 Ε)
401 1675 483 1720 παρ’
509 1676 647 1711 ἐκείνου
673 1676 733 1712 καὶ
757 1676 853 1720 παρὰ
877 1677 1020 1711 πάντων
1044 1676 1198 1722 ἐμισήθη
1226 1676 1289 1712 CE
1414 1676 1458 1711 16
1483 1675 1708 1714 ἐπανάστασις

211 1728 280 1758 τῶν
305 1723 397 1767 (om.
425 1723 468 1768 C)
494 1724 531 1758 ἐν
556 1730 598 1770 τῇ
619 1724 771 1770 Ἄφρικῇ
797 1725 1066 1769 στρατευμάτων
1091 1723 1180 1760 κατὰ
1206 1730 1266 1760 τοῦ
1297 1725 1410 1760 Φωκᾶ
1437 1723 1499 1759 ΟΕ

283 1844 299 1878 1
328 1844 535 1879 ἀπέκτειναν
561 1844 593 1879 Ο
762 1844 795 1879 3.
821 1843 844 1878 4
870 1845 1137 1890 ήκρωτηρίασεν
1163 1844 1339 1885 ἐκδιώξας
1365 1849 1424 1890 τῆς
1449 1844 1586 1882 πόλεως
1614 1843 1708 1889 Ewp

281 1891 302 1926 4
330 1892 458 1936 θωμᾶς
477 1892 586 1937 pr‚
615 1903 689 1927 om.
710 1890 836 1927 AEDl‘
934 1892 956 1927 5
981 1893 1039 1937 ἔτη
1067 1893 1143 1936 τρία
1171 1891 1199 1927 C
1298 1892 1319 1927 7
1346 1892 1384 1927 δὲ
1408 1892 1586 1937 θυγατέρα
1612 1892 1708 1937 Εννρ

330 1941 541 1984 Δομεντζιάν
567 1940 744 1986 appellat
770 1940 890 1975 filiam
919 1940 1078 1976 Phocae
1096 1940 1276 1986 Theoph.
1298 1940 1311 1974 1
1333 1951 1369 1985 p.
1384 1939 1464 1983 5294,
1484 1939 1610 1983 1215,
1638 1940 1708 1975 sod

283 1997 373 2022 eum
389 1987 546 2023 Zonara
561 1988 766 2032 conspirat
781 1987 1149 2034 Nicephor.Callist.
1165 1988 1212 2024 H.
1229 1988 1269 2023 E.
1285 1987 1417 2022 XVIII
1435 1988 1481 2023 55
1559 1988 1602 2023 10
1616 1992 1710 2023 ante

283 2036 364 2079 δομ.
391 2035 482 2070 add.
510 2041 568 2080 τῆς
595 2035 691 2081 Ewp
797 2036 838 2071 ll
866 2036 1115 2090 ἀποτμηθῆναι
1143 2035 1242 2082 pr
1271 2035 1486 2082 Theoph.1
1517 2035 1647 2081 p.5..‘94,
1665 2036 1710 2070 18

285 2083 329 2118 14
353 2083 499 2129 ἐζήτησε
526 2083 561 2118 D
658 2083 848 2119 καταλῦσαι
873 2084 1059 2130 OSwpDz‚
1086 2084 1277 2120 καταλύσαι
1297 2084 1366 2118 ΑΕ
1463 2084 1515 2119 ὢν
1542 2082 1709 2129 prDi‚

283 2130 334 2166 ὧν
349 2131 395 2166 -Α
534 2132 578 2166 16
602 2130 696 2175 παρὰ
721 2131 863 2166 πάντων
886 2133 1057 2177 μεμίσητο
1085 2131 1116 2168 Ο
1264 2132 1308 2166 17
1334 2137 1394 2167 τοῦ
1419 2130 1549 2176 πατρὸς
1577 2142 1653 2166 om.
1681 2131 1709 2167 C

331 2183 426 2215 ante
451 2179 640 2224 ἡρακλειόυ
666 2179 758 2214 add.
783 2180 962 2223 μετέπειτα
990 2178 1147 2226 prDi
1267 2180 1288 2225 ἡ
1315 2179 1479 2223 ῥακλείου
1510 2179 1540 2214 Ε

213 2299 506 2335 Antiochenses
533 2299 769 2334 occiderunt
796 2303 918 2344 atque
945 2300 1075 2345 ipsum
1105 2299 1375 2345 patriarcham
1403 2299 1516 2334 urbis
1542 2297 1710 2333 Anasta-

213 2348 314 2383 sium
344 2347 511 2391 eiusque
539 2357 686 2392 eorpus
714 2347 1023 2383 combusserunt-
1048 2348 1088 2382 in
1117 2347 1215 2383 foro.
1268 2347 1346 2382 Eos
1372 2346 1529 2382 Pliocas
1566 2346 1709 2392 partim
1725 2343 1771 2378 32

215 2395 371 2438 occidit,
403 2395 548 2440 partim
576 2395 779 2430 mutilatos
807 2395 907 2430 urbe
935 2396 1084 2441 exegit.
1135 2394 1311 2430 Thomas
1338 2394 1580 2440 patriarcha,
1620 2403 1710 2429 cum
1725 2392 1771 2426 33

215 2443 410 2478 ecclesiae
437 2453 509 2488 per
523 2442 740 2478 triennium
769 2450 806 2477 et
823 2442 926 2477 duos
944 2453 1100 2478 menses
1116 2443 1369 2488 praefuisset,
1398 2442 1512 2486 obiit3
1540 2442 1711 2477 ineuius

216 2491 347 2526 locum
374 2491 568 2526 suffectus
595 2494 654 2525 est
682 2489 859 2536 Sergius,
885 2501 1061 2534 magnae
1089 2491 1284 2526 ecclesiae
1312 2490 1520 2526 diaconus.

336 2538 474 2574 Filiam
502 2537 786 2573 Domnentiam
814 2538 950 2573 Prisco
987 2538 1078 2573 duci
1117 2539 1324 2583 copiarum
1353 2537 1579 2583 despondit,
1606 2547 1710 2572 cum·
1725 2534 1770 2570 34

217 2596 295 2631 que
323 2590 411 2631 post
438 2586 599 2631 nuptias
626 2586 730 2621 ludis
753 2586 1011 2631 equestribus
1039 2586 1162 2621 Prisci
1188 2586 1412 2631 uxorisque
1444 2584 1711 2620 Domnentiae

217 2634 414 2680 imagines
452 2633 566 2668 iuxta
593 2644 688 2669 suas
727 2636 861 2669 astare
900 2634 1076 2678 vidisset,
1104 2635 1241 2668 furore
1275 2634 1450 2679 percitus
1489 2633 1709 2668 factionum

217 2682 342 2716 ducos
368 2682 534 2716 castrari
563 2681 688 2724 iussit,
716 2691 868 2726 eosque
887 2692 1012 2727 aegre
1039 2693 1063 2716 a
1090 2681 1335 2716 factionibus
1355 2684 1545 2716 exoratos
1571 2681 1712 2715 missos
1725 2678 1773 2714 35

218 2730 322 2765 fecit.
374 2729 431 2765 Ea
474 2728 524 2763 de
566 2739 692 2764 eausa
734 2729 895 2764 Priscus
939 2730 1047 2765 vitae
1090 2739 1189 2764 suae
1231 2733 1414 2764 metuens
1458 2728 1633 2774 odioque
1671 2728 1711 2763 in
1727 2726 1772 2761 36

218 2776 471 2822 tyrannidem
494 2776 653 2811 l‘liocae
681 2777 815 2811 onmia
843 2777 1040 2812 delentem
1069 2780 1264 2822 concepto
1285 2776 1451 2812 consilia
1470 2775 1636 2812 tollendi
1655 2779 1712 2820 ty·

219 2825 334 2859 ranni
354 2825 462 2868 iniit3
481 2825 548 2870 qui
569 2835 659 2860 cum
679 2828 718 2859 et
736 2825 776 2859 in
796 2825 1008 2860 mulierum
1029 2825 1178 2870 stupris
1197 2824 1451 2859 volutaretur
1469 2828 1509 2859 et
1527 2824 1713 2859 ebriosus
1726 2822 1772 2857 37

218 2875 257 2907 et
275 2881 423 2907 saevus
442 2875 482 2907 et
495 2872 784 2915 sanguinarius
799 2876 915 2915 esset,
941 2873 981 2907 in
998 2872 1159 2918 publico
1187 2875 1274 2907 erat
1301 2871 1405 2907 odio.
1439 2871 1582 2916 Itaque
1600 2881 1713 2907 sena·
1727 2870 1773 2905 38

219 2925 282 2955 tus
309 2923 349 2955 et
366 2920 452 2966 ipse
467 2919 550 2955 dux
567 2916 728 2955 Priscus
744 2920 900 2966 legatos
919 2920 969 2955 ad
986 2919 1215 2955 Heraclium
1232 2920 1404 2963 mittunt,
1432 2920 1519 2955 eius
1538 2918 1712 2954 Heraclii
