1968 3302
597 223 858 268 ALA'movs
883 221 1069 267 ROMAM
1096 222 1264 267 CAPIT.
1636 221 1683 266 99

185 351 335 408 δρᾶναι
365 352 436 394 καὶ
466 354 636 408 κομίσαι
667 358 729 408 τῷ
759 352 933 407 ἀδελφῷ
966 352 1105 408 αὐτῆς,
1137 353 1332 394 κάκεῖνον
1364 351 1557 400 συζεῦξαι
1585 351 1684 392 ταύ-

183 437 258 476 την
279 422 408 476 αὐτῷ,
430 422 672 477 τετιμηκότα
695 421 980 477 συγκλητικόν,
1003 420 1086 463 εἶτα
1108 420 1179 462 καὶ
1199 419 1370 475 βασιλέα
1387 420 1684 475 ἀναγορεῦσαι·

186 495 312 545 γονῆς
349 490 429 544 γὰρ
467 491 622 536 οἰκείας
657 491 834 545 ἄμοιρος
870 490 923 545 ἦν
958 488 1172 544 Ὀνώριος.
1240 493 1450 543 σφαγῆναι
1495 489 1540 530 δὲ
1582 488 1685 543 μετὰ
1701 495 1747 530 10

184 558 339 613 μικρὸν
368 559 440 600 τὸν
471 558 776 612 Κωνστάντιον,
815 560 1057 613 γειναμένης
1087 559 1204 612 αὐτῷ
1235 558 1390 603 παῖδας
1419 562 1492 612 τῆς
1522 556 1685 599 Πλακι-

149 627 290 680 5δίας,
329 626 668 669 Οὗαλεντινιανόν
699 627 770 668 καὶ
801 625 1052 681 Ὀνωριάδα.

311 694 363 737 Οἱ
396 695 476 750 μὲν
514 694 590 736 οὗν
627 696 739 737 οὕτω
776 694 899 736 ταῦθ’
933 697 1181 749 ἱστοροῦσιν·
1226 695 1356 749 ἕτεροι
1394 694 1439 736 δὲ
1476 698 1686 749 σφαγῆναι
1702 701 1743 736 11

183 763 261 818 μὲν
291 763 455 817 λέγουσι
485 764 556 806 τὸν
576 764 822 819 Στιλίχωνα,
855 764 1171 818 ἀπεχθάνεσθαι
1204 763 1250 805 δὲ
1279 762 1376 810 τοὺς
1407 763 1451 804 ἓν
1475 767 1525 818 τῇ
1541 762 1685 817 Ῥώμῃ

183 837 246 886 τῷ
285 830 492 887 Ὀνωρίῳ,
537 833 608 874 καὶ
650 833 722 875 τὸν
765 834 822 879 εἷς
856 832 1080 887 Ῥάβενναν
1121 831 1464 887 μετοικήσασθαι.
1525 831 1597 872 τὸν
1641 831 1687 872 δὲ
1704 840 1747 874 12

185 898 400 955 Ἀλάριχον
429 905 502 956 τῆς
527 902 772 956 ἀβελτηρίας
794 903 953 943 ἐκείνου
976 903 1355 956 καταφρονήσαντα
1378 901 1686 955 ἐπιστρατεῦσαι

128 978 173 1013 10
185 973 235 1024 τῇ
274 969 416 1024 Ῥώμῃ
460 970 530 1011 καὶ
566 970 719 1024 ταύτην
754 970 975 1024 πολιορκίᾳ
1012 970 1130 1012 ἑλεῖν·
1175 970 1358 1024 ἁλούσης
1395 969 1440 1011 δὲ
1479 969 1688 1024 ἐπιστῆναι
1703 978 1747 1013 13

185 1042 248 1092 τῷ
279 1036 472 1092 Ὀνωρίῳ
503 1038 590 1080 τινὰ
624 1039 951 1092 δεδακρυμένον,
996 1039 1303 1093 ἀπαγγέλλοντα
1336 1038 1399 1084 ὡς
1429 1037 1571 1079 “ἑάλω
1603 1036 1687 1079 ὑπὸ
1703 1046 1732 1081 Ρ
1747 1046 1783 1082 Π
1798 1046 1846 1082 40
1859 1047 1892 1082 A

186 1105 402 1161 Ἀλαρίχου
423 1107 449 1161 ἡ
467 1106 610 1162 Ῥώμη
622 1108 658 1148 ”.
719 1107 791 1149 τὸν
814 1107 859 1148 δὲ
883 1107 992 1161 πρὸς
1022 1107 1096 1162 τὴν
1128 1107 1319 1161 ἀγγελίαν
1350 1106 1686 1160 συγκλονηθέντα
1704 1115 1747 1150 14

11 1222 14 1225 Δ
187 1180 373 1229 σπασμῷ
402 1175 450 1217 τὸ
482 1179 607 1230 σῶμα
639 1176 710 1217 καὶ
741 1176 801 1217 τὼ
831 1176 961 1230 μηρὼ
992 1177 1230 1224 πατάξαντα
1262 1180 1350 1217 ταῖν
1381 1179 1521 1230 χεροῖν
1558 1175 1688 1230 φάναι

4 1254 88 1302 5111
102 1255 172 1291 236
186 1244 300 1289 ’Ἕως
331 1245 421 1298 ἄρτι
453 1242 541 1286 ὧδε
571 1244 624 1299 ἦν
655 1246 680 1300 ἡ
709 1245 866 1299 Ῥώμη,
899 1249 994 1291 πῶς
1025 1244 1101 1286 οὖν
1133 1245 1244 1286 ἑάλω
1254 1244 1305 1295 ‚·''
1336 1245 1506 1286 συνέντα
1541 1243 1586 1285 δὲ
1616 1243 1688 1285 τὸν
1704 1254 1748 1288 15

15 1307 17 1310 ’
127 1320 172 1356 15
187 1312 360 1366 ἀγγελέα
392 1313 463 1354 καὶ
493 1314 601 1367 μέγα
634 1314 881 1361 στενάξαντα
914 1315 1040 1356 εἰπεῖν
1071 1314 1133 1360 ὡς
1153 1314 1277 1368 “περὶ
1297 1318 1370 1368 τῆς
1390 1313 1556 1358 πόλεως
1577 1313 1687 1367 λέγω

186 1382 258 1422 καὶ
289 1382 341 1423 οὗ
371 1382 466 1435 περὶ
496 1386 569 1436 τῆς
600 1383 815 1436 ὄρνιθος.”
876 1383 928 1438 ἦν
954 1383 1034 1437 γὰρ
1055 1388 1117 1437 τῷ
1137 1382 1299 1437 βασιλεῖ
1314 1382 1451 1435 τούτῳ
1474 1381 1688 1436 ἀλεκτορὶς
1703 1390 1747 1424 16

187 1450 493 1504 ὑπερμεγέθης,
525 1449 554 1505 ᾗ
576 1451 777 1506 ἓγεγήῦει,
809 1454 862 1506 ἣν
884 1453 1082 1506 ὠνόμαζε
1102 1451 1283 1506 Ῥώμην,
1318 1448 1369 1492 δι’
1393 1453 1446 1505 ἣν
1471 1450 1542 1492 καὶ
1574 1451 1686 1505 ἀνῴ-

185 1520 344 1573 μωξεν,
377 1519 537 1574 ἐκείνην
568 1520 743 1574 νομίσας
774 1520 1014 1562 ἑαλωκέναι.

188 1666 233 1702 16
258 1668 454 1712 σημείωσαι
480 1666 512 1702 Ε

258 1804 281 1840 2
306 1806 504 1850 τετιμηκότι
530 1804 566 1840 D
664 1805 687 1840 3
712 1806 860 1851 ἄμοιρος
877 1806 921 1853 ἦν
947 1805 991 1851 A,
1019 1807 1158 1852 ἦμοίρει
1184 1806 1330 1851 πάμπαν
1355 1805 1454 1852 pr
1551 1806 1573 1842 5
1599 1806 1687 1841 ὀνω-

258 1853 363 1897 ριάδα
380 1852 500 1896 ARW,
531 1854 719 1898 Ονωριάδα
738 1865 774 1900 p,
797 1855 994 1900 Ὁνωριάδα
1018 1853 1074 1890 Di
1171 1855 1193 1890 6
1219 1858 1313 1890 ant-e
1339 1856 1376 1890 οἵ
1398 1854 1490 1889 add.
1509 1853 1686 1900 2112pr

305 1900 368 1936 οὖν
397 1912 472 1936 om.
499 1901 570 1936 DE
667 1902 690 1937 8
713 1904 980 1947 μετοικίσασθαι
1007 1903 1038 1937 Ε
1135 1902 1158 1937 9
1182 1902 1391 1948 ἀβελτηρίας
1412 1901 1560 1948 Apr‚
1586 1902 1687 1947 ἀβελ-

258 1949 369 1993 τερίας
386 1947 453 1993 Di,
480 1959 517 1983 V.
537 1948 673 1995 Steph.
692 1950 789 1985 thes.
809 1950 826 1985 I
848 1951 864 1985 1
893 1962 929 1996 p.
945 1951 991 1985 58
1006 1950 1034 1986 C
1133 1951 1175 1985 11
1204 1951 1468 1995 δεδακρυμένον
1493 1950 1569 1986 τινὰ
1587 1949 1685 1995 pr

261 1997 306 2031 12
331 1997 516 2042 ἀλλερίχου
535 1997 567 2032 Ε
666 1998 709 2032 13
735 2004 785 2043 τῷ
802 2005 910 2044 μηρῷ
929 1999 1016 2041 (sic)
1035 1997 1070 2033 A
1167 2003 1276 2043 φᾶναι
1297 1998 1359 2034 CE
1459 1998 1503 2033 14
1529 1998 1686 2033 συνιέντα

258 2044 360 2090 pr
484 2045 538 2079 14.
568 2044 612 2079 15
637 2045 676 2079 τὸ
700 2046 776 2091 ἀγγ.
802 2047 833 2081 L
969 2046 1013 2081 15
1038 2046 1098 2082 καὶ
1127 2057 1202 2082 om.
1229 2046 1260 2081 E
1395 2046 1440 2082 17
1458 2046 1613 2091 Δένόμαζε
1638 2045 1682 2080 Α.

259 2091 419 2137 ὠνόμαζε
445 2091 548 2136 RDi,
575 2092 739 2138 ὠνόμασε
765 2093 867 2140 pr
965 2094 1011 2129 δι’
1038 2094 1090 2129 ὧν
1117 2094 1148 2129 Ε
1244 2093 1428 2139 ἀνώμοξεν
1454 2093 1557 2140 pr

188 2246 271 2271 rem
307 2236 343 2271 ei
379 2236 639 2272 coniunxisse
675 2240 817 2272 ornato
857 2237 1056 2284 dignitate
1095 2238 1310 2282 senatoria,
1349 2237 1526 2283 denique
1565 2238 1685 2273 etiam

187 2295 325 2329 regem
354 2294 523 2329 creasse,
555 2294 645 2320 cum
671 2286 757 2331 ipse
782 2285 988 2321 Honorius
1015 2286 1138 2321 orbus
1164 2289 1270 2321 esset
1294 2286 1441 2323 liberis.
1492 2285 1685 2321 Constan·
1700 2287 1745 2322 10

187 2333 284 2367 tium
313 2336 447 2368 nutem
475 2333 611 2378 paullo
639 2338 730 2378 post
755 2343 843 2368 esse
870 2334 1058 2378 occisum,
1098 2344 1188 2369 cum
1219 2334 1431 2379 genuisset
1457 2342 1479 2368 e
1506 2333 1684 2368 Placidia

186 2379 513 2416 Valentinianum
541 2385 581 2416 et
605 2380 892 2416 Honoriadem.

307 2427 383 2463 Alii
409 2429 535 2474 igitur
560 2429 616 2463 ita
642 2429 743 2464 haec
768 2432 947 2473 narrant,
986 2429 1051 2464 alii
1084 2439 1183 2464 vero
1217 2429 1393 2465 occisum
1425 2439 1513 2464 essc-
1546 2429 1741 2466 dicuntll

187 2474 443 2512 Stilichonem
483 2479 522 2512 et
559 2476 762 2511 Romanos
804 2477 983 2512 invidiae
1026 2477 1151 2512 fuisse
1192 2477 1384 2520 Honorio,
1434 2477 1490 2512 ita
1527 2480 1573 2512 ut
1610 2477 1685 2512 Ra-

187 2534 360 2558 vennam
401 2523 658 2570 demigraret.
709 2523 914 2560 Alaricum
951 2528 1086 2560 autem
1122 2524 1290 2560 stultitia
1320 2524 1425 2560 illius
1452 2528 1684 2571 contempta
1699 2527 1744 2562 12

187 2570 352 2606 Romam
382 2575 661 2617 oppugnatam
695 2572 906 2608 obsidione
942 2573 1109 2619 cepisse.
1160 2572 1248 2614 Qua
1282 2575 1401 2618 capta
1433 2572 1580 2608 adiisse
1606 2572 1743 2610 lio-13

186 2619 344 2654 noi-ium
373 2619 574 2664 quendam
601 2630 751 2666 magno
778 2621 876 2656 fletu
896 2621 1167 2656 nuntiantem:
1193 2619 1353 2665 “Capta
1371 2625 1432 2656 est
1449 2620 1501 2655 ab
1520 2619 1682 2656 Alarico

187 2665 353 2702 Roma'‘.
404 2666 518 2702 Illum
560 2678 655 2703 vero
697 2668 748 2703 ad
788 2678 878 2703 eum
917 2669 1102 2704 nuntium
1143 2672 1443 2704 consternatum
1488 2669 1682 2704 convulso
1699 2670 1743 2705 14

187 2724 357 2760 corpore
384 2718 422 2750 et
449 2716 597 2751 femina
628 2716 839 2751 ferientem
874 2716 1062 2751 manibus
1097 2716 1266 2751 dixisse:
1307 2715 1457 2751 “Modo
1496 2716 1560 2752 hie
1595 2720 1682 2752 erat

187 2761 324 2806 Roma,
345 2762 547 2808 quomodo
567 2763 691 2808 igitur
710 2767 828 2810 capta
847 2764 964 2799 est?”
1013 2766 1100 2805 Quo
1120 2774 1257 2799 errore
1274 2764 1477 2800 intellecto
1496 2766 1681 2800 nuntium
1700 2766 1742 2800 15

188 2820 337 2855 magno
365 2820 455 2845 cum
482 2812 637 2856 gemitu
664 2811 831 2847 dixisse:
857 2812 949 2847 “De
974 2813 1077 2847 urbe
1104 2811 1206 2855 dico,
1233 2822 1312 2847 non
1342 2811 1392 2847 de
1419 2812 1535 2848 ave”.
1587 2812 1682 2847 Erat
1699 2814 1742 2849 10

187 2859 293 2894 enim
312 2858 405 2893 huic
422 2859 511 2904 regi
529 2858 681 2904 gallina
700 2870 934 2906 permagna,
954 2870 1034 2905 qua
1055 2859 1336 2904 delectaretur,
1364 2861 1525 2896 nomine
1544 2859 1682 2907 Roma,

189 2906 265 2950 cui,
293 2915 383 2942 cum
411 2910 568 2953 captam
597 2916 685 2942 eam
713 2916 799 2943 csse
826 2911 1019 2954 putasset,
1046 2908 1314 2954 ingemuerat.
