1968 3302
349 287 650 332 BASILISCVS
675 287 742 329 ΕΤ
759 283 1046 330 GIZERICVS.
1097 282 1284 327 OBITVS
1309 280 1498 327 LEONIS
1525 284 1553 325 1.
1635 281 1704 326 127

201 417 377 472 βούριον
405 415 523 470 παρὰ
554 419 628 457 τοῦ
660 413 974 469 αὐτοκράτορος
1004 412 1200 465 Λέοντος,
1237 411 1437 458 θέλοντος
1466 410 1539 453 τὸν
1568 412 1704 466 θυγα-
1719 415 1751 450 Β

201 485 345 541 τριδὴν
366 486 496 527 αὐτοῦ
517 484 589 526 τὸν
608 483 763 538 μικρὸν
784 482 946 525 Λέοντα
967 481 1209 537 βασιλεύειν,
1241 481 1516 535 φοβουμένου
1539 480 1577 522 δ’
1600 480 1705 522 ἐκεί·
1720 485 1767 520 30

201 571 303 601 νους
345 555 408 601 ὡς
445 555 553 608 μέγα
593 553 912 607 δεδυνημένους,
956 552 1118 606 μήποτε
1153 553 1226 604 τῆς
1263 549 1508 604 νηπιότητος
1545 549 1706 591 ἐκείνου

203 623 598 678 καταφρονήσαντες
629 621 702 675 τὴν
734 620 870 675 ἀρχὴν
900 619 1230 674 σφετερίσωνται.

317 691 411 733 Ἐπὶ
441 691 591 732 τούτου
622 694 695 731 τοῦ
727 689 933 744 βασιλέως
963 688 1034 730 καὶ
1066 688 1091 742 ἡ
1124 687 1234 741 τιμία
1261 691 1334 742 τῆς
1355 687 1585 741 ὕπεραγίας
1605 687 1705 729 θεο-
1719 692 1764 728 31

203 760 331 802 τόκου
364 759 495 814 ἐσθὴς
526 759 583 805 εἷς
613 757 1055 799 Κωνσταντινούπολιν
1087 756 1295 811 ἐκομίσθη
1335 756 1382 798 ἐκ
1414 755 1706 810 Παλαιστίνης,

203 829 274 871 καὶ
305 829 487 883 ἀπετέθη
521 829 565 869 ἐν
595 833 657 881 τῷ
688 824 789 880 παρ’
823 827 952 868 αὐτοῦ
986 825 1213 880 δομηθέντι
1247 830 1341 879 ναῷ
1373 825 1417 866 ἐν
1450 824 1708 879 Βλαχέρναις

205 898 249 940 ἐν
270 897 456 951 ἀργυρέᾳ
478 901 617 950 σορῷ·
653 892 704 936 δι’
738 897 791 949 ἣν
812 895 883 936 καὶ
904 895 928 936 ὁ
951 893 1052 940 ναὸς
1069 894 1183 948 Ἃγία
1216 893 1344 948 σορὸς
1374 892 1707 948 κατωνόμασται.

328 965 411 1007 Τοῦ
441 964 703 1019 πατριάρχου
737 963 782 1005 δὲ
814 963 1020 1009 θανόντος
1045 963 1299 1016 Ἀνατολίου,
1344 963 1392 1009 ὃς
1431 959 1495 1004 ἐπ’
1536 963 1604 1017 ἔτη
1636 967 1708 1017 τῆς
1721 969 1768 1004 32

147 1043 194 1078 10
207 1034 428 1089 ἐκκλησίας
463 1034 644 1088 προέστη
685 1033 811 1080 ὀκτώ,
855 1031 899 1072 Γ
894 1031 1081 1077 εννάδι-ος
1118 1036 1418 1085 χειροτονεῖται.
1481 1031 1630 1074 τούτου
1663 1031 1709 1073 δὲ
1722 1037 1768 1074 33

207 1105 406 1149 ἐνιαυτοῖς
436 1102 510 1157 τὴν
541 1102 763 1156 ἐκκλησίαν
794 1101 1016 1146 ι’θύναντος
1045 1100 1148 1142 δέκα
1171 1100 1236 1142 ἐπὶ
1257 1101 1372 1154 τρισί,
1405 1100 1476 1142 καὶ
1496 1099 1570 1156 τὴν
1592 1100 1710 1156 ζωὴν

208 1173 552 1227 ἐκμετρήσαντος,
585 1171 835 1225 ἀντεισήχθη
862 1170 1069 1215 Ἀκάκιος.
1723 1175 1753 1212 C

326 1240 412 1282 Καὶ
443 1240 467 1282 ὗ
497 1239 689 1295 βασιλεὺς
729 1239 774 1281 δὲ
806 1238 933 1280 Λέων
968 1238 1151 1293 νοσήσας
1183 1238 1376 1292 ἐξέλιπεν,
1416 1238 1708 1280 ὀκτωκαίδεκα
1721 1245 1769 1281 34

206 1309 455 1365 βασιλεύσας
493 1308 718 1362 ἐνιαυτούς,
761 1307 834 1349 τὸν
869 1307 1024 1362 μικρὸν
1054 1306 1216 1349 Λέοντα
1258 1306 1458 1361 διάδοχον
1488 1311 1560 1362 τῆς
1590 1308 1708 1362 βασι-

150 1386 193 1422 15
207 1379 318 1424 λείας
348 1377 604 1419 καταλιπών.
666 1377 905 1431 κεκόσμητο
938 1376 984 1418 δὲ
1015 1376 1087 1417 καὶ
1117 1376 1259 1422 ἄλλαις
1288 1375 1366 1430 μὲν
1397 1376 1575 1430 ἀρεταῖς,
1616 1376 1709 1418 ἐπέ-
1723 1383 1770 1419 35

207 1447 346 1502 λαμπε
378 1444 414 1488 δ’
449 1446 596 1500 ἐκείνῳ
633 1446 807 1501 μάλιστα
847 1445 894 1487 τὸ
934 1445 1220 1500 φιλοίκτιστον,
1265 1444 1435 1486 εἰωθότι
1478 1444 1608 1498 λέγειν
1651 1444 1711 1486 ὅτι

207 1516 383 1569 “ὥσπερ
415 1515 439 1556 ὁ
470 1515 584 1570 ἥλιος
615 1515 678 1561 οἷς
706 1514 936 1568 ἐπιλάμπει,
969 1517 1042 1568 τῆς
1072 1513 1239 1568 θέρμης
1270 1513 1399 1555 αὐτοῦ
1420 1512 1710 1568 μεταδίδωσιν,

207 1585 321 1627 οὕτω
362 1585 427 1626 δεῖ
461 1584 532 1626 καὶ
574 1583 646 1626 τὸν
689 1583 874 1638 βασιλέα,
919 1582 981 1629 οἷς
1018 1583 1070 1623 ἂν
1109 1582 1328 1636 ἐπιβλέψῃ,
1373 1583 1515 1624 οἴκτου
1559 1580 1712 1628 αὐτοὺς

208 1653 352 1702 ἀξιοῦν
363 1653 400 1694 ''.

209 1777 232 1813 5
256 1777 335 1823 περὶ
362 1782 421 1824 τῆς
447 1778 560 1823 τιμίας
585 1777 733 1824 ἐσθῆτος
759 1778 890 1824 (ζωνῆς
909 1777 956 1822 Ε)
983 1781 1043 1823 τῆς
1068 1777 1241 1812 θεοτόκου
1268 1780 1309 1822 (τ.
1328 1778 1424 1812 θεοτ.
1443 1787 1518 1812 om.
1534 1775 1584 1819 A)
1610 1774 1712 1813 ACE
1770 1804 1774 1808 .

209 1826 588 1919 gnzngmyztffgapxfflv
615 1825 678 1862 OE
785 1825 830 1861 13
855 1825 993 1872 τελευτὴ
1022 1826 1174 1865 Λέοντος
1199 1830 1262 1860 τοῦ
1285 1825 1440 1871 μεγάλου
1466 1823 1568 1861 ACE
1667 1824 1713 1860 17

284 1994 302 2029 1
330 1993 495 2032 θέλοντος
522 2003 596 2028 om.
625 1992 654 2029 C
792 1993 1028 2038 θυγατριδοῦν
1053 1991 1224 2039 prDz'‚
1251 1993 1470 2040 θυγατριδῆν
1496 1991 1578 2038 AR,
1604 1993 1713 2038 θυγα-

282 2043 404 2087 τριδῆν
429 2042 471 2086 Ε,
501 2052 536 2076 v.
564 2041 656 2076 XVI
681 2041 715 2086 4,
741 2041 788 2076 30
884 2043 906 2077 3
932 2042 1148 2086 δυναμένους
1175 2042 1204 2076 Ε
1306 2042 1328 2077 6
1354 2041 1713 2077 κωνσταντινούπολιν

282 2090 362 2132 ΑΕ,
392 2089 454 2135 τὴν
478 2089 559 2124 νέαν
583 2089 710 2135 ῥώμην
737 2089 845 2135 pr,
873 2100 910 2124 v.
938 2089 983 2125 G.
1011 2089 1059 2125 M.
1087 2101 1124 2136 p.
1150 2089 1303 2135 51220,
1331 2089 1544 2135 Nicephor.
1565 2088 1712 2125 Callist.

282 2137 331 2173 H.
359 2137 400 2173 E.
426 2136 496 2173 XV
523 2136 571 2171 24
666 2137 689 2172 8
714 2137 986 2182 κατονομάζεται
1015 2138 1046 2172 Ε
1144 2138 1176 2173 9.
1206 2138 1251 2173 10
1273 2138 1426 2183 προέστη
1447 2151 1476 2173 τ.
1493 2137 1593 2173 ἒκκλ.
1614 2135 1711 2182 pr

283 2186 329 2220 10
354 2184 393 2220 δὲ
418 2185 531 2220 initio
559 2195 700 2220 versus
727 2195 802 2220 om.
828 2185 859 2220 Ε
1022 2185 1064 2220 ll
1092 2186 1278 2225 ἵθύναντος
1305 2185 1368 2232 τὴν
1392 2185 1583 2231 ἐκκλησίαν
1609 2184 1712 2230 pr

283 2233 327 2268 13
347 2232 386 2267 δὲ
405 2243 480 2267 om.
497 2232 531 2267 D
631 2233 674 2268 17
701 2232 752 2272 οἷς
770 2243 846 2268 om.
861 2232 890 2269 C
987 2233 1125 2279 θερμῆς
1152 2233 1235 2280 wssp
1263 2234 1400 2269 invitis
1418 2232 1489 2268 AR
1590 2233 1634 2268 18
1660 2233 1718 2267 δεῖ

283 2279 452 2326 prDi,
479 2280 523 2326 δὴ
549 2279 584 2315 Α
681 2280 864 2326 ἕπιλάμψη
893 2280 921 2317 C

211 2399 361 2445 Leone,
401 2410 492 2435 cum
526 2399 705 2436 Leonem
745 2400 952 2444 minorem,
991 2400 1115 2436 filium
1154 2400 1259 2436 filiae
1297 2410 1408 2446 suae,
1447 2411 1587 2447 regem
1625 2410 1714 2436 esse

213 2448 334 2484 veliet
360 2452 400 2484 et
425 2449 595 2492 timeret,
622 2458 674 2484 ne
700 2448 765 2492 illi,
794 2458 875 2493 qua
902 2452 1018 2483 erant
1044 2452 1255 2494 potestate,
1291 2448 1397 2484 illius
1423 2449 1596 2484 infantia
1623 2450 1776 2486 eon-30

213 2500 364 2542 tempta
393 2506 564 2542 regnum
592 2497 830 2542 arriperent.

332 2543 418 2580 Sub
445 2544 520 2579 hoc
546 2554 645 2589 rege
672 2544 850 2590 pretiosa
875 2543 1079 2590 Deiparae
1105 2545 1383 2580 sanctissimae
1410 2545 1534 2580 vestis
1561 2543 1714 2590 Cpolim
1728 2546 1773 2582 31

214 2601 266 2627 ex
292 2591 523 2627 Palaestina
556 2592 637 2627 lata
671 2595 710 2627 et
742 2592 783 2626 in
817 2591 959 2627 aedem
986 2603 1010 2627 a
1036 2603 1134 2638 rege
1165 2593 1252 2638 ipso
1280 2593 1534 2628 aedificatam
1561 2593 1603 2626 in
1628 2591 1715 2627 Bla—

214 2639 372 2722 cherihis
399 2639 439 2674 in
467 2643 707 2685 argenteum
732 2639 907 2675 loculum
936 2639 1045 2675 illata
1064 2644 1133 2684 est,
1161 2651 1183 2675 e
1203 2650 1283 2686 quo
1303 2642 1343 2675 et
1361 2640 1484 2676 aedes
1503 2638 1540 2676 S.
1559 2639 1715 2675 loculus

213 2697 319 2733 appe
349 2690 418 2722 ata
443 2690 514 2722 est.

332 2733 521 2770 Anatolio
549 2733 780 2779 patriarcha
807 2734 1012 2780 defuncto,
1050 2736 1118 2781 qui
1146 2746 1217 2782 per
1244 2746 1374 2771 annos
1401 2739 1492 2771 octo
1519 2735 1715 2771 ecclesiae
1729 2737 1776 2773 32

214 2783 460 2828 praefuerat,
499 2781 736 2817 Gennadius
772 2787 946 2819 creatur.
1009 2783 1085 2826 Qui
1118 2794 1209 2819 cum
1237 2795 1309 2830 per
1336 2794 1464 2819 annos
1503 2783 1715 2819 ecclesiam
1729 2786 1776 2821 33

213 2831 385 2913 gement-ft
419 2829 612 2865 tredecim
648 2834 687 2865 et
714 2830 839 2866 vitam
874 2831 1081 2876 finivisset,
1123 2832 1209 2867 eius
1249 2831 1336 2867 loco
1367 2831 1623 2867 introductus
1655 2835 1716 2867 est

251 2887 398 2913 cacius.

332 2925 467 2972 Atque
493 2934 566 2961 rex
590 2923 675 2962 Leo
703 2934 725 2962 e
750 2926 892 2963 morbo
919 2927 1103 2971 decessit,
1130 2937 1222 2963 cum
1250 2926 1473 2963 octodecim
1502 2929 1776 2976 regnasset34

214 2983 355 3021 annos,
380 2972 519 3011 Leone
544 2973 700 3011 minore
726 2973 875 3013 herede
893 2976 1011 3024 regni
1029 2975 1181 3023 relicto,
1209 2978 1376 3013 ornatus
1403 2985 1495 3013 cum
1523 2977 1612 3014 aliis
1638 2977 1714 3014 vir·
1729 2977 1776 3017 35
