1968 3302
590 231 862 276 MARCIANO
888 232 1144 275 SVCCEDIT
1169 231 1272 273 LEO
1297 232 1326 272 1.
1642 230 1711 270 121

207 359 399 416 βιώσασα
438 361 506 417 ἔτη
545 362 592 410 ἓξ
627 359 699 403 καὶ
736 359 840 403 δέκα
883 359 955 403 καὶ
989 359 1120 403 παῖδα
1158 363 1338 403 τεκοῦσα
1369 358 1607 414 Ἰλδέριχον,
1652 357 1714 401 ὅτι

206 434 292 477 τοῖς
317 429 544 486 Ἀρειανοῒς
581 429 793 485 ὄμόδοξος
831 429 884 486 ἤν
921 430 947 472 ὁ
982 429 1090 486 ἀνὴρ
1130 429 1271 485 αὐτῆς,
1316 429 1473 484 ἤχθετο
1509 427 1584 483 τὴν
1622 425 1711 484 μετ’

208 500 368 542 ἐκείνου
413 500 656 555 συμβίωσιν.
717 499 789 541 καὶ
831 500 1044 555 λαβομένη
1089 503 1240 554 καιροῦ
1284 498 1355 540 καὶ
1399 497 1502 553 αὐτὴ
1543 499 1600 545 εἷς
1638 497 1713 553 τὴν
1726 495 1774 532 30

207 568 648 611 Κωνσταντινούπολιν
668 573 917 624 μεταχωρεῖ,
948 569 1029 624 ἤδη
1052 573 1124 624 τῆς
1143 567 1305 623 μητρὸς
1325 568 1454 623 αὐτῆς
1475 567 1710 623 θανούσης·

171 639 194 676 5
208 637 291 680 εἶτα
323 639 380 684 εἰς
410 637 459 679 τὰ
486 637 757 695 Ἱεροσόλυμα
789 638 935 686 ἄπεισι,
966 638 1093 681 κάκεῖ
1117 638 1293 692 τελευτᾷ.
1725 634 1758 670 Ρ
1772 633 1809 671 ῙῙ
1823 633 1870 670 49
1883 631 1920 669 Α

328 706 581 762 Μαρκιανὸς
613 706 658 748 δὲ
689 707 865 762 θνήσκει
895 709 942 756 ἒξ
971 707 1220 762 βασιλεύσας
1248 707 1316 762 ἔτη
1338 705 1410 748 καὶ
1429 706 1568 762 μῆνάς
1587 722 1710 760 τινας,
1726 704 1772 740 31

208 775 271 824 ὡς
301 776 380 831 μέν
400 792 503 823 τινες
527 776 704 830 λέγουσι,
738 777 934 831 νοσήσας,
967 776 1029 823 ὡς
1052 773 1089 819 δ’
1113 777 1254 831 ἕτεροι,
1287 775 1560 832 φαρμαχθεὶς
1580 775 1713 818 νεύσει

207 849 282 888 τοῦ
303 845 522 900 πατρικίου
535 844 763 899 Ἅσπαρος,
795 845 1032 901 πρεσβύτης
1053 845 1276 900 γενόμενος
1296 845 1368 887 καὶ
1390 845 1521 900 ζήσας
1542 844 1608 888 ἐπὶ
1628 861 1711 900 μα-

208 914 326 970 κρόν.
390 914 571 970 ἐπιεικὴς
611 914 656 956 δὲ
692 914 767 969 τὴν
806 915 981 970 γνώμην
1019 916 1082 956 ὢν
1121 914 1193 956 καὶ
1228 913 1338 969 πρὸς
1367 914 1464 962 τοὺς
1493 914 1714 970 ὑπηκόους
1726 912 1774 949 32

149 986 196 1022 10
208 982 388 1039 χρηστὸς
419 984 530 1038 ἔλεγε
559 983 619 1039 μὴ
654 983 739 1025 δεῖν
761 983 869 1025 ὅπλα
891 983 1062 1039 βασιλέα
1084 987 1222 1038 κινεῖν,
1255 984 1339 1030 ἕως
1360 983 1582 1039 εἰρηνεύειν
1603 983 1712 1033 ἐξόν.

207 1053 316 1108 μέγα
350 1052 396 1095 δὲ
426 1052 516 1094 τότε
548 1052 781 1107 δυνάμενος
813 1052 838 1094 ὁ
869 1053 1086 1107 πατρίκιος
1097 1052 1262 1107 ’Ἀσπαρ
1292 1053 1372 1107 οὐχ
1402 1053 1601 1108 ᾗρετίσθη
1633 1053 1712 1108 βα-
1727 1050 1774 1086 33

209 1121 388 1164 σιλεῦσαι
418 1121 535 1176 παρὰ
567 1125 640 1163 τοῦ
674 1122 815 1177 δήμου
846 1126 919 1176 τῆς
948 1121 1127 1175 πόλεως,
1161 1122 1221 1163 ὅτι
1241 1126 1315 1176 τῆς
1329 1121 1492 1176 Ἀρείου
1514 1121 1567 1177 ἦν
1594 1122 1712 1177 μετέ-

208 1207 300 1246 χων
338 1191 552 1246 αἱρέσεως.
618 1190 683 1233 διὸ
725 1190 797 1233 τὸν
835 1189 997 1233 Λέοντα
1042 1190 1170 1237 αὐτὸς
1213 1190 1485 1245 ἐβασίλευσεν,
1530 1190 1592 1237 ὡς
1634 1191 1714 1245 μέν
1726 1189 1774 1225 34

207 1276 311 1307 τινες
347 1259 583 1315 ἱστόρησαν,
630 1259 914 1314 αὗτοβούλως,
947 1260 1009 1306 ὡς
1047 1257 1084 1301 6'
1117 1260 1260 1314 ἕτεροι,
1305 1259 1421 1313 παρὰ
1459 1263 1532 1302 τοῦ
1572 1260 1713 1315 δήμου

27 1331 110 1371 ΔΙΙΙ
124 1331 192 1368 251
207 1328 282 1384 τὴν
314 1328 505 1377 ἐξουσίαν
535 1329 692 1384 λαβών,
731 1330 780 1370 ὃν
811 1329 1002 1384 κτήσεων
1032 1329 1176 1383 αὐτοῦ,
1210 1328 1271 1375 ὥς
1302 1329 1470 1383 λέγεται,
1501 1328 1712 1383 προνοού-

207 1414 336 1453 μενον
365 1397 550 1453 ἀπῄτησε
572 1398 769 1452 Καίσαρα
802 1398 949 1452 στέψαι
980 1397 1162 1453 θάτερον
1192 1401 1278 1440 τῶν
1309 1399 1415 1439 υἱῶν
1447 1398 1587 1440 αὐτοῦ.
1644 1397 1715 1439 καὶ
1727 1396 1774 1432 35
1800 1396 1831 1431 Β

207 1467 329 1509 τοῦτὸ
370 1467 719 1522 ἐπαγγειλάμενον
756 1468 812 1514 εἷς
850 1466 924 1522 τὴν
962 1471 1035 1522 τῆς
1070 1467 1278 1522 βασιλείας
1313 1467 1534 1522 περιωπὴν
1566 1467 1713 1509 ἀνεκό-

7 1572 20 1592 ⁴
206 1551 339 1591 μισεν.
402 1537 500 1578 ἔνιοι
533 1536 578 1579 δὲ
608 1537 831 1592 τριβοῦνον
862 1535 963 1579 εἷναι
994 1536 1122 1579 αὐτόν
1152 1552 1257 1591 φασι
1287 1536 1359 1579 καὶ
1389 1539 1475 1579 τῶν
1507 1537 1551 1579 ἕν
1572 1535 1712 1593 Σηλυ-
1727 1535 1774 1571 36

282 1827 303 1862 1
329 1828 368 1869 ἓξ
393 1826 453 1862 καὶ
479 1827 567 1863 δέκα
593 1825 639 1871 Α,
672 1827 862 1869 ἑξκαίδεκα
887 1827 932 1873 R,
967 1828 1164 1864 ἑκκαίδεκα
1189 1826 1363 1874 prDi‚
1390 1839 1426 1864 v.
1453 1827 1547 1864 XIV
1571 1827 1629 1873 22,
1655 1827 1713 1864 34.

282 1874 375 1911 XVI
399 1874 456 1919 22,
486 1875 504 1910 1
627 1874 651 1910 4
676 1877 933 1912 κωνσταντίνου
959 1875 1058 1922 pr
1181 1882 1299 1921 χωρεῖ
1319 1876 1351 1912 Ε
1465 1875 1488 1912 5
1514 1875 1554 1912 τὰ
1581 1887 1656 1912 om.
1683 1875 1713 1912 C

283 1923 304 1958 7
330 1923 488 1969 λέγουσιν
515 1921 659 1970 w*pDi
684 1924 822 1959 invitis
849 1922 930 1967 AR,
958 1935 996 1959 v.
1024 1924 1076 1960 ad
1102 1924 1200 1960 XIII
1227 1925 1261 1969 1,
1286 1924 1308 1960 5
1432 1924 1465 1960 δ’
1491 1925 1604 1969 ἕτεροι
1630 1922 1713 1967 AR,

283 1970 323 2007 δέ
346 1985 435 2011 τινες
460 1970 562 2018 pr
718 1972 763 2007 10
787 1972 870 2018 ἐξῆν
895 1972 926 2007 Ε
1074 1972 1116 2008 11
1144 1972 1183 2007 δὲ
1210 1983 1285 2008 om.
1311 1971 1342 2007 B
1486 1971 1651 2020 βασιλεὺς
1677 1972 1713 2007 D

284 2019 330 2055 13
355 2019 524 2064 αἱρέσεως
538 2018 619 2064 AR,
641 2020 785 2065 μερίδος
799 2019 901 2066 pr
978 2019 1024 2055 14
1048 2021 1158 2066 ἕτεροι
1172 2019 1254 2066 ΑΕ,
1272 2021 1356 2056 ἔνιοι
1373 2019 1471 2067 pr
1546 2020 1592 2057 15
1618 2020 1670 2056 ὧν
1684 2019 1714 2056 C

331 2067 492 2112 κτήσεων
517 2066 686 2114 prDz',
713 2068 867 2103 *zafioscov
889 2066 925 2103 A
1021 2069 1284 2114 προνοούμενος
1305 2069 1311 2112 Ι
1334 2067 1364 2104 C
1462 2069 1508 2105 18
1533 2069 1617 2104 ἔνιοι
1634 2067 1713 2112 ΑΕ,

282 2114 586 2206 ἕερῖἦθηίὃὸ)
616 2116 816 2163 σηλυμβρία
843 2116 874 2152 Ε
901 2116 1090 2162 (fortasse
1116 2120 1244 2163 recte3
1273 2127 1309 2152 v.
1337 2117 1574 2154 Muellerum
1600 2116 1642 2152 F.
1664 2116 1713 2152 H.

323 2190 330 2199 .
436 2174 474 2210 p.

212 2305 435 2350 sequentis,
480 2307 631 2340 nancta
669 2308 827 2350 tempus
868 2308 1141 2351 opportunum
1180 2308 1219 2341 et
1254 2306 1343 2351 ipsa
1376 2305 1528 2350 Cpolim
1563 2303 1715 2340 secedit
1728 2301 1775 2336 30

211 2355 340 2388 matre
366 2353 445 2387 iam
472 2355 652 2396 mortum
678 2355 763 2388 tum
790 2352 1074 2398 Hierosolyma
1101 2353 1187 2388 abit
1212 2357 1252 2389 et
1277 2354 1357 2388 illie
1383 2354 1507 2388 vitam
1535 2353 1632 2387 finit.

331 2399 561 2435 Marcianus
596 2401 766 2435 moritur
801 2403 892 2446 post
927 2411 1099 2446 regnum
1135 2411 1206 2437 sex
1243 2411 1442 2436 annorum
1483 2404 1523 2436 et
1561 2396 1771 2445 aliquotssl

211 2448 421 2491 mensium,
447 2451 494 2483 ut
517 2448 700 2483 nonnulli
728 2448 878 2492 dicunt,
906 2459 956 2483 ex
980 2449 1133 2492 morbo,
1159 2451 1205 2484 ut
1219 2449 1295 2492 alii,
1316 2459 1475 2484 veneno
1497 2448 1592 2483 dato
1611 2450 1715 2483 nutu

212 2496 370 2541 patricii
403 2494 583 2541 Asparis‚
623 2495 842 2531 admodum
875 2495 1043 2541 grandis
1079 2500 1190 2540 natu,
1230 2497 1292 2531 vir
1325 2497 1430 2532 bene
1463 2498 1643 2541 moratus
1676 2492 1775 2531 et32

212 2553 313 2589 erga
339 2543 543 2579 subiectos
569 2543 806 2588 benevolus,
834 2543 968 2579 dicere
990 2544 1131 2579 solitus
1157 2554 1270 2579 arma
1296 2545 1384 2589 reg-i
1411 2555 1493 2579 non
1521 2554 1610 2579 esse
1635 2553 1715 2579 mo-

212 2590 358 2635 venda,
386 2591 515 2626 donec
542 2602 683 2637 pacem
707 2601 832 2637 agere
851 2591 999 2627 liceret.
1037 2591 1171 2637 Aspar
1190 2595 1323 2627 autem
1345 2592 1550 2637 patricius,
1578 2601 1715 2636 quam·
1728 2589 1774 2623 33

212 2638 274 2673 vis
307 2638 477 2675 multum
516 2641 600 2674 tum
640 2643 786 2685 posset,
824 2650 906 2675 non
945 2643 1081 2675 tamen
1113 2650 1186 2675 rex
1220 2643 1380 2675 creatus
1413 2642 1474 2675 est
1506 2650 1530 2674 a
1563 2638 1714 2685 populo

211 2686 336 2730 urbm,
364 2686 473 2731 quod
491 2685 577 2722 Arii
604 2691 692 2723 erat
717 2687 921 2733 particeps
948 2690 1094 2723 sectae.
1147 2687 1405 2734 Quapropter
1430 2687 1517 2732 ipse
1535 2686 1715 2722 Leonem
1729 2683 1773 2719 34

212 2743 349 2778 regem
378 2734 484 2778 fecit,
511 2737 556 2770 ut
581 2735 763 2770 nonnulli
790 2738 1074 2778 narraverunt,
1102 2745 1176 2770 sua
1195 2738 1350 2781 sponte,
1377 2738 1422 2770 ut
1440 2735 1518 2779 alii,
1545 2738 1715 2780 accepta

213 2791 238 2816 a
256 2780 406 2827 populo
426 2785 636 2827 potestate.
688 2782 749 2818 Ita
766 2782 957 2826 Leonem,
985 2793 1149 2818 suarum
1169 2793 1316 2826 rerum,
1335 2786 1380 2818 ut
1398 2783 1538 2827 fertur,
1558 2782 1714 2827 dispen—
1728 2781 1774 2816 35

213 2832 400 2873 satorem,
428 2839 517 2864 cum
546 2830 794 2875 promisisset
821 2841 863 2866 se
886 2830 1071 2866 Caesaris
1097 2830 1285 2865 diadema
1313 2830 1364 2865 ad
1391 2830 1561 2866 alterum
1589 2830 1713 2865 fllium

215 2886 302 2912 esse
329 2876 568 2921 delaturum,
595 2878 647 2912 ad
675 2878 832 2914 culmen
858 2879 975 2923 regni
1004 2878 1157 2914 extulit.
1209 2877 1398 2914 Nonnulli
1419 2881 1554 2914 autem
1574 2877 1715 2913 dicunt
1728 2877 1774 2910 36

215 2934 306 2961 eum
333 2924 540 2961 tribunum
567 2925 691 2962 fuisso
722 2929 762 2962 et
791 2925 1123 2973 Selybrianorum
1156 2926 1418 2972 vectigalium
1449 2926 1713 2973 praefectum,

0 2604 6 2671 ἓ

0 1536 26 1931 ἷ-
209 1684 232 1721 6
258 1684 396 1732 τελευτὴ
422 1689 483 1721 τοῦ
507 1685 682 1732 βασιλέως
708 1686 925 1731 Μαρκιανοῢ
951 1685 1166 1732 (μαρκιανοῦ
1190 1686 1364 1733 βασιλέως
1389 1686 1436 1729 Ε)
1464 1685 1527 1723 ΟΕ

0 2204 17 2256 ξ

0 2266 18 2387 Ξ

0 2382 14 2446 ξς

0 2532 14 2604 ,ἷέ
