2054 3282
370 220 719 260 CONSTANTINI
746 221 917 260 MORES
942 222 1009 259 ET
1034 221 1222 260 FILIAE.
1270 222 1613 260 PATZINACAE.
1668 224 1738 261 571

243 342 427 397 χήσαντι,
449 343 585 398 μηδέν
605 360 640 386 τι
664 343 760 399 περὶ
780 344 922 387 αὐτῶν
942 344 1068 400 πατρὶ
1085 349 1306 400 προσῆκον
1325 345 1603 400 λογισαμένῳ.
1665 345 1739 401 τὴν
1756 349 1802 385 10

243 414 361 465 χεῖρα
394 408 432 452 δ’
456 412 520 453 ὢν
550 412 788 467 ἐλευθέριος
818 413 899 455 οὐκ
930 413 1079 468 ὀρθῶς
1109 414 1260 469 ἐχρῆτο
1290 417 1340 469 τῇ
1371 414 1512 470 ἀρετῇ,
1545 414 1648 456 ὅθεν
1668 414 1740 456 καὶ

244 479 302 525 εἷς
330 478 404 526 τὰς
434 479 673 527 ἀντιθέτους
702 481 854 527 κακίας
885 482 1083 530 ἐξέπιπτε.
1144 486 1229 529 τοῖς
1257 481 1336 537 μὲν
1367 481 1448 537 γὰρ
1477 481 1573 537 περὶ
1599 482 1739 531 αὐτόν,
1756 486 1799 521 11

245 549 291 589 οἳ
317 548 528 602 βάρβαροι
567 548 687 603 ἦσαν,
732 549 995 603 ἀνδράποδα,
1039 551 1146 605 ἅπερ
1183 549 1310 598 αὐτὸς
1339 551 1542 606 ἐκτήσατο
1572 551 1644 593 καὶ
1674 552 1740 600 ἒξ-

208 616 362 670 5έτεμε
392 617 464 658 καὶ
494 617 828 672 θαλαμηπόλους
857 618 929 660 καὶ
958 623 1295 674 κατευναστῆρας
1325 620 1534 675 ἐκέκτητο,
1579 621 1628 666 ὃς
1669 619 1741 661 καὶ
1756 622 1791 657 D

245 687 378 739 τιμῶν
408 685 480 726 καὶ
510 686 658 740 ἀρχῶν
678 689 764 728 τῶν
783 688 970 740 πρώτων
990 688 1181 742 ἠξίωσεν,
1214 688 1394 743 ἁμάξαις
1414 687 1530 735 ὅλαις
1550 688 1741 743 ἐχορήγει

244 752 294 794 τὰ
331 753 540 808 χρήματα,
584 758 668 800 τοῖς
705 751 743 795 δ’
776 754 914 801 ἄλλοις
948 757 1238 810 πεφεισμένως
1267 756 1342 811 τὴν
1371 760 1489 811 χεῖρα
1519 757 1740 810 προέτεινε.

243 820 293 862 τὰ
323 821 402 876 μὲν
433 820 510 863 οὖν
539 826 611 876 τῆς
643 823 816 877 γνώμης
847 824 983 870 οὕτως
1013 823 1096 879 εἶχε
1125 825 1262 879 τούτῳ
1292 830 1354 879 τῷ
1385 824 1675 879 αὐτοκράτορι.

368 889 426 931 Τὰ
459 887 496 931 δ’
531 890 650 937 ἐκτὸς
680 891 943 945 συμπεσόντα
977 892 1136 941 διεξίτω
1168 893 1192 934 ὁ
1213 893 1347 947 λόγος.
1409 894 1449 935 οἱ
1469 892 1740 941 Πατζινάκαι,
1758 896 1801 932 12

186 962 233 998 10
245 957 418 999 Σκύθαι
450 956 488 999 δ’
522 957 637 1000 οὗτοι
668 960 731 1006 ὡς
761 960 1004 1014 ἔμπροσθεν
1035 962 1202 1015 εἴρηται,
1244 962 1459 1016 διαβάντες
1487 961 1560 1003 τὸν
1581 961 1741 1015 Ἴστρον

245 1030 295 1081 τῇ
320 1026 444 1080 χώρᾳ
464 1031 537 1081 τῆς
557 1027 825 1082 Βουλγαρίας
846 1029 897 1070 οὗ
927 1033 1095 1083 μικρῶς
1125 1030 1393 1084 ἐλυμήναντο.
1454 1029 1557 1071 ἀλλὰ
1582 1030 1741 1076 τούτοις
1756 1034 1801 1069 13

247 1095 515 1137 ἇντεπελθὼν
545 1095 862 1143 Κωνσταντῖνος
895 1097 919 1138 ὁ
951 1097 1149 1152 Διογένης
1180 1098 1204 1139 ὁ
1235 1102 1308 1140 τοῦ
1339 1098 1520 1152 Σιρμίου
1559 1101 1740 1152 κρατῶν,

30 1166 71 1207 D
91 1167 145 1204 lv
167 1166 232 1202 127
246 1164 295 1210 ὃς
324 1163 396 1204 καὶ
428 1163 532 1212 ὅοὺξ
563 1164 799 1219 ὠνομάσθη
838 1169 910 1220 τῆς
941 1165 1219 1220 Βουλγαρίας,
1265 1166 1467 1220 ἐτρέψατό
1510 1182 1552 1207 τε
1589 1166 1742 1213 αὐτοὺς

245 1230 317 1273 καὶ
345 1232 514 1286 ἠρεμεῖν
535 1232 747 1287 ἠνάγκασε
767 1232 838 1274 τὸν
855 1233 1015 1288 Ἴστρον
1038 1235 1376 1288 ὁιαπεράσαντας.
1438 1239 1512 1277 τοῦ
1536 1235 1742 1290 βασιλέως
1757 1238 1802 1275 14

189 1305 233 1341 15
248 1300 294 1342 δὲ
328 1300 545 1342 Βασιλείου
577 1301 785 1347 θανόντος
817 1301 895 1342 δύο
927 1303 1127 1344 ἐνιαυτῶν
1157 1302 1264 1358 ἦσαν
1295 1303 1423 1357 φόροι
1452 1303 1742 1357 ἀνείσπρακτοι

249 1368 408 1422 (ἒόίὸου
440 1368 520 1422 γὰρ
552 1369 709 1415 ἐκεῖνος
741 1369 966 1423 ὑπέρθεσιν
996 1374 1083 1416 ταῖς
1107 1371 1354 1424 εἰσπράξεσι,
1387 1370 1637 1425 φειδόμενος
1656 1374 1742 1412 τῶν

245 1435 495 1492 ὗποτελῶν)·
528 1435 652 1483 οὗτος
674 1437 719 1479 δὲ
745 1438 816 1479 καὶ
847 1437 895 1479 τὰ
927 1442 1012 1480 τῶν
1041 1438 1343 1492 παρελθόντων
1374 1439 1574 1481 ἐνιαυτῶν
1601 1438 1673 1481 καὶ
1692 1438 1741 1480 τὰ
1758 1443 1801 1479 15

245 1508 331 1547 τῶν
362 1503 430 1560 ἐφ’
463 1506 525 1553 οἷς
556 1506 682 1553 αὐτὸς
713 1506 814 1562 ἦρξε
844 1510 971 1561 τριῶν
1002 1507 1138 1549 ὄντων
1166 1507 1438 1561 ἀσυμπαθῶς
1458 1507 1954 1562 εἶσεπράξατο,Ρ11229Α

245 1635 269 1670 9
292 1635 372 1680 περὶ
394 1636 631 1676 Πατζινάκων
657 1635 720 1672 ΟΕ
818 1666 828 1673 ,
871 1636 915 1672 14
940 1638 1037 1676 ὅπως
1063 1642 1135 1676 ταῖς
1160 1637 1383 1682 εἷσπράξεσιν
1407 1638 1428 1672 ὁ
1451 1636 1617 1683 βασιλεὺς
1641 1637 1743 1677 οὗτος

244 1683 405 1729 ἐξὲτριψε
430 1683 468 1719 τὸ
492 1683 652 1730 ὑπήκοον
677 1683 741 1720 ΟΕ

320 1802 338 1838 1
364 1808 543 1848 προςῆκον
566 1803 671 1848 πατρὶ
697 1803 726 1840 C
824 1803 847 1839 2
871 1804 998 1850 ἐχρῆτο
1024 1804 1109 1850 w*p
1205 1803 1229 1839 4
1254 1805 1290 1839 οἳ
1305 1803 1445 1849 RwDi‚
1471 1805 1509 1839 οἱ
1522 1803 1585 1850 Ap
1682 1805 1742 1840 καὶ

319 1860 394 1886 om.
420 1850 490 1885 BD
600 1851 622 1886 ἴ)
648 1851 709 1886 καὶ
734 1855 829 1887 ante
854 1866 930 1887 κατ.
958 1862 1033 1887 om.
1061 1851 1096 1886 D
1202 1851 1253 1897 ὃς]
1281 1853 1342 1891 οὓς
1368 1852 1466 1898 pr
1564 1852 1586 1887 6
1612 1851 1742 1897 ἠξίωσε

316 1897 377 1933 καὶ
404 1897 439 1932 D
585 1899 605 1934 7
637 1904 733 1935 ante
759 1899 821 1945 τὴν
847 1899 938 1934 add.
965 1900 1052 1944 ἄγαν
1078 1898 1235 1945 prDi
1379 1900 1402 1935 8
1426 1900 1489 1935 οὖν
1516 1911 1590 1935 orn.
1619 1899 1647 1935 C

316 1945 339 1980 9
364 1945 583 1991 anundum-za
609 1946 656 1992 p*
753 1947 909 1988 διεξιέτω
936 1947 971 1981 Ι)
1071 1947 1116 1982 10
1139 1948 1270 1982 σκῦθαι
1298 1947 1383 1990 (sic)
1406 1947 1479 1982 AD
1578 1951 1668 1993 post
1693 1947 1742 1986 ὡς

318 1993 409 2029 add.
436 1994 497 2029 καὶ
523 1993 621 2040 pr
719 1994 933 2040 ἔμπροσθεν]
959 1994 1070 2030 XVII
1088 1994 1177 2038 l,2l
1280 1995 1319 2030 11
1347 2000 1493 2040 μικρῶν
1517 1995 1742 2039 ἐλυμαίνοντο

317 2039 353 2075 D
453 2041 497 2076 12
517 2042 641 2087 ἅρχων
660 2042 692 2078 O
795 2043 836 2078 13
854 2057 889 2077 τε
908 2053 983 2078 0111.
1004 2041 1039 2076 D
1140 2042 1182 2078 17
1208 2043 1405 2087 ὖπερτελῶν
1425 2043 1454 2078 Ε
1551 2042 1611 2078 καὶ
1631 2042 1741 2089 prius

318 2099 393 2124 om.
420 2087 477 2125 Di
502 2090 639 2125 invitis
664 2089 801 2136 Apr
899 2089 939 2126 τὰ
967 2090 1077 2136 prius
1104 2101 1179 2125 om.
1207 2089 1235 2126 C

245 2230 345 2256 cura
369 2221 587 2267 imperator
612 2222 743 2257 faetus
777 2222 1132 2268 complectebatur.
1182 2223 1278 2259 Erat
1315 2222 1380 2258 ille
1419 2222 1581 2268 quidem
1619 2231 1742 2257 manu
1757 2221 1802 2256 10

245 2267 298 2303 ad
323 2268 577 2315 largiendum
604 2274 801 2315 prompta,
827 2269 898 2305 sed
919 2280 1008 2305 eum
1037 2270 1288 2315 benignitate
1313 2281 1395 2306 non
1421 2273 1530 2305 recte
1548 2273 1740 2313 uteretur,

246 2316 286 2351 in
313 2317 500 2362 opposita
525 2317 753 2352 liberalitati
786 2318 883 2352 vitia
919 2317 1194 2354 delabebatur.
1245 2318 1345 2354 Nam
1383 2321 1429 2353 ut
1466 2318 1506 2352 in
1544 2316 1797 2353 barban-0⁸11

246 2363 463 2399 familiares
489 2374 595 2409 suos,
621 2366 835 2411 mancipia,
862 2375 967 2410 quae
994 2366 1079 2411 ipse
1106 2370 1240 2412 empta
1258 2368 1455 2401 casti-arat
1472 2365 1740 2410 cubiculoque

246 2411 428 2447 curando
455 2416 494 2447 et
520 2422 660 2448 somno
686 2412 939 2448 conciliando
974 2414 1239 2458 praefecerat,
1275 2423 1451 2449 summos
1491 2413 1663 2448 bonores
1702 2416 1742 2447 et

247 2469 312 2494 ma
346 2459 507 2495 'stratus
537 2461 783 2505 conferebat,
813 2461 869 2495 ita
896 2459 1035 2495 iisdem
1062 2464 1147 2496 tota
1173 2461 1352 2507 plaustra
1379 2461 1641 2506 pecuniarum
1668 2459 1741 2495 lar-

247 2470 448 2552 gieffatur,
486 2508 631 2543 ceteris
665 2518 787 2554 parce
814 2507 1030 2543 admodum
1058 2518 1218 2543 manum
1247 2508 1493 2554 porrigebat.
1543 2506 1676 2553 Atque
1702 2507 1739 2542 hi

246 2564 379 2590 mores
404 2555 492 2590 eius
517 2556 770 2602 imperatoris
796 2557 920 2591 fuere.

364 2601 481 2639 Nunc
499 2603 702 2648 quomodo
722 2614 784 2639 res
803 2607 964 2639 exteras
981 2603 1163 2647 gesserit,
1181 2613 1444 2649 exponamus·
1487 2603 1739 2646 Patzinacae,
1758 2602 1801 2637 12

246 2659 366 2694 quam
393 2649 622 2696 Scythicam
649 2661 737 2686 esse
762 2655 924 2697 gentem
951 2660 1074 2696 supra
1105 2650 1291 2694 diximus,
1329 2651 1496 2686 traiecto
1525 2650 1625 2686 Istro
1652 2650 1740 2686 Bul-

245 2697 387 2742 gariae
427 2708 509 2733 non
551 2709 679 2744 parva
715 2699 950 2733 detrimenta
991 2698 1223 2733 intulerunt.
1274 2698 1421 2733 Verum
1453 2708 1522 2733 eos
1549 2697 1800 2734 constan-13

246 2745 354 2779 tinus
379 2743 598 2791 Diogenes,
636 2745 767 2782 Sirmii
795 2746 1035 2791 praefectus,
1073 2746 1141 2787 qui
1173 2750 1212 2781 et
1238 2745 1455 2792 Bulgariae
1490 2746 1574 2781 dux
1606 2745 1739 2792 appel-

247 2791 351 2827 latus
378 2796 448 2833 est.
481 2793 587 2829 ultra
614 2793 757 2829 Istrum
787 2793 1022 2839 profligatos
1049 2793 1257 2838 quiescere
1283 2794 1428 2838 coegit.
1479 2792 1577 2829 Cum
1605 2797 1738 2829 autem
1755 2792 1799 2828 14

246 2849 345 2883 reste
364 2838 510 2875 Basilio
536 2844 695 2876 mortuo
722 2841 770 2882 (is
789 2841 892 2876 onim
913 2840 1135 2875 tributariis
1156 2841 1373 2876 clementer
1398 2841 1571 2887 spatium
1600 2840 1738 2878 dabat)

249 2887 399 2923 biennii
426 2889 644 2935 vectigalia
670 2889 925 2932 deberentur,
953 2888 1018 2923 ille
1045 2893 1084 2924 et
1109 2899 1158 2924 ea
1178 2892 1218 2924 et
1236 2889 1323 2924 eius
1341 2888 1512 2933 triennii,
1539 2899 1612 2935 per
1630 2887 1738 2935 quod
1755 2887 1799 2924 15
