2054 3282
370 222 440 260 394
786 222 966 261 ZONAR.
995 223 1123 259 EI’IT.
1152 222 1243 260 XVI
1267 225 1300 270 3,
1327 224 1455 262 3—15.

370 345 459 400 τρία
491 344 601 401 μόνα
636 346 880 403 κεντηνάρια
918 347 1112 403 εὑρηκὼς
1151 347 1198 390 ἔκ
1236 351 1308 403 τῆς
1345 347 1697 404 ἄπηριθμημένης
1731 348 1861 392 ποσό-

369 430 499 469 τητος.

333 484 356 521 4
492 483 575 538 Τὴν
607 485 756 526 ἑαυτοῦ
791 485 836 527 δὲ
866 486 1025 540 μητέρα
1058 485 1082 527 ὁ
1114 485 1286 540 Μἰχαὴλ
1316 489 1401 528 τῶν
1431 487 1651 542 βασιλείων
1688 489 1860 544 ὑποχω-

369 552 558 606 ρήσασαν
581 553 659 594 οὐκ
682 554 815 594 εἴασεν
837 554 1016 607 ἠρεμεῖν,
1049 551 1135 595 ἀλλ’
1159 554 1400 609 ὑποθήκαις
1419 560 1493 598 τοῦ
1516 556 1667 611 Βάρδα
1689 558 1863 612 πέμψας

370 620 580 674 ἀποκείρει
623 621 694 662 καὶ
737 621 866 675 αὐτὴν
909 621 979 663 καὶ
1022 622 1094 668 τὰς
1133 622 1319 677 ἀδελφὰς
1358 623 1430 665 καὶ
1468 626 1512 667 ἓν
1547 631 1609 680 τῷ
1640 627 1747 681 οἴκῳ
1777 624 1897 669 τῶν5

333 687 586 742 ὃΚαριανοῦ
626 690 848 743 περιορίζει
888 690 959 732 καὶ
1003 692 1080 733 ὅσα
1125 697 1288 747 προσῆν
1332 693 1576 747 ἀφαιρεῖται.
1638 694 1797 742 τούτοις
1835 696 1860 750 ἡ

375 755 581 810 Θεοδώρα
613 757 810 812 πληγεῖσα
842 758 916 814 τὴν
947 759 1090 814 ψυχὴν
1120 765 1360 815 μεταχωρεῖ
1379 761 1487 815 πρὸς
1507 762 1580 809 τὰς
1601 764 1762 806 ε’κεῖθεν
1781 779 1860 818 μο-

333 824 456 877 6νάς,
502 825 639 879 ὀλίγον
681 831 730 881 τῇ
768 833 972 883 συμφορᾷ
1011 829 1252 884 ἓπιζήσασα.
1316 831 1358 871 αἱ
1396 830 1440 872 δὲ
1478 831 1705 886 θυγατέρες
1735 833 1863 888 αὐτῆς

368 892 440 936 καὶ
470 897 543 935 τοῦ
574 895 780 948 βασιλέως
817 897 1045 951 ὁμαίμονες
1081 898 1256 952 ἤντλουν
1290 898 1338 940 τὰ
1376 899 1518 946 αὐταῖς
1561 901 1861 955 ἒπενηνεγμένα

368 962 495 1016 κακά,
528 964 578 1009 ἃς
610 963 634 1005 ὁ
654 963 876 1006 Μακεδὼν
906 965 1009 1020 μετὰ
1040 970 1166 1008 ταῦτα
1190 966 1406 1014 Βασίλειος
1435 972 1508 1023 τῆς
1538 969 1744 1023 βασιλείας
1775 970 1861 1011 ἐπι·
1879 971 1921 1007 10

323 1031 602 1085 Βλαβόμενος
641 1033 749 1087 πρὸς
785 1034 859 1089 τὴν
895 1040 967 1089 τῆς
1003 1034 1109 1089 πρὸς
1141 1035 1301 1089 μητρὸς
1332 1037 1474 1083 αὑταῖς
1504 1037 1683 1092 μάμμης
1712 1038 1860 1092 μονήν,

333 1103 354 1139 7
369 1101 393 1154 ἣ
426 1099 471 1140 Γ
465 1101 608 1154 αστρία
645 1103 838 1155 καλεῖται,
884 1104 1085 1158 ἀπήγαγε.
1148 1109 1220 1159 τῆς
1258 1105 1303 1146 δὲ
1341 1110 1414 1147 τοῦ
1451 1106 1656 1160 βασιλέως
1691 1106 1861 1161 μητρός,

368 1168 430 1215 ὡς
468 1170 633 1224 εἰρηται,
677 1175 762 1214 τῶν
806 1173 1054 1227 ἀνακτόρων
1093 1174 1306 1229 ἐκστάσης,
1351 1176 1375 1229 ἡ
1408 1178 1521 1217 πᾶσα
1554 1180 1627 1230 τῆς
1656 1175 1863 1230 βασιλείας

369 1237 568 1292 διοίκησις
606 1239 689 1282 ὑπὸ
729 1240 800 1282 τὸν
840 1241 1017 1294 Βάρδαν
1061 1242 1230 1296 ἐγένετο,
1274 1244 1497 1298 τιμηθέντα
1541 1243 1863 1299 κουροπαλάτην

366 1305 475 1360 πρὸς
505 1311 578 1349 τοῦ
610 1308 799 1362 ἀνεψιοῦ.
1878 1315 1922 1351 15

332 1378 354 1415 8
485 1374 590 1418 Εἶτα
635 1377 891 1432 ἐκστρατεύει
930 1379 954 1421 ὁ
995 1378 1165 1435 ΒΙιχαὴλ
1209 1379 1314 1422 κατὰ
1358 1384 1443 1422 τῶν
1473 1380 1730 1436 Ἀγαρηνῶν,
1773 1381 1864 1435 ἄρτι

367 1535 413 1570 13
439 1536 488 1572 ὅτι
514 1538 536 1583 ἦ
562 1543 622 1583 τῆς
646 1538 824 1584 βασιλείας
850 1539 1022 1584 διοίκησις
1050 1545 1099 1584 τῷ
1125 1540 1250 1585 Βάρδᾳ
1275 1540 1420 1586 ἀνετέθη
1449 1539 1511 1576 CE
1655 1541 1700 1576 16
1725 1541 1776 1576 ὅτι
1801 1541 1861 1577 ἕκ-

367 1586 574 1628 στρατεύσας
599 1587 620 1621 ὁ
644 1586 791 1631 ΙῑῙιχαὴλ
823 1587 884 1622 καὶ
915 1587 1121 1631 πολιορκῶν
1151 1587 1192 1623 τὰ
1217 1588 1418 1633 Σαμόσατα,
1456 1592 1580 1628 κακῶς
1613 1588 1792 1634 (πολεμῶν
1822 1588 1863 1626 τὰ

367 1632 545 1676 σαμόσατα
570 1639 707 1678 κακῶς,
734 1633 780 1679 Ε)
806 1635 944 1670 ἐκεῖθεν
969 1634 1167 1681 ἀπήλλαξεν
1193 1634 1256 1672 ΟΕ

438 1782 462 1818 3
485 1782 616 1829 μιχαὴλ
642 1782 723 1828 ΑΟ,
749 1783 910 1830 βασιλεὺς
937 1785 1033 1830 Ewp
1154 1785 1340 1829 βασιλειῶν
1367 1785 1451 1827 (sic)
1479 1784 1512 1820 A
1634 1785 1657 1821 5
1682 1785 1742 1821 καὶ
1768 1789 1862 1821 ante

438 1830 546 1876 αὐτὴν
574 1842 648 1866 om.
675 1830 706 1865 B
804 1832 836 1867 5.
856 1832 878 1867 6
904 1837 974 1867 τῶν
1000 1833 1076 1873 (τοῦ
1102 1831 1342 1878 EwapDi)
1368 1838 1539 1876 καριανοῦ
1564 1835 1752 1879 περιορίζει
1780 1832 1860 1878 AR,

437 1880 628 1923 περιορίζει
653 1878 762 1925 αὐτὴν
784 1885 854 1914 τῶν
880 1885 1050 1924 καριανοῦ
1077 1879 1118 1925 B,
1147 1891 1183 1914 V.
1212 1879 1325 1916 Cedr.
1353 1879 1542 1925 (Scylitz.)
1569 1881 1608 1916 II
1633 1892 1670 1926 p.
1700 1881 1776 1925 161,
1806 1882 1823 1916 1

439 1926 461 1960 6
487 1930 580 1962 ante
598 1927 721 1972 ἀφαιρ.
741 1927 830 1962 add.
850 1928 968 1967 αὐταῖς
987 1927 1084 1973 pr
1175 1928 1195 1963 7
1221 1928 1335 1963 ἐκεῖσε
1353 1928 1520 1974 Ewap
1606 1929 1628 1964 9
1655 1943 1676 1974 η
1695 1927 1698 1967 l
1716 1930 1862 1974 ἤντλουν

440 1974 525 2015 (sic)
552 1973 597 2018 A,
626 1975 752 2020 ἥτλουν
778 1975 825 2017 D,
854 1986 951 2010 corr.
982 1975 1049 2012 Dw
1146 1975 1404 2021 ἒπηνενηγμένα
1432 1977 1462 2010 Ε
1565 1976 1606 2011 11
1633 1976 1745 2022 μονὴν
1771 1980 1862 2022 post

439 2020 501 2067 τὴν
527 2021 558 2057 O
721 2023 766 2058 13
791 2022 938 2068 εἴρηται]
965 2023 1057 2058 XVI
1082 2023 1115 2067 2,
1141 2023 1187 2058 33
1202 2034 1251 2058 SS.
1411 2024 1455 2058 14
1480 2025 1651 2069 διοίκησις
1679 2035 1754 2060 om.
1781 2023 1861 2068 CD,

439 2081 569 2127 suppl.
595 2081 664 2119 Dw
763 2082 807 2117 16
833 2074 1055 2127 ἐκστρατῆψῖἶ
1081 2082 1169 2118 κατὰ
1194 2083 1381 2128 ἆγαρηνῶν
1400 2082 1447 2128 D,
1475 2093 1576 2118 corr.
1591 2086 1631 2119 et
1649 2084 1776 2130 suppl.
1792 2084 1861 2123 Dw

368 2230 472 2265 illius
498 2231 704 2266 interitum
731 2241 858 2277 regno
887 2232 1036 2276 potitus
1055 2231 1226 2267 Basilius
1245 2232 1407 2277 recepit,
1435 2232 1563 2266 tribus
1590 2233 1744 2266 tantum
1773 2242 1861 2267 cen-

367 2279 533 2313 tenariis
560 2278 610 2313 de
636 2282 750 2314 tanta
776 2289 931 2314 summa
957 2280 1138 2324 repertis.

331 2322 353 2357 4
489 2325 654 2361 Matrem
683 2337 780 2361 vero
807 2337 922 2362 suam
953 2326 1122 2362 Michaffl
1149 2328 1263 2369 reg-ia
1291 2327 1515 2371 digressam
1545 2327 1753 2371 quiescere
1780 2337 1860 2362 non

370 2383 510 2418 passus
538 2377 607 2416 est,
635 2373 706 2408 sed
725 2373 884 2409 Bal-dac
909 2375 1102 2409 instinctu
1129 2378 1166 2409 et
1193 2375 1320 2419 ipsam
1348 2377 1386 2409 et
1412 2384 1571 2409 sorores
1598 2374 1750 2418 capillis
1775 2377 1859 2409 ton-

369 2421 421 2455 sis
448 2422 486 2455 in
515 2421 684 2456 aedibus
712 2421 873 2457 Carifmi
899 2422 1079 2465 includit,
1117 2422 1315 2467 ademptis
1343 2422 1539 2464 omnibus,
1579 2431 1684 2465 quae
1711 2421 1859 2456 habue-

332 2465 470 2502 brant.
521 2468 747 2512 Theodora,
787 2470 847 2504 his
881 2470 1003 2504 rebus
1030 2470 1163 2504 animo
1191 2470 1384 2510 sauciato,
1424 2469 1463 2503 in
1491 2469 1595 2503 illius
1621 2469 1697 2503 loci
1724 2479 1858 2503 mona-

369 2516 533 2550 sterium
562 2517 799 2562 commigrat
825 2527 959 2562 neque
986 2517 1054 2551 (liu
1081 2520 1218 2552 tantae
1246 2516 1462 2551 calamitati
1488 2519 1691 2560 superstes
1710 2519 1856 2551 manet.

332 2561 464 2598 ssEius
491 2574 588 2598 vero
616 2563 733 2607 filiae,
772 2565 881 2609 regis
921 2575 1091 2603 sorores,
1120 2564 1234 2606 mala,
1272 2564 1312 2597 in
1353 2574 1457 2608 quac
1497 2564 1703 2598 coniectae
1730 2568 1855 2607 erant,

368 2611 606 2654 tolerabant,
635 2611 763 2646 donec
790 2622 858 2647 cas
877 2611 1048 2646 Basilius
1066 2611 1232 2646 Macedo
1260 2621 1393 2646 rerum
1417 2612 1566 2656 potitus
1594 2612 1633 2645 in
1660 2614 1856 2646 monaste-

367 2658 470 2692 rium
498 2659 618 2693 aviae
642 2662 862 2703 maternae,
903 2660 1011 2704 quod
1039 2658 1289 2693 Gastriorum
1318 2669 1463 2693 nomen
1502 2659 1635 2699 habet,
1676 2658 1855 2693 deduxit.

333 2703 549 2750 TReginae
576 2716 673 2740 vcro
701 2710 828 2741 mati-c
855 2717 877 2741 e
906 2707 1021 2751 reg-ia
1047 2710 1193 2747 amota,
1233 2708 1278 2740 ut
1306 2706 1455 2740 dictum
1482 2709 1552 2748 est,
1591 2706 1713 2740 totius
1739 2706 1856 2750 regni

368 2752 660 2788 administratio
688 2754 740 2788 ad
767 2753 940 2788 ssardam
972 2754 1092 2798 venit,
1129 2754 1192 2788 eui
1222 2763 1348 2798 nepos
1375 2753 1637 2798 curopalatac
1663 2753 1855 2788 honorem

369 2799 520 2834 detulit.

332 2846 354 2880 8
485 2847 580 2883 Post
618 2848 719 2883 haec
756 2848 924 2883 Michac'l
970 2849 1098 2894 prima
1143 2851 1421 2883 succrescente
1467 2848 1661 2893 lanugine
1708 2847 1855 2882 bellum

368 2892 569 2940 Agarenis
596 2896 717 2933 insert
744 2906 966 2943 corumque
991 2897 1134 2933 urbem
1155 2894 1366 2934 Samosata
1392 2895 1443 2931 ad
1470 2895 1714 2942 Euphratem
1741 2895 1856 2931 sitam

2025 2121 2050 2477 x..‘5.xs‡‹'⁴..-2.‡-.3.„-·.-''32Q„2¹¹2
2042 2053 2047 2068 .·
2036 1998 2047 2036 μς,
2037 1907 2046 1953 Aa*

2049 2740 2051 2744 ,
2044 2722 2050 2729 κ
2049 2699 2051 2705 ἡ
2038 2624 2052 2682 ,ἕ-»ι
2036 2519 2051 2616 ᾼ-«ιίἷιυιτ
2046 2484 2051 2510 »1
