2054 3282
339 261 408 297 502
738 258 918 295 ZONAR.
947 257 1076 292 EPIT.
1103 256 1194 292 XVI
1220 256 1276 301 25,
1303 256 1431 292 2—12.

339 382 495 427 ἐκεῖνος
527 380 571 421 δὲ
603 385 651 434 τῇ
685 379 846 433 Κιλικίᾳ
876 376 1133 432 προσβαλὼν
1165 377 1275 430 αἱρεῖ
1300 376 1373 431 τὴν
1392 377 1654 432 Ἀνάβαρζαν
1673 377 1831 420 Ῥωσόν

338 465 379 489 τε
420 449 490 490 καὶ
519 448 702 489 ’Άδαναν
747 447 900 500 (πόλεις
939 443 975 486 δ’
1018 444 1137 486 αὗται
1177 444 1395 499 Κιλίκων),
1441 445 1543 486 ἀλλὰ
1579 447 1719 500 μέντοι
1760 446 1832 488 καὶ

304 518 523 571 3φρούρια
561 517 739 558 πλείονα.
800 519 849 569 τῇ
883 515 928 555 δέ
960 530 1004 567 γε
1039 513 1192 567 Ταρσῷ
1228 513 1298 554 καὶ
1333 518 1382 568 τῇ
1413 513 1580 568 ΛΙόψου
1611 515 1721 569 ἑστίᾳ
1752 516 1831 557 οὐκ

339 586 472 638 ἔκρινε
514 584 766 638 προσβαλεῖν
810 582 876 624 διὰ
916 582 987 624 τὸν
1024 585 1210 636 χειμῶνα
1243 585 1268 637 ’ὴ
1300 586 1373 624 τοῦ
1411 583 1569 636 ἔρωτος
1605 583 1731 625 αὐτὸν
1761 588 1833 638 τῆς

344 653 592 707 Θεοφανοῢς
630 652 738 706 πρὸς
781 652 940 706 ἐκείνην
984 651 1276 697 ἅνθέλκοντος·
1321 651 1443 706 ἀπῄει
1487 650 1566 705 γὰρ
1610 651 1685 693 σὺν
1727 652 1868 707 αὐτῇὸ

303 721 445 775 4πρός
466 721 790 762 Καππαδοκίαν.
853 721 1051 761 κάκεῖθεν
1081 724 1154 761 τοῦ
1187 721 1312 774 ἔαρος
1334 720 1546 774 ἠργμένου
1568 721 1624 766 εἰς
1645 720 1833 762 ,Κιλικίαν

338 789 687 843 ἀνθυπενόστησε,
733 788 804 829 καὶ
842 787 967 834 αὐτὸς
1005 788 1079 842 τὴν
1118 788 1283 841 ᾹΙόψου
1323 788 1456 829 ἑστίαν
1496 788 1740 842 ἐπολιόρκει,
1783 793 1833 843 τῇ

302 862 324 897 5
342 857 495 911 Ταρσῷ
527 857 572 898 δὲ
602 856 673 898 τὸν
695 856 879 910 ἀδελφὸν
901 857 1096 911 ἐπέστησε
1120 855 1290 897 Λέοντα.
1352 860 1424 910 τῆς
1448 856 1493 897 δὲ
1515 856 1679 910 Μόψου
1701 857 1834 903 ἑστίας

293 929 323 964 Β
336 926 467 980 μέσον
487 931 668 979 ποταμῷ
689 930 750 979 τῷ
771 925 907 979 Σάρῳ
930 925 1237 979 διαιρουμένης,
1270 924 1315 966 τὸ
1340 924 1418 979 μὲν
1448 926 1494 966 ἓν
1523 925 1655 979 μέρος
1684 925 1834 980 ταύτης
1848 926 1883 961 D
1903 926 1953 962 IV
1968 926 2015 961 80

338 994 448 1035 ἑάλω
480 994 853 1048 πολιορκούμενον,
886 994 926 1035 οἵ
958 991 994 1035 δ’
1029 994 1072 1035 ἐν
1098 994 1233 1047 τούτῳ
1253 993 1475 1048 Ἀγαρηνοὶ
1495 993 1602 1047 πρὸς
1622 992 1669 1035 τὸ
1690 993 1835 1035 λοιπὸν
1849 998 1894 1033 10

336 1062 650 1117 μετεχώρησαν,
682 1067 744 1116 τῷ
773 1062 1135 1117 καταλελειμμένα)
1166 1066 1251 1116 πῦρ
1284 1062 1549 1117 ἐμβαλόντες·
1582 1061 1664 1103 εἶτα
1696 1061 1767 1103 καὶ
1787 1061 1833 1104 τὸ

302 1130 477 1183 6ἕτερον
508 1130 696 1184 ἑαλώκει,
730 1130 801 1172 καὶ
832 1131 970 1177 οὐδεὶς
1002 1131 1162 1172 ἐκεῖθεν
1195 1131 1348 1184 διέδρα.
1410 1130 1484 1185 τὴν
1510 1130 1555 1172 δὲ
1575 1135 1647 1185 τῆς
1670 1130 1833 1184 ΝΙόψου

338 1198 470 1244 ἑστίας
501 1198 760 1253 ἐκπόρθησιν
791 1200 831 1241 οἱ
862 1199 905 1240 ἐν
935 1204 985 1254 τῇ
1015 1199 1168 1253 Ταρσῷ
1197 1199 1407 1253 μαθόντες
1437 1199 1508 1241 τὸν
1538 1199 1708 1254 βασιλέα
1740 1199 1833 1241 ἐπε-

302 1267 564 1308 Ίκαλέσαντο
601 1267 673 1308 καὶ
709 1267 783 1322 τὴν
819 1268 939 1309 πόλιν
974 1267 1338 1322 παραδεδώκασιν.
1400 1268 1575 1322 ἡμερῶν
1618 1267 1663 1309 δὲ
1705 1270 1833 1322 τριῶν

339 1335 599 1377 διελθουσῶν
620 1335 765 1382 στόλος
787 1337 831 1385 ἐξ
854 1336 1065 1390 Αἰγύπτου
1087 1341 1136 1391 τῇ
1162 1336 1315 1390 Ταρσῷ
1336 1337 1571 1391 βοηθήσων
1602 1336 1831 1390 ἐξέπλευσε,
1848 1338 1892 1374 15

336 1404 603 1458 προσοκεῖλαι
635 1404 680 1446 δὲ
711 1409 760 1459 τῇ
791 1406 932 1459 χέρσῳ
964 1406 1015 1446 οὗ
1047 1405 1360 1459 συγκεχώρητο·
1394 1404 1458 1446 διὸ
1490 1404 1559 1446 καὶ
1585 1403 1710 1451 αὖθις
1730 1405 1830 1446 ἀπέ-

336 1473 527 1514 πλευσεν·
561 1474 731 1527 ἀνέμων
763 1473 808 1515 δὲ
838 1477 987 1520 πνοαῖς
1016 1474 1168 1528 βιαίαις
1197 1473 1530 1527 περιπεπτωκὼς
1559 1473 1631 1514 καὶ
1655 1473 1835 1528 τριήρεσι

302 1540 587 1596 8Ῥωμαϊκαῖς
616 1541 641 1582 ὁ
671 1541 825 1583 πλείων
857 1542 1060 1584 ἀπώλετο.
1123 1543 1147 1584 ὁ
1180 1542 1225 1584 δὲ
1255 1541 1447 1597 βασιλεὺς
1478 1543 1746 1591 ἐπανέζευξεν
1777 1542 1834 1589 εἷς

340 1658 384 1694 18
409 1658 488 1704 περὶ
513 1664 583 1695 τῶν
608 1660 730 1696 πυλῶν
755 1665 814 1706 τῆς
845 1661 982 1706 Ταρσοῦ
1008 1660 1068 1696 καὶ
1094 1665 1155 1706 τῆς
1182 1661 1436 1707 Μοψουεστίας
1465 1659 1527 1696 ΟΕ

412 1774 431 1808 1
459 1773 659 1819 ἇνάβαρζαν
686 1773 795 1820 pr,
821 1774 1021 1820 ἀνάβαρζον
1047 1772 1151 1817 ADi,
1178 1785 1216 1809 V.
1244 1774 1296 1809 ad
1322 1773 1414 1809 XIV
1439 1774 1472 1819 5,
1498 1774 1545 1810 28
1715 1774 1834 1819 ρωσόν

410 1819 568 1866 prDi
598 1821 686 1857 cod.
714 1821 873 1857 Coislin.
900 1821 1014 1858 Cedr.
1042 1821 1231 1867 (Scylitz.)
1258 1821 1296 1856 Π
1323 1833 1359 1867 p.
1385 1821 1466 1866 361,
1494 1822 1549 1866 19,
1575 1821 1681 1867 ῥοσόν
1706 1821 1742 1858 Α

409 1869 444 1904 3.
470 1869 503 1904 7.
529 1869 563 1904 8.
591 1869 647 1905 12.
673 1880 711 1915 p.
737 1869 818 1914 503,
845 1870 867 1904 2
892 1871 1112 1916 μοψουεστία
1143 1873 1216 1905 cet.
1248 1880 1331 1905 uno
1364 1870 1566 1905 vocabulo
1602 1873 1834 1906 constanter

409 1915 577 1962 EwpDz',
601 1918 725 1962 μόψου
751 1918 845 1952 ἑστία
871 1921 945 1953 eet.
965 1917 1125 1953 duobus
1144 1917 1355 1953 vocabulis
1374 1920 1606 1953 constanter
1623 1916 1693 1954 AO
1717 1917 1832 1954 Cedr.

410 1963 599 2009 (Scylitz.)
618 1964 654 1999 II
674 1975 711 2010 p.
726 1964 807 2010 361,
822 1965 866 2000 21
887 1967 979 2009 cet.;
1007 1966 1139 2000 variat
1164 1965 1289 2010 igitur
1315 1964 1493 2001 Zonaras
1519 1965 1623 2001 inter
1649 1966 1832 2011 Μομψου-

407 2013 521 2047 εστίαν
548 2012 615 2052 (ad
633 2011 724 2048 XIV
750 2013 784 2057 8,
804 2012 864 2058 16)
891 2016 930 2048 et
947 2014 1085 2058 Μόψου
1108 2013 1222 2048 ἑστίαν
1248 2012 1394 2054 (XVIII
1422 2012 1476 2057 12,
1495 2013 1527 2048 7.
1554 2013 1590 2056 9)
1687 2013 1711 2048 4
1733 2012 1831 2058 προῐ-

408 2059 529 2105 βαλεῖν
553 2060 585 2095 Ε
717 2059 751 2095 4.
778 2059 801 2095 5
825 2060 929 2096 αὐτὸν
955 2063 1049 2096 ante
1073 2060 1161 2106 πρὸς
1188 2059 1219 2095 Ο
1353 2060 1374 2095 6
1399 2060 1501 2105 ἀέρος
1526 2060 1558 2096 Ε
1688 2060 1774 2105 πρὸς
1801 2061 1832 2097 Ο

412 2108 433 2143 7
460 2111 550 2152 post
573 2107 676 2147 αὐτὸς
693 2108 784 2143 add.
803 2107 868 2153 μὲν
885 2107 983 2154 pr
1081 2108 1103 2143 9
1129 2113 1178 2153 τῷ
1196 2107 1308 2152 Σάρῳ
1329 2118 1403 2143 om.
1423 2107 1459 2142 D
1559 2108 1601 2143 11
1627 2108 1833 2154 ἐμβάλοντες

410 2154 446 2189 D
538 2155 583 2190 12
603 2155 742 2191 ἐδιώκει
757 2155 804 2200 D,
821 2156 969 2191 ἑαλώκει
984 2166 1085 2192 corr.
1101 2155 1169 2194 Dw
1258 2155 1312 2190 12.
1330 2155 1373 2190 13
1392 2156 1509 2201 ψόγου
1523 2156 1635 2196 ἑστίας
1649 2156 1697 2201 D,
1709 2157 1833 2201 μόψου

409 2203 523 2242 ἑστίας
540 2202 609 2241 Dw
698 2202 743 2238 15
768 2203 977 2239 κατέπλευσε
996 2203 1240 2246 (κατέπλευσεν
1260 2202 1300 2247 C,
1325 2203 1541 2238 κατάπλευσε
1558 2203 1605 2248 D,
1633 2214 1734 2239 corr.
1749 2203 1833 2248 Dw)

411 2249 509 2296 pr
610 2251 653 2286 17
678 2251 808 2297 βιαιάις
834 2252 974 2298 (βιαίοις
1001 2251 1046 2294 Β)
1071 2257 1193 2291 πνοαῖς
1219 2251 1316 2297 pr

337 2355 596 2393 Anabarzam
623 2361 661 2394 et
687 2358 837 2394 Rosum
864 2362 904 2394 et
929 2357 1125 2403 Adanam,
1166 2359 1251 2394 eius
1288 2359 1523 2404 provinciae
1553 2358 1686 2403 urbes,
1726 2359 1834 2404 capit

302 2403 501 2450 3aliaque
539 2405 655 2451 plura
694 2406 869 2441 castella.
932 2406 1102 2441 Tarsum
1145 2416 1243 2442 vero
1283 2410 1322 2441 et
1358 2405 1671 2450 Mopsuhestiam
1710 2416 1833 2452 oppu-

338 2462 468 2497 gnare
500 2463 582 2488 non
615 2454 766 2498 statuit,
804 2454 890 2489 sive
923 2454 974 2489 ob
1009 2454 1191 2496 hiemem,
1230 2454 1316 2489 sive
1346 2463 1483 2488 amore
1509 2457 1706 2488 avocatus
1732 2464 1833 2498 erga

302 2497 694 2545 4Theophanonem,
737 2511 911 2546 quacum
950 2500 1250 2547 Cappadociam
1291 2501 1415 2546 petiit.
1478 2500 1595 2535 Unde
1640 2511 1737 2536 vere
1775 2502 1833 2536 in-

339 2549 462 2582 eunte
493 2547 534 2582 in
561 2547 739 2583 Ciliciam
771 2558 971 2592 reversus,
1010 2549 1135 2584 fratre
1162 2548 1300 2584 Leone
1333 2551 1473 2583 contra
1498 2547 1669 2583 Tarsum
1701 2549 1830 2592 misso,

302 2592 426 2639 5ipse
450 2594 764 2640 Mopsuhestiam
792 2596 960 2639 obsedit,
991 2606 1111 2641 quam
1138 2606 1228 2631 cum
1254 2595 1426 2630 mediam
1454 2596 1601 2630 flumen
1628 2594 1751 2631 Sarus
1778 2596 1831 2631 di-

340 2641 463 2686 vidat,
501 2643 628 2678 altera
663 2644 749 2678 eius
783 2646 898 2689 parte
927 2646 1176 2689 expugnata,
1210 2642 1391 2689 Agareni
1417 2643 1513 2688 igne
1538 2643 1685 2678 iniecto
1712 2644 1754 2678 in
1780 2643 1832 2678 al·

303 2688 466 2724 (it-eram
492 2700 534 2725 se
560 2694 812 2736 receperunt,
840 2701 921 2736 qua
947 2694 986 2726 et
1011 2691 1099 2736 ipsa
1126 2694 1244 2736 capta
1270 2700 1387 2726 nemo
1407 2690 1562 2736 effugit.
1613 2690 1832 2727 Tarsenses

341 2738 503 2781 quoque
530 2737 670 2772 audita
695 2737 994 2784 Mopsuhestiae
1020 2738 1334 2784 expugnatione,
1362 2738 1450 2782 regi
1468 2739 1661 2773 arcessito
1688 2738 1831 2774 urbem

304 2782 605 2819 7tradiderunt.
656 2785 809 2821 Triduo
837 2785 974 2831 elapso
1002 2785 1138 2821 classis
1161 2784 1366 2831 Aegyptia
1384 2784 1651 2821 Tarsensibus
1678 2786 1830 2821 auxilio

339 2830 460 2865 missa
485 2831 537 2866 ad
563 2835 712 2868 terram
738 2833 967 2879 appellendi
993 2834 1227 2868 facultatem
1253 2843 1335 2867 non
1362 2833 1512 2876 habuit,
1539 2833 1763 2878 eademque
1789 2834 1831 2868 in

340 2877 473 2913 reditu
488 2885 527 2914 et
537 2883 750 2915 ventorum
765 2881 949 2925 procellis
965 2884 1002 2915 et
1011 2880 1282 2916 Romanarum
1297 2880 1517 2915 triremium
1531 2880 1830 2916 incursionibus

304 2924 326 2959 8
340 2926 492 2961 maiore
511 2936 560 2961 ex
577 2931 691 2971 parte
706 2928 832 2972 periit.
859 2927 946 2963 Rex
962 2927 1115 2974 Cpolim
1132 2937 1321 2963 reversus
1340 2938 1480 2963 aereas
1495 2927 1610 2963 Tarsi
1625 2931 1664 2963 et
1674 2927 1830 2973 Mopsu-
