2020 3230
352 271 422 313 788

399 396 458 442 pit
471 396 592 438 395,3.
619 395 766 438 398,14.
790 394 1067 431 Alexandram

399 454 570 479 uxorem
589 447 725 478 monet
751 443 800 478 de
826 444 948 478 rebus
975 446 1067 488 post

400 496 567 526 mortem
585 502 699 526 suam
715 491 886 535 agendis
901 491 982 531 395,
997 491 1066 525 6—

401 539 456 574 19.
485 540 568 574 obit
582 539 727 580 395,19.
755 539 824 572 filii
842 539 927 573 eius
942 538 1066 580 396,3.

354 605 396 610 —
424 587 456 621 6.
483 586 705 621 Aristobuli
730 585 778 620 ΙΙ.
806 587 832 620 f.
858 587 987 620 maior
1014 588 1066 620 ef—

400 634 508 679 fugit
533 634 769 678 Pompeium
804 634 844 667 in
872 633 1067 667 Iudaeam

400 681 418 715 I
431 681 513 723 402,
530 682 583 715 12.
611 691 635 715 a
650 680 822 716 Gabinio
838 682 969 715 victus
985 680 1067 722 402,

401 729 576 770 16—403,
593 729 647 762 16.
686 739 710 762 a
738 727 925 773 Scipione
950 738 1067 763 neca-

401 780 464 811 tus
502 776 655 817 404,16.
706 775 941 810 Alexandra
980 776 1067 810 eius

399 834 506 858 uxor
523 823 604 865 420,
620 823 676 857 22.
703 823 961 858 Aristobulus
980 824 1067 858 eius

401 873 427 906 f.
453 871 550 905 ibid.
601 871 834 906 Mariamme
861 873 948 907 eius
986 871 1067 905 filia

400 919 482 961 409,
501 919 552 953 19.
579 918 660 961 410,
679 919 734 953 19.
761 919 842 961 420,
858 919 914 953 22.

355 984 398 989 -
425 967 457 1001 7.
489 966 661 1001 Herodis
690 973 728 1001 et
743 966 1001 1002 Mariammae
1028 966 1068 1008 f.,

402 1013 634 1059 Glaphyrae
669 1015 837 1049 maritus
870 1015 887 1048 I
912 1014 994 1056 437,
1011 1014 1067 1048 22.

401 1061 567 1096 Romam
595 1062 738 1096 missus
764 1062 845 1103 434,
859 1062 892 1096 4.
938 1063 974 1097 ei
1001 1061 1068 1097 Sa-

401 1110 505 1144 lome
543 1109 757 1143 insidiatur
790 1109 944 1151 437,14.
995 1109 1068 1144 Ro-

400 1167 491 1192 mae
526 1167 616 1191 cum
652 1158 778 1191 fratre
805 1161 843 1192 et
870 1162 985 1203 patre
1010 1168 1069 1192 re-

403 1205 641 1240 conciliatur
666 1204 748 1247 439,
763 1205 826 1239 2-
833 1205 916 1247 441,
930 1206 963 1240 8.
991 1204 1065 1239 An·

400 1253 548 1297 tipater
581 1253 617 1287 ei
652 1232 866 1288 insidiatui
902 1233 1067 1295 442,11.

400 1300 605 1335 Pherorae
641 1300 864 1336 calumnias
901 1301 951 1336 de
979 1300 1067 1336 Gla-

402 1348 532 1393 phyra
569 1348 727 1392 iepellit
763 1349 905 1391 4-14,1.
958 1348 1068 1393 apud

402 1399 557 1440 patrem
583 1399 798 1431 accusatus
824 1407 896 1441 pei
921 1395 1068 1431 Ar-che

401 1444 508 1478 laum
536 1444 642 1488 patii
667 1408 954 1479 ieconcipliatui
985 1443 1067 1485 444,

404 1491 579 1532 15-447,
596 1491 651 1525 12.
703 1491 754 1526 ab
780 1492 954 1537 Eurycle
980 1502 1067 1537 pro-

403 1539 511 1574 ditur
539 1543 578 1573 et
605 1538 655 1574 de
687 1539 842 1574 insidiis
869 1540 973 1585 patri
1000 1550 1065 1584 pa-

401 1587 500 1621 ratis
533 1589 748 1621 accusatus
780 1592 948 1622 necatur
985 1587 1067 1628 447,

403 1633 578 1676 14—452,
595 1634 649 1668 16.
700 1635 786 1669 eius
812 1635 880 1669 filii
913 1634 994 1676 452,
1009 1635 1065 1669 20.

402 1681 789 1717 Pseudoalexander
820 1683 859 1717 in
892 1683 1067 1727 remiges

402 1730 578 1764 refertur
609 1729 692 1772 471,
708 1730 788 1764 11-
800 1730 882 1772 472,
897 1730 929 1764 9.
979 1730 1066 1764 Α10-

402 1776 603 1811 xandrurn
631 1777 673 1811 111
698 1787 836 1813 somno
851 1778 964 1813 videt
978 1776 1067 1812 Gla-

402 1824 533 1870 phyra
557 1824 640 1866 473,
656 1824 711 1859 15.

357 1891 400 1896 —
434 1873 467 1906 8.
505 1872 723 1907 alabarcha
748 1871 1023 1907 Alexandriae
1049 1872 1067 1907 I

402 1918 484 1962 489,
499 1919 532 1954 4.
560 1920 646 1954 eius
673 1920 697 1954 f.
725 1919 806 1962 512,
820 1920 877 1955 20.

356 1986 400 1991 -—
427 1967 459 2002 9.
486 1966 623 2002 Persei
650 1967 774 2002 filium
798 1978 840 2003 se
859 1968 1067 2013 professus

404 2025 493 2050 cum
521 2014 564 2056 Q.
593 2014 765 2051 Caecilio
794 2015 952 2051 Metello
989 2016 1068 2050 bel-

402 2062 459 2097 lat
484 2062 522 2096 II
547 2063 675 2105 289,1.

356 2129 400 2135 -—
429 2110 484 2144 10.
519 2109 684 2145 Antonii
711 2114 750 2146 et
776 2110 1015 2156 Cleopatrae
1040 2111 1067 2145 f.

403 2158 442 2192 II
466 2157 548 2199 390,
562 2158 618 2193 21.
645 2157 813 2204 Iotapae
842 2159 1068 2204 desponsus

403 2205 485 2247 391,
499 2205 531 2240 9.
558 2206 600 2240 in
626 2207 828 2252 triumpho
855 2206 1068 2242 Octaviani

405 2253 565 2335 (1110111111
589 2253 672 2296 407,
689 2254 743 2289 17.
771 2254 895 2293 ἽΙλιος
921 2254 1069 2289 dicitur

403 2300 459 2335 ibi
492 2327 500 2335 .

357 2367 400 2372 ——
429 2347 484 2383 11.
523 2347 675 2384 Romae
706 2350 891 2394 pontifex
923 2349 962 2384 ΙΙ
987 2349 1068 2392 514,

406 2395 461 2431 15.
488 2395 569 2438 521,
585 2396 641 2431 19.

357 2463 401 2468 —-
429 2443 484 2478 12.
523 2454 606 2478 una
638 2454 731 2478 cum
762 2444 950 2481 Narcisso
990 2445 1069 2490 epi-

404 2501 551 2574 Ξὲἓρὲὃ
595 2491 808 2575 Ηῑῗωεὲἐῖ
812 2493 987 2575 ’13311115
1031 2492 1069 2527 ¹¹

477 2566 486 2581 ,
525 2565 532 2574 .
559 2550 645 2574 mar
664 2550 712 2584 yr
785 2549 819 2582 o,
882 2566 890 2574 .
955 2567 963 2575 .

358 2606 402 2611 —
442 2586 497 2621 13.
542 2585 817 2623 Alexandriae
855 2589 1069 2633 episcopus

405 2633 444 2668 II
468 2634 550 2676 625,
566 2634 622 2669 21.

362 2700 403 2706 —
430 2681 484 2716 14.
512 2682 741 2727 patriarcha
760 2681 994 2727 Cpolitanus
1011 2682 1070 2717 III

405 2729 533 2771 23,15.
560 2729 824 2772 56,15—57,5.
852 2730 1069 2772 obit57,11.

359 2795 402 2801 —
430 2777 486 2812 15.
512 2776 650 2812 Basilii
667 2776 697 2812 Ι.
724 2778 751 2812 f.
779 2787 928 2812 corona
956 2787 1069 2812 orna-

405 2828 470 2859 tus
496 2823 553 2859 III
579 2824 661 2866 419,
676 2825 709 2859 3.
742 2823 870 2860 Leoni
892 2825 958 2861 VI.
983 2835 1069 2860 suc-

407 2872 513 2906 cedit
537 2872 619 2914 455,
634 2872 666 2907 7.
683 2871 738 2907 14.
776 2872 984 2908 Nicolaum
1011 2883 1069 2908 re-

406 2922 538 2960 vocat,
547 2919 804 2964 Euthymium
818 2920 975 2965 relegat
986 2920 1068 2962 455,

408 2965 628 3010 14—456‚3.
655 2967 742 3002 eius
767 2970 914 3002 natura
939 2967 1022 3011 456,
1034 2967 1068 3002 3.

857 275 1106 321 Ἀλεξανδρών
1121 294 1165 301 --
1180 274 1347 317 Ἀλὲξιος.

1184 394 1413 430 Basilitzem
1429 405 1703 431 successorem
1718 395 1846 432 decla-

1186 453 1278 478 rare
1317 443 1404 477 vult
1440 443 1522 485 456,
1545 444 1579 478 3.
1626 443 1849 480 Constanti-

1185 501 1282 525 num
1297 494 1475 526 castrare
1490 491 1576 526 vult
1594 491 1674 534 456,
1689 492 1721 527 9.
1748 502 1847 538 apro

1185 541 1312 573 a'eneo
1349 538 1494 573 theatri
1531 539 1671 574 dentes
1706 543 1745 574 et
1779 550 1848 585 pu-

1186 585 1320 620 denda
1359 586 1472 621 addit
1504 586 1587 628 456,
1614 587 1788 630 14-457,
1815 587 1847 622 6,

1186 633 1426 678 Symeonem
1469 637 1609 669 contra
1647 634 1849 670 Romanos

1185 681 1324 715 incitat
1349 681 1431 723 457,
1447 681 1479 716 7.
1533 682 1617 716 obit
1650 693 1721 717 sex
1749 686 1849 717 tuto-

1186 729 1297 763 ribus
1335 729 1546 773 appellatis
1587 728 1848 765 Constantino

1183 776 1266 818 457,
1288 776 1463 818 12—458,
1483 777 1516 811 4.
1554 777 1636 819 462,
1658 777 1713 812 14.
1763 779 1850 813 eius

1185 824 1300 866 regni
1316 824 1490 869 spatium
1507 824 1588 866 458,
1602 825 1636 859 5.
1660 825 1743 867 489,
1757 826 1790 860 7.
1805 845 1849 850 -

1185 871 1396 954 1114ἓᾼὲ1ἓ1.
1423 871 1576 914 447,12.
1607 872 1690 915 454,
1703 873 1736 908 8.
1767 872 1849 915 458,

1138 987 1181 992 -
1211 967 1267 1001 16.
1294 978 1332 1001 ν.
1359 967 1522 1012 Σευῆρος
1549 970 1587 1003 et
1617 968 1784 1014 Τιβέριος.

1138 1015 1445 1098 Ἀἐὸεξαγῖόρών
1472 1014 1634 1051 Ciliciae
1663 1016 1761 1051 urbs
1791 1014 1851 1050 ΙΙΙ

1139 1110 1314 1192 Ἀλεξέιῖς
1333 1108 1519 1146 Salomae
1538 1111 1706 1146 maritus
1732 1110 1749 1145 Ι
1768 1110 1850 1153 463,

1139 1206 1331 1246 Ἀλέξιος
1358 1206 1388 1240 1.
1407 1207 1428 1240 ὁ
1443 1206 1606 1251 Μωσηλὲ
1623 1206 1850 1251 spatharius

1185 1256 1225 1288 et
1267 1253 1515 1299 drungarius
1561 1254 1727 1300 vigiliae
1775 1254 1850 1289 sub

1185 1301 1302 1337 Irene
1328 1301 1386 1335 III
1412 1301 1494 1343 292,
1508 1302 1540 1336 3.
1555 1301 1589 1336 5.
1616 1313 1640 1336 a
1660 1301 1852 1337 Constan-

1185 1350 1269 1384 tino
1296 1349 1360 1384 VI.
1387 1349 1428 1383 in
1464 1350 1711 1394 praetorium
1746 1350 1851 1384 coni-

1187 1397 1290 1431 citur
1316 1397 1397 1438 293,
1414 1397 1588 1439 11-294,
1603 1397 1636 1432 2.
1681 1397 1718 1431 ei
1746 1397 1851 1432 oculi

1187 1445 1291 1479 eruti
1317 1444 1399 1486 294,
1415 1445 1470 1478 11.
1489 1445 1544 1479 13.
1570 1444 1651 1487 298,
1667 1445 1722 1479 10.

1138 1513 1181 1518 -
1209 1492 1241 1526 2.
1280 1493 1300 1526 ὁ
1323 1492 1485 1536 Μωσηλέ
1509 1491 1724 1527 Armenius
1755 1492 1848 1536 imp.

1186 1539 1395 1585 Theophili
1414 1550 1541 1585 gener
1561 1543 1598 1575 et
1618 1539 1766 1575 Caesar
1789 1538 1848 1573 IlI

1184 1587 1266 1629 367,
1279 1587 1408 1622 4—14.
1435 1597 1551 1622 rasus
1569 1587 1756 1622 aedificat
1771 1586 1849 1621 An-

1185 1635 1320 1669 themii
1346 1635 1635 1670 monasterium
1659 1635 1741 1677 367,
1758 1635 1811 1669 14.

1138 1701 1181 1706 ——
1209 1683 1241 1717 3.
1281 1681 1439 1718 Studita
1465 1682 1700 1727 Cpolitanus
1730 1683 1850 1727 patri—

1187 1731 1308 1765 archa
1334 1730 1391 1764 III
1417 1730 1499 1772 568,
1515 1731 1570 1765 13.
1605 1730 1686 1772 586,
1700 1729 1733 1765 5.
1768 1729 1850 1772 594,

1186 1778 1313 1812 7-16.
1340 1778 1421 1819 616,
1435 1778 1468 1812 9.
1495 1777 1577 1819 624,
1591 1778 1695 1812 9.11.

1140 1844 1182 1849 —
1209 1825 1242 1859 4.
1270 1825 1298 1859 I.
1324 1826 1345 1859 ὁ
1361 1826 1547 1870 Κομνηνός
1564 1825 1770 1860 Ruselium
1789 1835 1850 1860 Ca-

1186 1874 1243 1918 pit
1269 1872 1328 1906 IIl
1352 1873 1433 1914 712,
1446 1872 1576 1908 4-12.
1603 1883 1692 1908 cum
1708 1872 1850 1908 eodem

1188 1921 1272 1955 dux
1311 1924 1452 1955 contra
1489 1920 1684 1956 Ioannem
1721 1920 1848 1962 717,1.

1185 1967 1435 2013 Brycnnium
1478 1968 1603 2003 vincit
1653 1971 1692 2003 et
1742 1968 1850 2013 capit

1187 2016 1268 2058 721,
1282 2015 1435 2058 2—-722,
1449 2016 1482 2050 3.
1508 2015 1750 2051 Basilacium
1765 2016 1850 2050 vin-

1188 2064 1241 2098 cit
1284 2067 1323 2098 ct
1364 2067 1504 2098 caecat
1543 2063 1624 2106 723,
1644 2062 1796 2105 7—724,
1815 2062 1850 2097 3.

1187 2111 1298 2156 apud
1323 2110 1594 2156 Nicephorum
1607 2110 1677 2146 III.
1703 2111 1746 2145 in
1769 2120 1850 2145 ma-

1187 2159 1455 2242 ἓῖἒὲῒίἓὲἰὲῗ,
1476 2158 1850 2242 ⁷31fi⁵z1³02<3taiio¹iifss¹12

1189 2254 1357 2289 obrutus
1396 2254 1477 2296 726,
1492 2254 1549 2289 15.
1597 2264 1687 2289 cum
1725 2253 1851 2288 fratre

1189 2302 1322 2336 deficit
1349 2304 1388 2337 et
1413 2302 1613 2336 salut-atur
1633 2311 1707 2336 rex
1733 2300 1814 2342 727,
1829 2301 1848 2334 1

1190 2349 1267 2384 -9.
1319 2348 1470 2394 Cpolim
1502 2349 1610 2394 capit
1645 2352 1684 2383 et
1716 2348 1851 2393 diripit

1188 2396 1268 2439 727,
1283 2396 1434 2439 9—730,
1449 2397 1482 2431 3.
1531 2397 1618 2431 eius
1648 2399 1776 2430 mater
1812 2398 1851 2431 et

1187 2454 1292 2479 uxor
1331 2444 1411 2486 730,
1435 2444 1610 2486 17—-731,
1633 2443 1666 2478 6.
1725 2443 1851 2478 multa

1187 2491 1427 2527 Botaniatae
1438 2494 1529 2526 acta
1544 2492 1717 2536 abrogat
1728 2491 1809 2532 731,
1817 2490 1850 2525 6.

1187 2550 1338 2575 corona
1363 2541 1479 2584 regia
1507 2541 1672 2574 ornatus
1699 2538 1779 2580 731,
1793 2537 1850 2572 12.

1189 2588 1275 2622 eius
1308 2590 1436 2622 mater
1470 2587 1604 2621 omnia
1638 2586 1743 2631 regit
1769 2585 1850 2626 731,

1189 2634 1245 2669 15.
1273 2635 1358 2670 eius
1377 2635 1523 2669 fratres
1541 2637 1580 2669 et
1605 2633 1743 2668 affines
1770 2632 1850 2674 732,

1189 2681 1316 2717 1-14.
1353 2682 1546 2716 donativa
1571 2684 1696 2726 negat
1722 2680 1803 2722 733,
1818 2681 1850 2715 1.

1187 2729 1306 2765 Irene
1333 2730 1418 2764 eius
1443 2739 1549 2764 uxor
1562 2727 1751 2773 Augusta
1770 2727 1851 2769 733,

1187 2777 1220 2812 4.
1249 2776 1510 2813 Constantino
1538 2776 1678 2810 adimit
1694 2776 1850 2821 regiam

1187 2827 1425 2870 potestatem
1451 2822 1674 2865 733,6-21.
1701 2823 1776 2858 sub
1801 2833 1849 2857 eo

1189 2872 1364 2914 cosmas,
1390 2871 1629 2913 Eustratius,
1661 2870 1850 2906 Nicolaus

1187 2919 1441 2965 patriarchae
1468 2918 1690 2960 734,1-16.
1727 2928 1751 2952 a
1776 2917 1850 2952 Ro-

1186 2968 1302 3003 bcrto
1342 2968 1473 3002 victus
1515 2965 1595 3008 734,
1620 2965 1794 3009 17—735,
1816 2964 1850 3000 9.
