2054 3282
465 265 701 306 BASILIVS
730 267 764 305 A
790 266 1050 305 BVLGARIS
1075 265 1455 305 PROFLIGATVR.
1642 266 1713 304 549

219 387 517 443 διατιθέμενος,
561 389 632 431 καὶ
675 387 762 432 οὔτ’
801 389 927 437 αὐτὸς
969 387 1067 432 οὔθ’
1106 389 1146 432 οἱ
1181 388 1317 432 λοιποὶ
1355 389 1621 444 στρατιάρχαι
1657 389 1713 431 ἔτι

217 457 336 512 αὐτῷ
365 457 493 511 λόγου
523 458 680 500 πολλοῦ
712 459 1038 513 νομισθήσονται
1068 458 1186 507 ἄξιοι,
1218 458 1377 513 σφῆλαί
1397 458 1438 500 οἷ
1458 457 1713 512 διεμελέτησε

217 525 292 580 τὴν
322 526 570 581 ἐπιχείρησιν
600 526 670 568 καὶ
697 526 772 581 τὴν
793 526 932 581 ὁρμὴν
953 527 1178 581 ἀνακόψαι.
1239 526 1493 581 προσελθὼν
1513 524 1590 568 οὖν
1610 541 1713 581 φησι
1727 530 1774 567 13

216 593 289 636 τὸν
320 593 584 649 Μελισσηνὸν
614 595 823 649 τυραννίδι
854 595 1069 650 ἐπιχειρεῖν
1104 595 1175 637 καὶ
1214 595 1374 637 ἀπιέναι
1413 593 1489 636 σὺν
1525 598 1714 650 ταχυτῆτι

180 661 325 716 ὅπρός
360 662 407 704 τὸ
440 662 669 711 Βυζάντιον
711 663 786 718 τὴν
827 664 1036 718 βασιλείαν
1078 664 1332 712 καθέξοντα·
1375 663 1447 705 καὶ
1489 663 1609 718 ἠξίου
1650 662 1711 718 μὴ

215 731 390 786 μέλλειν,
423 731 715 786 ἀναζευγνύειν
746 732 793 774 δὲ
823 732 894 774 καὶ
923 732 983 787 μὴ
1017 732 1328 787 ὑπερτίθεσθαι.
1388 735 1511 774 τοῦτο
1540 730 1613 774 τὸν
1633 732 1711 786 βα·
1726 735 1773 771 14

216 799 328 842 σιλέα
367 799 540 853 ἐτάραξε
578 799 648 841 καὶ
687 800 895 842 ἐπάνοδον
932 801 1115 855 ἒσήμανε
1151 805 1213 855 τῷ
1247 800 1350 855 λαῷ.
1412 800 1437 841 ὁ
1469 800 1516 842 δέ
1546 816 1591 854 γε
1621 799 1711 842 Σα-
1727 803 1772 841 15
1787 802 1986 840 P11220A

215 867 355 923 μουὴλ
385 871 473 914 ταῖς
501 871 586 910 τῶν
614 868 752 922 ὀρέων
774 869 1085 923 ἕμφιλοχωρῶν
1105 872 1316 923 κορυφαῖς
1349 867 1418 923 (οὐ
1440 868 1520 923 γὰρ
1541 868 1713 923 ἐθάρρει

218 936 324 979 κατὰ
364 937 573 991 συστάδην
607 936 891 992 μαχέσασθαι)
932 937 1003 979 καὶ
1041 937 1115 992 τὴν
1154 937 1321 991 ἀθρόαν
1358 936 1571 991 ἀναζυγὴν
1608 937 1713 979 ι’δὼν

162 1011 208 1048 10
220 1005 371 1048 δειλίαν
413 1006 548 1058 ἔκρινε
591 1005 637 1047 τὸ
673 1005 960 1060 πραττόμενον
998 1006 1069 1047 καὶ
1106 1007 1232 1048 ἔπεισι
1268 1010 1352 1052 τοῖς
1383 1005 1606 1060 Ῥωμαίοις
1641 1004 1713 1046 καὶ

217 1080 280 1131 τῷ
309 1073 538 1128 ἀνελπίστῳ
569 1074 754 1120 ἅπαντας
784 1074 1046 1128 κατεθρόησε
1076 1074 1146 1115 καὶ
1178 1075 1235 1120 εἷς
1265 1073 1405 1128 φυγὴν
1438 1074 1604 1128 ἔτρεψε·
1642 1073 1713 1115 καὶ
1726 1077 1773 1113 16

63 1147 118 1184 lv
136 1146 291 1197 112τῆς
318 1158 361 1184 τε
390 1142 663 1197 παρεμβολῆς
694 1143 895 1197 ἐκράτησε
926 1142 996 1184 καὶ
1027 1146 1099 1197 τῆς
1129 1141 1291 1198 σκηνῆς
1316 1147 1388 1198 τῆς
1408 1142 1623 1197 βασιλικῆς
1643 1141 1714 1183 καὶ

216 1213 303 1252 τῶν
331 1211 601 1266 παρασήμων
631 1215 704 1266 τῆς
733 1211 951 1266 βασιλείας.
1013 1211 1038 1253 ό
1070 1211 1116 1253 δὲ
1143 1210 1334 1266 βασιλεὺς
1353 1210 1472 1265 μόλις
1493 1211 1549 1257 εἷς
1570 1210 1712 1252 Φιλιπ-
1727 1213 1774 1250 17

216 1279 423 1322 πούπολιν
455 1280 709 1322 διασέσωστο
740 1280 865 1322 κάκεῖ
891 1279 962 1321 τὸν
984 1278 1247 1334 Ᾱίελισσηνὸν
1277 1278 1472 1334 εὑρηκὼς
1502 1277 1608 1320 κατὰ
1638 1281 1713 1320 τοῦ

156 1353 202 1390 15
219 1347 568 1403 Κοντοστεφάνου
609 1349 834 1402 ἕξώργιστο
871 1348 942 1389 καὶ
980 1349 1120 1403 ὕβρεις
1157 1348 1326 1402 κατέχεε
1355 1350 1429 1389 τοῦ
1462 1346 1627 1401 ἀνδρός.
1689 1347 1773 1389 618

218 1416 265 1459 δὲ
286 1417 609 1472 δυσανασχετῶν
630 1417 888 1471 ἐτραχύνετο,
921 1416 992 1458 καὶ
1017 1417 1223 1465 ἀναζέσας
1243 1416 1268 1458 ὁ
1288 1415 1480 1470 βασιλεὺς
1499 1420 1561 1470 τῷ
1581 1415 1715 1470 θυμῷ

217 1485 399 1540 ἀνέθορέ
440 1502 482 1528 τε
526 1489 599 1528 τοῦ
642 1485 806 1539 θρόνου
850 1485 920 1526 καὶ
962 1489 1035 1540 τῆς
1078 1484 1217 1539 κόμης
1254 1487 1328 1526 τοῦ
1366 1483 1714 1539 Κοντοστεφάνου

219 1553 483 1609 δραξάμενος
513 1554 585 1596 καὶ
615 1558 690 1596 τοῦ
720 1555 933 1608 πώγωνος
962 1554 1206 1608 προσήραξε
1235 1552 1307 1595 τὸν
1338 1553 1472 1607 ἄνδρα
1503 1557 1553 1608 τῇ
1585 1556 1651 1608 γῇ.
1727 1554 1760 1590 Β

329 1622 552 1666 Ἐντεῦθεν
582 1624 623 1665 οἱ
652 1626 737 1665 τῶν
767 1623 990 1677 δυνάμεων
1011 1625 1096 1664 τῶν
1112 1621 1365 1676 Ῥωμαϊκῶν
1385 1622 1715 1677 προεξάρχοντες
1729 1624 1775 1660 19

218 1750 240 1786 7
266 1750 326 1786 καὶ
349 1751 413 1785 ὅσα
437 1751 474 1785 οἴ
496 1750 694 1795 Βούλγαροι
717 1755 788 1789 τοῖς
800 1750 989 1794 Ῥωμαίοις
1005 1749 1173 1794 ἐποίησαν
1189 1748 1480 1794 ἀναζευγνύουσιν
1498 1746 1527 1785 C
1594 1747 1639 1784 19
1663 1749 1714 1783 ὅτι

217 1798 239 1833 ὅ
266 1799 398 1837 Φωκᾶς
423 1797 568 1843 Βάρδας
594 1798 686 1842 (om,
712 1797 757 1843 C)
781 1797 943 1844 βασιλεὺς
969 1797 1149 1843 ἀνερρήθη
1177 1795 1241 1833 CE

291 1914 309 1949 1
337 1914 546 1960 σιρατάρχαι
573 1913 683 1960 pr,
713 1923 834 1959 quam
861 1914 1031 1949 formam
1059 1913 1147 1948 aliis
1172 1912 1270 1948 locis
1296 1911 1423 1957 (XVII
1450 1914 1482 1956 7,
1500 1911 1556 1947 37.
1583 1910 1714 1947 XVIII

291 1961 346 2007 14,
364 1962 401 2007 2)
420 1961 573 1997 mavult
592 1960 780 1997 Zonaras.
866 1960 900 1996 2.
915 1961 938 1997 3
955 1975 1016 2006 σῳ.
1034 1960 1131 2006 αὐτῷ
1149 1975 1176 1995 τ.
1194 1960 1410 2006 ἐπιχείρησιν
1427 1958 1609 2004 ἐμελέτησε
1629 1961 1715 2000 (-σεν

290 2009 335 2053 C)
361 2009 393 2045 Ο
488 2009 511 2045 5
535 2009 571 2048 ἔς
597 2008 628 2045 Ο
727 2009 749 2045 6
775 2012 869 2044 ante
894 2008 990 2049 ἀναζ.
1018 2008 1110 2044 add.
1137 2008 1211 2043 ἀλλ’
1230 2007 1263 2044 Ο
1360 2006 1399 2042 δὲ
1418 2007 1478 2042 καὶ
1493 2006 1558 2052 μὴ]
1575 2006 1661 2051 μηδ’
1681 2006 1713 2042 Ο

291 2057 336 2093 13
361 2062 421 2093 τοῦ
446 2057 598 2102 κράτους
624 2055 655 2093 O
815 2055 860 2091 14
885 2057 1114 2092 διασέσωσται
1145 2055 1180 2091 D
1337 2053 1462 2099 κάκεῖ]
1489 2054 1656 2090 κάκεῖνον
1682 2054 1713 2089 Ε

291 2105 336 2141 18
359 2105 579 2151 προςήρραξε
606 2103 754 2151 Apr,
781 2114 883 2140 corr.
911 2102 979 2147 Di,
1005 2115 1042 2139 v.
1070 2103 1122 2139 ad
1150 2102 1246 2139 XIII
1272 2103 1305 2148 7,
1331 2103 1354 2138 8

218 2227 452 2268 straturum,
478 2234 521 2260 se
548 2225 773 2269 ceterisque
801 2223 972 2259 ducibus
999 2224 1114 2269 parvi
1142 2222 1374 2264 aestimatis,
1400 2231 1564 2267 operam
1592 2220 1713 2264 dedit,

217 2275 263 2308 ut
283 2276 452 2308 conatus
471 2272 576 2307 illius
599 2271 863 2307 labefactaret
889 2275 1013 2316 atque
1040 2272 1232 2316 impetum
1260 2269 1497 2305 retardaret.
1546 2267 1714 2304 Accedit
1728 2266 1773 2302 13

218 2320 343 2365 igitur
361 2323 400 2355 et
418 2319 669 2355 Melissenum
689 2319 945 2364 tyrannidem
973 2319 1229 2353 affectantem
1258 2317 1495 2352 festinanter
1514 2315 1712 2361 proficisci

218 2366 458 2412 Byzantium
491 2367 541 2402 ad
580 2377 750 2413 regnum
782 2366 1064 2412 occupandum
1096 2366 1164 2408 ait,
1203 2375 1284 2400 non
1318 2363 1592 2399 cunctandum
1625 2372 1714 2398 esse

218 2425 397 2458 monens,
436 2414 506 2450 sed
538 2415 625 2450 sine
657 2425 770 2450 mora
805 2414 1080 2449 reducendum
1117 2412 1352 2448 exercitum.
1403 2410 1448 2445 Id
1484 2420 1622 2456 regem
1657 2410 1714 2445 ita
1729 2408 1774 2443 14

219 2462 484 2508 perturbavit,
517 2466 563 2498 ut
588 2462 784 2498 exercitui
812 2461 984 2497 reditum
1014 2461 1282 2495 denuntiaret.
1333 2458 1384 2494 At
1411 2457 1571 2494 Samuel
1599 2467 1714 2493 eacu—
1730 2455 1774 2492 15

217 2510 327 2545 mina
353 2510 547 2545 montium
574 2509 753 2545 insidens
779 2511 926 2554 (neque
952 2509 1056 2544 enim
1076 2509 1257 2543 cominus
1276 2506 1494 2542 decernere
1521 2505 1714 2547 audebat.)

218 2557 352 2593 subito
379 2556 557 2593 discessu
584 2558 671 2592 viso
699 2557 901 2592 Romanos
927 2555 1179 2601 aggreditur,
1206 2564 1307 2600 quos
1334 2556 1443 2589 metu
1463 2552 1559 2589 illud
1578 2553 1714 2588 facere

218 2605 506 2646 arbitrabatur,
526 2609 565 2640 et
582 2606 862 2650 inexspectata
878 2604 1140 2649 impressione
1155 2612 1293 2637 omnes
1311 2601 1495 2636 turbatos
1513 2601 1553 2635 in
1573 2601 1712 2646 lugam

219 2652 418 2698 compellit
446 2662 520 2688 nec
546 2653 688 2688 castris
714 2655 882 2695 tantum,
922 2651 991 2686 sed
1019 2654 1058 2685 et
1084 2650 1192 2695 regis
1219 2648 1482 2684 tabernaculo
1509 2651 1633 2694 atque
1659 2647 1714 2682 in·
1730 2646 1774 2681 16

220 2699 404 2745 signibus
442 2700 557 2745 reg-ni
597 2700 759 2746 potitur.
822 2698 900 2734 Sed
927 2708 998 2734 rex
1028 2696 1279 2743 philippolim
1307 2705 1431 2742 aegre
1465 2695 1606 2739 evasit,
1644 2694 1712 2730 ubi
1730 2693 1774 2729 17

219 2747 386 2783 invento
424 2745 635 2783 Melisseno
671 2746 1041 2792 Contosteplmnum
1081 2745 1141 2779 ira
1176 2747 1381 2790 permotus
1416 2742 1715 2778 contumeliosis

220 2794 337 2830 (lictis
363 2795 595 2838 insectatur,
622 2804 728 2840 quae
755 2804 844 2829 cum
873 2794 935 2828 ille
964 2794 1102 2838 iniquo
1130 2792 1263 2827 animo
1292 2792 1426 2826 serens
1453 2799 1714 2836 exasperare·
1731 2788 1775 2824 18

220 2845 296 2883 tur.
336 2852 407 2877 rex
435 2842 727 2878 effervescente
753 2841 832 2876 bile
859 2841 957 2875 solio
984 2839 1174 2874 exsiliens
1201 2838 1570 2884 Contostephanum
1600 2846 1715 2872 coma

221 2899 268 2924 ac
295 2890 424 2925 barba
452 2890 691 2935 prehensum
719 2894 853 2924 terrae
881 2887 1006 2923 illidit.

340 2935 440 2972 Inde
478 2936 749 2973 Romanarum
790 2936 994 2981 legionum
1034 2934 1235 2981 principes
1274 2933 1359 2979 regi
1399 2933 1509 2969 irati:
1547 2932 1714 2976 Phocus,
1731 2931 1775 2967 19
