2054 3282
374 294 702 332 NICEPHORVS
727 294 933 332 STVDET
959 292 1211 332 MILITIAE.
1261 293 1628 330 TETARTERVM.
1677 293 1748 330 507

252 420 337 462 τοῖς
367 416 505 463 ἄλλοις
535 416 606 458 καὶ
636 416 867 471 χρημάτων
899 417 1046 472 ἥττων,
1077 416 1140 463 ὡς
1170 416 1297 458 ἔοικε·
1329 416 1454 471 μέχρι
1484 414 1565 470 γὰρ
1586 415 1746 457 ἐκείνου

252 483 408 531 παντὸς
438 485 694 539 νομίσματος
724 485 891 539 ἑξαγίου
923 484 1116 539 σταθμὸν
1144 484 1338 531 ἕλκοντος
1359 485 1516 530 ἐκεῖνος
1537 483 1585 526 τὸ
1605 500 1746 538 τεταρ-

252 552 372 607 τερὸν
403 553 613 608 ἐπενόησε,
658 553 908 608 κολοβώσας
938 553 1040 596 αὐτὸ
1070 553 1177 595 κατὰ
1213 552 1285 595 τὸν
1319 552 1523 608 σταθμόν,
1566 553 1638 595 καὶ
1675 552 1748 599 τὰς

252 620 332 675 μὲν
361 622 592 675 εἰσπράξεις
624 621 691 663 διὰ
721 626 795 664 τοῦ
825 623 1074 677 βαρυτέρου,
1106 621 1179 668 τὰς
1210 622 1256 664 δὲ
1287 621 1423 669 δόσεις
1451 621 1522 663 καὶ
1543 621 1676 663 πάντα
1698 620 1748 663 τὰ
1762 624 1792 660 Β

218 689 510 744 ὃᾶναλώματα
556 689 623 731 διὰ
662 694 735 732 τοῦ
773 691 1127 746 κεκολοβωμένου
1157 690 1367 746 πεποίητο.
1429 691 1559 737 ἔθους
1590 687 1628 732 δ’
1661 689 1714 732 ἐπ
1729 717 1747 724 -
1761 693 1807 730 25

253 758 539 813 κρατήσαντος
573 759 753 801 παλαιοῦ
790 763 970 814 στατῆρα
1001 759 1135 801 πάντα
1165 758 1379 814 βασιλικὸν
1409 759 1640 814 ἕκτύπωμα
1671 759 1747 813 φέ-

253 842 380 879 ροντα
412 826 596 881 ἰσότιμον
626 826 727 869 εἶναι
746 832 808 882 τῷ
827 828 918 881 ἄρτι
939 828 1191 882 κοπτομένῳ
1211 827 1327 882 παρὰ
1349 831 1423 869 τοῦ
1443 827 1747 882 βασιλεύοντος,

253 895 410 941 ἐκεῖνος
440 894 487 936 τὸ
518 896 668 937 ἑαυτοῦ
698 897 983 951 προτιμᾶσθαι
1013 897 1232 938 κεκέλευκε
1263 896 1457 951 νόμισμα.
1519 898 1584 938 ἵνα
1615 897 1654 938 τί
1681 897 1747 950 γέ·
1761 900 1807 935 ‘26

252 979 391 1018 νηται,·
421 963 471 1005 ἵν’
494 964 627 1007 ἐκεῖνο
651 964 785 1019 μόνον
815 969 899 1012 τοῖς
929 965 1131 1020 ἐμπόροις
1162 965 1418 1020 ζητούμενον
1447 965 1601 1019 κέρδος
1631 965 1749 1019 αὐτῷ

196 1040 241 1076 10
251 1033 403 1088 πορίζῃ
441 1033 547 1087 ὑπὲρ
586 1033 763 1075 ἑκάστου
800 1034 1054 1088 νομίσματος
1092 1034 1203 1088 ἁδρὰ
1245 1035 1520 1088 πραττομένῳ
1564 1034 1747 1088 ἀλλάγια.

252 1101 365 1143 οὕτω
398 1101 444 1143 δὲ
473 1102 632 1148 τούτοις
662 1103 945 1156 κακουμένων
975 1106 1060 1144 τῶν
1090 1103 1271 1144 πολιτῶν
1302 1103 1404 1144 οὐδέ
1432 1118 1491 1149 τις
1520 1101 1636 1156 παριὶ
1662 1106 1748 1144 τῶν
1760 1107 1806 1142 ‘27

252 1169 536 1225 ἀγορανόμων
566 1170 619 1225 ἦν
649 1170 716 1212 ἐπὶ
745 1175 830 1218 τοῖς
860 1172 1001 1218 ὠνίοις
1037 1172 1295 1227 προμήθεια,
1339 1168 1427 1212 ἀλλ’
1459 1172 1633 1218 ἕκαστος
1662 1174 1749 1212 τῶν

252 1238 455 1293 ἐμπόρων
491 1239 624 1294 νόμον
660 1238 743 1294 εἶχε
778 1239 825 1282 τὸ
863 1241 1013 1282 ἑαυτοῦ
1056 1240 1240 1296 θέλημα·
1285 1241 1325 1282 οἱ
1357 1240 1402 1282 δὲ
1433 1239 1668 1294 ὠνούμενοι
1699 1238 1747 1280 τὰ
1761 1242 1792 1280 C

251 1308 435 1363 χρειώδη
468 1308 650 1361 ἐγίνοντο
680 1308 782 1350 καθ’
815 1309 993 1364 ἑκάστην
1022 1310 1267 1363 πενέστεροι.

194 1381 238 1418 15
379 1377 519 1419 Ταῦτα
562 1376 634 1419 καὶ
675 1377 844 1419 πλείονα
883 1378 1001 1431 ἕτερα
1048 1376 1196 1431 (πάντα
1242 1377 1321 1432 γὰρ
1365 1378 1747 1432 ἀπαριθμήσασθαι
1762 1376 1818 1418 26

251 1445 467 1500 δυσχερές)
501 1446 674 1501 ἐξέμηνε
703 1446 861 1492 πάντας
890 1446 997 1488 κατὰ
1029 1451 1102 1489 τοῦ
1134 1446 1405 1502 Νικηφόρου,
1439 1446 1511 1488 καὶ
1540 1449 1665 1487 πᾶσιν
1696 1444 1748 1500 ἦν

251 1511 304 1555 δι’
337 1514 463 1569 εὐχῆς
492 1518 565 1569 τῆς
594 1514 743 1556 τούτου
779 1515 1024 1569 τυραννίδος
1061 1515 1357 1570 ἀπαλλαγῆναι.
1420 1515 1498 1569 οὐχ
1530 1515 1675 1569 ἥκιστα
1708 1510 1745 1555 δ’
1761 1518 1784 1553 2

251 1581 429 1637 ἐλύπησε
457 1582 556 1630 τοὺς
586 1583 847 1637 ἀνθρώπους
877 1583 948 1625 καὶ
979 1585 1004 1639 ἡ
1037 1587 1122 1626 τῶν
1152 1584 1374 1639 βασιλείων
1403 1588 1465 1638 τῷ
1494 1583 1613 1638 τείχει
1632 1598 1747 1636 περι-

250 1650 368 1707 βολή.
429 1652 879 1707 κεχρησμοδοτημένον
910 1652 990 1708 γὰρ
1021 1654 1134 1708 ἔχων
1164 1651 1211 1694 τὸ
1243 1653 1286 1694 ἓν
1307 1656 1391 1699 τοῖς
1411 1652 1630 1708 βασιλείοις
1649 1651 1785 1706 μέλ-3
1811 1655 1859 1692 W
1868 1655 1925 1692 111
1936 1655 2004 1692 163

254 1776 299 1813 17
322 1777 404 1822 περὶ
430 1782 490 1813 τοῦ
515 1778 649 1823 τείχους
673 1782 744 1814 τῶν
767 1777 855 1823 πρὸς
879 1778 929 1814 ἔω
955 1778 1063 1822 (ἑώαν
1089 1778 1134 1821 Ε)
1159 1778 1366 1823 ἀνακτόρων
1391 1777 1455 1815 ΟΕ

323 1897 347 1933 2
371 1897 580 1943 τεταρτηρόν
606 1896 769 1944 BCEwp
914 1898 937 1933 5
961 1898 1049 1934 ἔθου
1077 1898 1107 1933 E
1251 1898 1274 1933 6
1299 1898 1450 1943 στατήρα
1477 1898 1524 1943 D,
1551 1908 1652 1933 corr.
1680 1897 1748 1935 Dw

322 1946 346 1981 8
370 1946 500 1991 γίνηται
528 1945 558 1982 C
678 1945 700 1980 9
724 1945 842 1981 αὐτῶν
867 1945 898 1981 Β
1020 1946 1066 1981 10
1089 1947 1221 1990 πορίζει
1250 1945 1297 1990 D,
1324 1956 1426 1981 corr.
1453 1946 1522 1983 Dw
1638 1945 1750 1990 ἁδρὸν

322 1993 445 2038 (ἁδρὸν
471 1992 519 2038 D,
546 2002 648 2029 corr.
675 1993 759 2037 Dw)
784 1994 1023 2039 πραττομένου
1049 1994 1289 2039 (πραττομένῳ
1315 1993 1398 2037 Dw)
1423 1993 1587 2039 ἀλλάγιον
1612 1994 1645 2029 Ο
1679 1999 1696 2015 ·

324 2042 365 2076 11
394 2045 465 2076 τῶν
481 2041 518 2076 ἔν
535 2047 578 2086 τῇ
602 2041 697 2077 πόλει
715 2041 747 2077 O
847 2041 891 2077 13
916 2041 1005 2076 οἶδὲ
1023 2039 1068 2085 Α,
1095 2041 1155 2076 καὶ
1177 2042 1213 2076 οἵ
1232 2042 1282 2086 (οἱ
1297 2051 1371 2077 om.
1392 2041 1433 2086 E,
1452 2051 1490 2077 v.
1509 2051 1601 2076 auu.
1621 2043 1747 2086 sequ.)

322 2088 421 2134 pr
522 2089 734 2134 ᾗοίωνόμενοι
763 2089 794 2125 Ε
893 2089 938 2124 14
962 2089 1119 2135 χρειώδη
1147 2088 1194 2134 D,
1220 2089 1291 2125 sed
1316 2102 1346 2124 ει
1366 2088 1498 2125 Wolfli
1518 2090 1655 2124 manui
1683 2088 1748 2124 de-

322 2136 442 2172 betur
541 2137 583 2173 17
609 2136 656 2171 δι’
676 2136 758 2181 AR,
784 2136 817 2171 δ’
843 2136 929 2183 w*p
1027 2136 1094 2172 οὐκ
1121 2135 1170 2183 p*
1269 2136 1314 2172 19
1338 2137 1694 2183 κεχρημοδοτημένον
1718 2135 1748 2173 C

250 2265 381 2301 usque
411 2255 464 2291 ad
497 2266 587 2292 eum
623 2256 796 2302 quodvis
828 2257 1027 2292 numisma
1059 2257 1252 2302 exagium
1289 2256 1495 2302 penderet,
1534 2255 1599 2292 ilie
1630 2260 1748 2291 tetar-

249 2307 380 2340 terum
407 2304 657 2350 excogitavit
683 2304 862 2351 pondere
889 2305 1097 2340 imminuto
1124 2308 1164 2340 et
1190 2304 1424 2340 exactiones
1449 2304 1652 2349 graviore,
1674 2302 1748 2339 lar-

248 2350 425 2397 gitiones
450 2355 491 2387 et
515 2362 655 2388 omnes
681 2353 883 2398 impensas
908 2351 1091 2387 mutilato
1120 2352 1362 2387 numismate
1391 2351 1497 2387 feeit.
1547 2351 1631 2386 Iam
1657 2360 1747 2386 eum
1761 2346 1807 2383 25

249 2399 473 2445 antiquitus
505 2404 712 2445 receptum
744 2402 860 2442 esset,
898 2404 944 2435 ut
976 2399 1104 2435 omnis
1137 2402 1255 2435 vetus
1280 2402 1405 2435 stater
1431 2399 1540 2445 reg-is
1569 2398 1748 2444 imagine

249 2446 464 2492 insignitus
490 2447 727 2483 tantundem
763 2447 927 2490 valeret,
967 2450 1162 2492 quantum
1195 2446 1314 2482 modo
1342 2447 1394 2482 ab
1429 2457 1527 2492 rege
1559 2455 1747 2489 excusus,

250 2493 316 2530 ille
340 2503 455 2530 suam
482 2499 685 2531 monetam
713 2495 838 2542 pum-is
864 2495 949 2530 fleri
977 2494 1102 2530 iussit.
1152 2494 1241 2536 Quo
1268 2494 1376 2529 fine?
1414 2498 1459 2529 ut
1485 2494 1591 2529 illam
1621 2493 1747 2529 solam
1761 2490 1807 2526 26

250 2542 542 2578 mercatoribus
557 2552 605 2578 ex
613 2542 852 2589 petentibus,
879 2553 901 2577 e
916 2542 1240 2578 commutationis
1255 2542 1457 2586 aucun-iis,
1476 2551 1582 2587 quae
1596 2551 1748 2587 magna

250 2589 454 2635 exigebat,
486 2589 655 2626 multum
687 2590 761 2625 sibi
790 2590 889 2626 lucri
916 2589 1139 2625 accederet.
1191 2589 1345 2631 Quibus
1372 2589 1493 2625 rebus
1520 2598 1611 2624 eum
1638 2589 1747 2624 cives
1761 2584 1806 2621 27

251 2641 511 2682 vexarentur,
550 2637 702 2674 aediles
728 2648 861 2674 rerum
890 2637 1092 2672 venalium
1126 2637 1275 2672 nullam
1303 2637 1499 2673 rationem
1531 2636 1747 2679 habebant,

249 2683 321 2720 sed
347 2694 422 2720 suo
448 2686 620 2731 quisque
645 2686 845 2721 arbitratu
871 2688 1070 2720 mercator
1090 2684 1260 2730 pretium
1283 2684 1506 2729 statuebam
1531 2683 1652 2727 unde,
1678 2684 1746 2729 qui

250 2741 315 2767 res
340 2733 591 2768 necessarias
617 2733 817 2775 emebant,
843 2734 883 2768 in
912 2732 997 2767 dies
1024 2732 1174 2767 flebant
1201 2732 1475 2778 pauperiores.

368 2780 425 2816 ⁶26.
466 2780 580 2816 Haec
604 2781 697 2816 alia(
715 2791 766 2816 ue
793 2781 910 2827 plura
935 2783 1043 2823 (nam
1071 2780 1204 2815 omnia
1224 2780 1410 2825 persequi
1430 2778 1602 2824 difficile)
1629 2783 1745 2815 atrox

250 2827 427 2864 omnium
455 2827 590 2864 odium
618 2828 658 2864 in
721 2828 952 2874 ieepborum
982 2827 1248 2870 concitarunt,
1314 2837 1366 2863 uo
1402 2827 1573 2873 permoti
1608 2837 1747 2862 omnes

251 2874 457 2920 optabant,
495 2879 541 2911 ut
573 2876 661 2911 eius
693 2875 909 2921 tyrannide
947 2875 1227 2910 liberarentur.
1278 2874 1380 2910 liud
1413 2879 1547 2910 tamen
1580 2873 1643 2910 vel
1678 2873 1784 2910 itu-2

279 2922 388 2958 rimis
415 2922 643 2959 hominibus
668 2924 878 2959 molestum
906 2923 992 2965 suit,
1020 2922 1129 2967 quod
1155 2922 1309 2968 regiam
1330 2932 1443 2957 muro
1470 2921 1745 2957 circumdedit.

250 2984 265 3004 ι
286 2979 349 3005 ani
377 2979 466 3006 cum
494 2971 703 3007 oraculum
730 2971 952 3017 accepisset
979 2981 1022 3005 se
1049 2970 1089 3005 in
1116 2980 1164 3005 ea
1195 2970 1451 3006 intersectum
1485 2970 1544 3014 iri,
1575 2969 1783 3017 putabatfl
