2054 3282
376 228 446 268 626
769 230 950 270 ZONAR.
978 230 1108 268 EPIT.
1134 230 1246 269 XVII
1271 230 1327 278 23,
1353 231 1482 270 8-19.

374 354 468 395 οὔτε
490 354 686 408 συχνάκις
715 355 830 408 αὐτῷ
860 353 1036 408 προσῄει
1067 354 1138 395 καὶ
1168 354 1454 408 ὑπερηφάνως
1486 355 1552 396 ὅτε
1582 356 1870 411 προσελήλυθε

338 423 669 476 9προσεφέρετο,
704 422 969 476 διελέγχουσά
995 438 1036 463 τε
1058 422 1128 463 καὶ
1150 422 1419 471 ὀνειδίζουσα.
1481 425 1518 464 εἰ
1547 421 1583 465 δ’
1618 425 1683 466 ἐπὶ
1712 425 1871 471 τούτοις

374 491 554 544 ἑωράκει
574 490 645 531 τὸν
667 490 851 544 ἀδελφὸν
874 490 1157 544 ὀργιζόμενον,
1190 491 1458 533 ἀπεδυσπέτει
1484 497 1869 548 καταφρονητικῶς.

316 563 361 598 10
374 558 490 612 ὁρῶν
523 557 598 599 οὖν
623 558 696 612 τὴν
718 558 826 612 πρὸς
846 557 917 599 τὸν
943 558 1146 613 Τορνίκην
1176 564 1248 614 τῆς
1280 560 1465 615 ἀδελφῆς
1496 561 1519 601 ὁ
1551 561 1741 616 βασιλεὺς
1773 578 1870 616 γνη-

374 627 537 681 σιότητα
569 628 791 668 ὑπώπτευέ
819 643 861 668 τε
892 627 962 668 καὶ
995 628 1155 682 ἕμηνία,
1188 628 1258 669 καὶ
1285 630 1349 670 ἵνα
1371 629 1522 683 πόρρω
1546 629 1736 684 ἀλλήλων
1757 630 1906 672 θεῖτοὸ

374 695 540 748 αὑτούς,
585 698 670 736 τῶν
714 696 758 736 ἐν
787 695 946 750 Ἴβηρσι
989 700 1038 751 τῇ
1071 696 1294 750 Ῥωμαίων
1338 698 1538 752 ἡγεμονίᾳ
1583 698 1919 752 διαφερόντωνΙ)
1940 707 1994 744 IV
2014 708 2054 744 16

324 764 491 817 Βαὺτῴ
533 763 606 818 τὴν
650 764 785 818 ἀρχὴν
829 765 1058 819 ἀνατίθησι,
1104 767 1539 821 κατεσχηματισμένην
1576 767 1870 821 εὐπροσώπως

316 836 359 871 11
375 832 602 886 ὑπερορίαν
634 833 762 874 αὑτοῦ
795 834 1211 888 καταψηφισάμενος.
1275 835 1346 875 καὶ
1372 835 1395 876 ὁ
1416 835 1493 889 μὲν
1525 835 1731 890 ἀπῆλθεν·
1765 836 1790 890 ἡ
1825 836 1871 877 δέ

375 917 420 955 γε
452 901 589 955 φήμη,
634 902 659 955 ἢ
692 901 800 956 πρὸς
836 902 944 956 μέγα
983 902 1111 957 τύχης
1150 902 1277 944 αὑτὸν
1316 904 1462 957 ἐξῆρεν
1498 904 1542 944 ἒν
1580 904 1745 958 ἐλπίσιν,
1790 904 1870 945 οὐκ

375 969 507 1023 ἔληγε.
570 970 645 1010 καί
679 985 782 1016 τινες
822 970 868 1011 ἐκ
906 971 1055 1011 τούτου
1094 970 1166 1012 τὸν
1202 971 1336 1026 ἄνδρα
1367 971 1476 1026 πρὸς
1505 972 1577 1013 τὸν
1607 972 1778 1026 βασιλέα
1811 973 1870 1014 δι·
1887 979 1934 1014 10

317 1037 561 1092 12έβαλλον.
630 1038 654 1079 ὁ
695 1038 740 1079 δὲ
782 1043 867 1084 τοῖς
909 1038 1048 1093 λόγοις
1090 1040 1250 1084 τούτοις
1292 1039 1366 1093 τὴν
1409 1040 1583 1095 γνώμην
1628 1041 1874 1087 διασεισθεὶς

376 1107 524 1147 στέλλει
555 1107 626 1147 καὶ
657 1107 781 1161 κείρει
812 1107 890 1161 μὲν
920 1107 994 1161 τὴν
1025 1108 1165 1162 κόμην
1193 1113 1255 1162 τῷ
1280 1108 1473 1163 Τορνίκῃ,
1507 1109 1734 1163 συγκείρειν
1755 1109 1873 1164 αὐτῷ

375 1179 462 1221 ταῖς
492 1175 606 1230 θριξὶ
636 1176 707 1216 καὶ
743 1175 816 1221 τὰς
853 1176 1021 1222 ἐλπίδας
1060 1176 1263 1231 οἰόμενος,
1308 1177 1441 1231 ῥάκος
1485 1177 1530 1218 δὲ
1572 1178 1704 1231 μέλαν
1747 1178 1873 1219 αὑτὸν

375 1244 634 1298 ἆμφιέννυσι,
668 1245 831 1298 ζοφοῦν
856 1245 973 1298 αὑτῷ
994 1245 1180 1299 νομίζων
1202 1245 1394 1287 ἐντεῦθεν
1414 1245 1488 1301 τὴν
1508 1246 1873 1301 προσδοκωμένην

374 1317 447 1367 τῆς
484 1312 612 1367 τύχης
651 1313 938 1367 λαμπρότητα·
984 1314 1096 1354 οὕτω
1138 1310 1174 1354 δ’
1209 1314 1490 1355 ἐπανελθόντα
1526 1311 1622 1369 μήτ’
1656 1315 1871 1369 οἰκτείρας,
1889 1320 1933 1355 15

318 1386 362 1421 13
376 1380 478 1422 ἀλλὰ
510 1381 581 1422 καὶ
612 1381 895 1436 ἕπικαγχάσας
926 1382 1100 1437 ἀφῆκεν.
1140 1383 1179 1423 οἷ
1211 1382 1257 1423 δέ
1279 1399 1323 1436 γε
1345 1383 1594 1429 Μακεδόνες
1615 1383 1686 1424 καὶ
1706 1383 1871 1439 πρῴην,

377 1450 439 1495 ὡς
475 1451 642 1504 εἴρηται,
686 1451 979 1505 προσκείμενοι
1016 1456 1077 1505 τῷ
1114 1451 1234 1506 ἀνδρὶ
1271 1450 1342 1492 καὶ
1378 1451 1561 1506 χρηστὰς
1603 1451 1770 1498 ἐλπίδας
1807 1449 1870 1494 ἐπ’

163 1523 359 1559 P11252A
377 1519 493 1572 αὐτῷ
536 1519 779 1573 θάλποντες,
824 1519 974 1564 νυκτὸς
1017 1519 1143 1561 αὑτὸν
1187 1520 1516 1574 ὑπεξαγαγόντες
1551 1524 1623 1575 τῆς
1660 1521 1872 1575 βασιλίδος

378 1648 422 1683 16
447 1647 639 1684 ἀποστασία
664 1649 816 1687 Λέοντος
842 1654 903 1683 τοῦ
933 1650 1084 1695 Τορνίκη
1120 1652 1161 1694 (τ.
1188 1651 1364 1695 τορνικιόυ
1389 1650 1527 1689 λέοντος
1553 1649 1596 1692 C)
1624 1649 1686 1686 ΟΕ
1717 1650 1778 1686 καὶ
1808 1651 1872 1686 ὅσα

376 1696 413 1731 ἒν
438 1696 526 1742 αὐτῇ
550 1697 780 1742 ἐπράχθησαν
805 1697 836 1731 Ε

449 1816 472 1851 3
498 1821 798 1861 καταφροητικῶς
825 1816 872 1862 ρ*
995 1816 1019 1851 4
1043 1818 1219 1862 τορνίκιον
1246 1816 1343 1863 pr
1464 1823 1524 1863 τῆς
1548 1816 1706 1862 ἀδελφῆς
1732 1827 1807 1853 om.
1833 1817 1870 1852 D

448 1864 470 1898 6
495 1870 537 1909 τῇ
563 1891 571 1899 .
599 1891 607 1898 .
634 1865 799 1909 ἡγεμονίᾳ
825 1865 1080 1910 διαφερόντων]
1109 1876 1146 1900 V.
1174 1865 1226 1900 ad
1252 1865 1344 1900 XVI
1372 1865 1426 1910 10,
1454 1866 1475 1900 6
1599 1866 1621 1900 9
1646 1867 1734 1910 ἥπερ
1758 1865 1795 1900 ἐν
1819 1865 1870 1900 ἕλ-

451 1913 525 1946 πίσι
553 1912 640 1956 πρὸς
664 1914 753 1957 μέγα
778 1913 885 1957 τύχης
910 1912 1015 1948 αὐτὸν
1040 1913 1105 1956 (ex
1125 1913 1231 1948 αὐτοῦ
1251 1923 1351 1948 corr.
1373 1913 1416 1955 C)
1442 1913 1564 1958 ἐξῆρεν
1589 1912 1652 1948 ΒΟ
1748 1913 1870 1958 ἐξῆρεν

447 1959 551 1994 αὐτὸν
568 1960 604 1994 D
705 1961 747 1994 12
765 1961 932 2004 τορνικίω
952 1960 1111 2006 BC(wp)
1213 1962 1255 1995 13
1272 1961 1332 1995 καὶ
1352 1971 1426 1996 om.
1442 1961 1477 1994 D
1574 1961 1683 2006 ῥάκος
1700 1959 1868 2006 prDi‚

449 2008 558 2052 ῥᾶκος
583 2007 669 2052 AD,
695 2008 832 2052 ράκκος
858 2007 888 2042 Β
989 2009 1033 2042 14
1057 2010 1190 2053 νομίζω
1210 2009 1245 2043 D
1345 2009 1388 2043 16
1415 2009 1490 2043 sub
1517 2008 1655 2053 ἀφῆκεν
1681 2008 1762 2050 (fol.
1775 2007 1869 2043 447¹*

449 2055 564 2098 extr.)
593 2058 818 2091 atramento
845 2056 994 2101 pallido
1022 2057 1151 2101 eique,
1179 2067 1259 2101 quo
1286 2067 1429 2091 manus
1456 2057 1565 2101 prior
1587 2057 1724 2100 utitur,
1752 2056 1868 2091 simili

448 2103 612 2138 additae
637 2107 731 2138 sunt
758 2104 914 2138 litterae
941 2103 1008 2139 Ch.
1035 2103 1079 2138 R.
1106 2105 1146 2138 in
1172 2104 1202 2138 B
1337 2105 1379 2139 17
1404 2103 1551 2149 εἴρηται]
1579 2103 1690 2139 XVII
1716 2104 1772 2148 ⁴23,
1798 2105 1821 2138 3

493 2150 548 2185 ἐπ’
576 2161 651 2186 om.
677 2150 713 2185 D
812 2152 867 2187 17.
896 2151 940 2186 18
964 2151 1157 2191 θάλποντες
1183 2155 1278 2187 ante
1304 2151 1357 2186 ἐπ’
1384 2151 1447 2187 BC

378 2281 664 2327 frequentabat
696 2283 851 2328 regiam
883 2286 922 2318 et
954 2283 1130 2328 superbe
1165 2293 1254 2318 cum
1282 2284 1407 2318 fratre
1434 2284 1593 2329 agebat,
1633 2283 1666 2318 si
1703 2283 1866 2329 quando

340 2329 614 2374 9aeeesserat,
642 2341 733 2366 eum
761 2341 940 2375 arguens
967 2334 1006 2366 et
1033 2331 1255 2376 obiurgans
1283 2334 1321 2366 et
1340 2332 1425 2366 eius
1453 2332 1503 2366 ob
1530 2332 1596 2366 illa
1614 2331 1865 2366 iracundiam

318 2377 363 2412 10
377 2388 448 2422 per
475 2381 748 2423 contemptum
775 2378 931 2413 silentio
959 2378 1224 2414 dissimulans.
1274 2378 1361 2414 Rex
1391 2389 1488 2414 vero
1522 2380 1723 2414 sincerum
1755 2379 1866 2413 illum

377 2426 525 2460 sororis
544 2436 644 2471 erga
662 2425 864 2461 Tornicen
883 2426 1071 2461 affectum
1089 2427 1271 2471 graviter
1289 2427 1536 2471 molesteque
1554 2428 1699 2470 ferens,
1725 2429 1770 2461 ut
1797 2436 1866 2461 eos

376 2473 498 2517 longe
524 2474 768 2518 seiungeret‚
806 2473 1007 2508 Tornicen
1030 2473 1214 2509 Iberibus
1241 2474 1447 2509 Romanae
1474 2474 1634 2508 ditionis
1661 2474 1866 2519 praefecit,

319 2520 360 2555 11
376 2520 626 2565 relegatione
666 2522 847 2566 specioso
886 2521 999 2556 titulo
1040 2522 1292 2556 obumbrata.
1344 2521 1441 2557 Cum
1480 2522 1604 2566 igitur
1641 2522 1706 2556 ille
1737 2522 1867 2556 abiret

375 2577 508 2612 neque
534 2572 667 2603 tamen
687 2569 795 2603 fama
814 2579 904 2604 eum
924 2579 995 2614 spe
1021 2580 1195 2615 magnae
1215 2570 1403 2604 fortunae
1430 2570 1619 2614 prosequi
1647 2569 1865 2613 desisteret,

378 2615 542 2660 quidam
577 2616 672 2651 inde
705 2626 844 2651 ansam
878 2617 1137 2662 arripuerunt
1169 2618 1255 2652 eius
1282 2617 1391 2662 apud
1417 2627 1556 2662 regem
1582 2617 1866 2651 calumniandi.

318 2663 363 2698 12
377 2663 554 2704 Quorum
583 2664 717 2698 verbis
743 2667 964 2699 commotus
990 2664 1054 2699 ille
1080 2664 1280 2699 Tornieae
1311 2674 1465 2699 comam
1496 2665 1647 2707 tondet,
1686 2674 1728 2699 se
1754 2674 1865 2709 spem

377 2711 464 2745 eius
489 2721 573 2745 una
606 2711 868 2746 detonsurum
900 2715 1023 2755 ratus,
1061 2713 1302 2757 nigramque
1334 2712 1535 2746 lacernam
1568 2712 1710 2755 induit,
1749 2712 1864 2756 quasi

377 2768 425 2793 eo
459 2759 593 2793 colore
625 2759 814 2794 tenebras
847 2759 1051 2794 offusurus
1084 2762 1317 2805 exspectato
1343 2759 1398 2794 illi
1429 2760 1618 2794 fortunae
1643 2759 1863 2804 splendori3

376 2806 432 2840 ita
466 2816 674 2841 reversum
713 2806 816 2842 adeo
854 2817 934 2842 non
969 2810 1028 2842 est
1062 2807 1285 2851 miseratus,
1326 2811 1370 2841 ut
1402 2808 1597 2842 caehinno
1629 2808 1747 2841 etiam
1776 2817 1863 2851 pro-

319 2852 363 2888 13
377 2857 614 2897 sequeretur
645 2854 873 2889 abeuntem.
924 2853 1166 2890 Macedones
1198 2864 1296 2889 vero
1329 2855 1440 2900 prius
1473 2856 1603 2899 etiam,
1642 2858 1686 2889 ut
1713 2854 1863 2888 dictum

377 2904 446 2947 est,
474 2901 527 2935 illi
556 2902 642 2936 viro
669 2901 819 2937 addicti
846 2912 895 2937 ao
921 2902 1024 2937 bene
1051 2901 1101 2937 de
1127 2912 1175 2937 eo
1202 2904 1410 2948 sperantes
1437 2912 1528 2938 eum
1546 2906 1669 2938 noctu
1688 2912 1738 2937 ex
1761 2901 1863 2936 urbe
