2054 3282
427 207 804 246 COMENTIOLVS.
853 205 1193 244 PHILIPPICVS.
1244 206 1501 244 BARAMVS.
1647 207 1714 244 185

221 330 459 374 Θεοδόσιον.
528 329 774 377 Φιλιππικὸς
813 329 858 372 δὲ
894 329 966 371 καὶ
1002 330 1124 371 πάλιν
1160 329 1266 371 κατὰ
1302 329 1484 383 Περσῶν
1523 330 1713 384 ἕξεστρά-
1731 333 1775 369 18

215 415 331 441 τευσε
367 399 437 441 καὶ
474 399 520 441 τὸ
557 399 651 453 περὶ
687 397 815 440 αὐτὸν
851 397 1145 453 στρατιωτικὸν
1184 398 1401 453 ἠρώτησεν
1431 399 1470 440 εἶ
1496 398 1849 453 πρόθυμοιΨΙΙΙ
1863 401 1907 436 61

215 472 300 514 τοῖς
320 467 507 523 Πέρσαις
531 467 610 510 εἷεν
638 468 920 522 μαχέσασθαι.
983 467 1023 508 οἱ
1054 466 1100 509 δὲ
1130 467 1202 509 καὶ
1233 467 1378 522 ὅρκοις
1407 467 1454 509 τὸ
1484 467 1715 522 πρόθυμον
1730 470 1775 505 19

217 537 358 578 αὐτῶν
379 537 611 592 ἐβεβαίουν.
673 537 736 583 ὡς
761 535 837 578 οὖν
868 536 1098 591 συνέβαλον
1127 540 1212 583 τοῖς
1242 536 1451 590 ἐναντίοις,
1483 537 1607 591 μέχρι
1637 536 1716 590 μέν
1728 539 1775 574 20

180 611 324 651 5τινος
354 605 540 660 ἀντεῖχον
571 606 612 647 οἷ
639 605 870 660 βάρβαροι·
903 605 989 647 ἐπεὶ
1011 604 1057 647 δὲ
1077 605 1174 652 τοὺς
1195 606 1348 652 ἵππους
1367 605 1554 661 πλήττειν
1574 606 1716 647 αὐτῶν

217 674 242 716 ὅ
272 673 500 728 στρατηγὸς
530 677 614 720 τοῖς
645 674 811 720 οἰκείοις
837 674 1170 728 παρεκελεύσατο
1202 674 1273 716 καὶ
1302 674 1449 716 πολλοὶ
1469 677 1554 716 τῶν
1575 675 1716 716 ἵππων

215 742 486 797 πληττόμενοι
516 743 698 797 ἔπιπτον,
737 743 893 797 ἐτράπη
925 742 972 784 τὸ
1004 741 1237 796 Περσικόν·
1282 743 1354 785 καὶ
1383 743 1430 785 τὸ
1460 742 1539 798 μὲν
1569 744 1716 798 ἥττητο
1729 746 1773 781 21
1802 745 1837 780 D

216 814 428 866 κραταιῶς
462 812 532 853 καὶ
568 811 675 853 πολὺ
712 812 861 853 τούτου
898 812 1030 866 μέρος
1074 812 1323 866 διέφθαρτο·
1369 813 1409 854 οἱ
1438 811 1638 867 Ῥωμαῖοι
1670 811 1716 853 δὲ

215 880 423 934 λαμπρῶς
453 881 690 935 νενικήκασι
721 880 792 922 καὶ
823 882 985 929 ζῶντας
1015 884 1101 922 τῶν
1130 881 1346 935 πολεμίων
1376 880 1470 935 περὶ
1496 880 1717 936 δισχιλίους

159 955 205 990 10
216 948 456 1003 συνέλαβον.
517 949 748 1004 Ὁρμίσδας
780 948 826 991 δὲ
857 949 881 990 ὁ
909 952 995 991 τῶν
1016 948 1201 1003 Περσῶν
1222 949 1408 1004 ἀρχηγὸς
1430 949 1589 1004 Βαρὰμ
1609 965 1715 1003 προ-
1729 953 1775 988 22

215 1017 501 1072 χειρισάμενος
537 1017 766 1073 στρατηγὸν
803 1018 1030 1073 συμβαλεῖν
1061 1017 1282 1072 Ῥωμαίοις
1320 1018 1544 1060 ἐκέλευσεν.
1607 1018 1632 1059 ὁ
1671 1017 1716 1059 δὲ
1729 1023 1776 1058 23

216 1086 448 1141 συμβαλὼν
474 1087 653 1141 ἡττᾶται·
687 1088 711 1128 ὃ
733 1086 857 1141 γνοὺς
878 1085 1109 1140 Ὁρμίσδας
1131 1087 1367 1140 γυναικείαν
1388 1087 1545 1142 ἐσθῆτα
1567 1086 1717 1128 στέλλει

216 1155 334 1209 αὐτῷ
364 1156 435 1197 καὶ
465 1155 540 1211 τὴν
570 1156 816 1210 στρατηγίαν
848 1155 1037 1210 ἀφείλετο
1068 1155 1140 1197 καὶ
1170 1161 1231 1209 τῷ
1258 1156 1564 1210 ὑποστρατήγῳ
1587 1156 1716 1197 αὐτοῦ

218 1224 285 1266 διὰ
318 1229 486 1280 γραφῆς
517 1225 738 1268 ἐνετείλατο
769 1224 841 1266 τὸν
863 1224 1022 1279 Βαρὰμ
1043 1224 1212 1266 ἀνελεῖν.
1275 1224 1299 1266 ὁ
1332 1224 1378 1266 δὲ
1410 1224 1454 1265 οἴ
1479 1228 1617 1266 κακοῦ
1651 1225 1716 1279 γέ-
1730 1229 1778 1265 24

161 1299 205 1335 15
218 1309 339 1348 γονεν
380 1295 594 1348 ἐννοήσας,
640 1293 865 1348 γράμματα
910 1294 972 1340 ὡς
1016 1294 1061 1342 ἕξ
1096 1292 1328 1348 Ὁρμίσδου
1367 1293 1484 1348 αὐτῷ
1523 1294 1717 1336 σταλέντα

220 1412 266 1447 10
288 1412 368 1457 περὶ
393 1411 524 1457 Βαρὰμ
551 1417 610 1448 τοῦ
637 1413 722 1454 (τῶν
747 1412 794 1455 Ε)
819 1413 975 1456 Περσῶν
1001 1416 1194 1458 στρατηγοῦ
1221 1411 1283 1448 ΟΕ

290 1532 307 1566 1
339 1531 541 1577 Θεοδόσιον]
562 1531 624 1568 Ad
643 1532 744 1568 haec.
762 1531 802 1569 C.
822 1531 864 1567 B.
882 1532 1032 1568 Hasius
1051 1532 1275 1568 secundum
1293 1531 1335 1567 F.
1354 1532 1550 1567 Haasium
1569 1533 1610 1568 in
1629 1533 1719 1569 cod.

287 1578 322 1614 A
348 1580 550 1627 ascripsit:
577 1580 652 1616 “In
677 1580 764 1616 cod,
783 1591 934 1627 graeco
954 1580 1151 1616 Vaticano
1171 1579 1240 1616 152
1261 1580 1312 1616 de
1337 1581 1453 1616 istius
1478 1580 1548 1615 filii
1574 1581 1718 1616 nativi-

289 1630 370 1663 tate
408 1628 509 1664 haec
546 1627 750 1674 Anonymi
787 1631 1007 1664 narrantur
1046 1629 1112 1664 fol.
1139 1628 1203 1664 141
1247 1631 1369 1672 recto,
1408 1629 1548 1664 nescio
1586 1639 1637 1663 an
1679 1631 1720 1665 et

291 1676 453 1712 aliunde
473 1679 588 1712 nota:
614 1677 861 1712 Κωνσταντίνα
887 1677 909 1722 ἡ
936 1676 1066 1723 γαμετὴ
1086 1678 1295 1722 ΙΙῙαυρικίου
1322 1676 1503 1722 ἐγέννησεν
1528 1677 1615 1721 υἱόν,
1642 1678 1682 1711 ὃν
1699 1678 1721 1712 ὁ

289 1724 492 1768 ᾹΙαυρίκιος
530 1725 737 1768 ἐπωνόμασε
766 1725 967 1768 Θεοδόσιον,
1010 1725 1060 1764 ὡς
1096 1726 1327 1770 πρωτότοκον
1365 1724 1473 1760 αὐτοῦ
1511 1725 1596 1760 υἱόν.
1648 1730 1719 1760 τῶν

288 1772 350 1807 οὖν
380 1772 531 1818 βενέτων
562 1774 767 1818 κραζόντων
789 1772 1034 1808 Ἰουστινιανὸν
1063 1773 1261 1817 καλεῖσθαι,
1298 1774 1334 1808 οἱ
1366 1772 1530 1817 πράσινοι
1569 1773 1719 1817 ἔκραζον

292 1820 482 1856 Θεοδόσιον
517 1820 622 1856 αὐτὸν
659 1820 843 1856 καλεῖσθαι
883 1819 942 1855 διὰ
974 1820 1012 1856 τὸ
1040 1821 1230 1857 Θεοδόσιον
1262 1820 1319 1855 τὸν
1346 1820 1488 1866 βασιλέα
1520 1821 1719 1866 ὀρθόδοξον

288 1868 460 1913 γενέσθαι,
498 1868 558 1903 καὶ
587 1867 698 1903 πολλὰ
731 1869 788 1913 ε”τη
819 1870 936 1913 ζῆσαι·
975 1869 1127 1914 ἤρξαντο
1163 1869 1214 1914 [in
1242 1879 1382 1914 apogr.
1410 1868 1550 1904 Haasii
1577 1868 1718 1914 ἤξαντο]

288 1915 351 1950 οὖν
376 1917 412 1951 οἵ
433 1916 563 1962 βένετοι
589 1916 700 1962 λέγειν
725 1917 854 1956 οὕτως·
888 1916 943 1952 ΤΑ
971 1917 1276 1953 ΔΩΡΗΘΕΝΤΑ
1302 1917 1410 1952 ΕΤΗ
1432 1917 1719 1953 ΤΩιἾΟΥΣΤῙ-

289 1964 463 2000 ΝΙΑΝΩι
489 1965 509 1999 ὁ
535 1964 614 2003 θεὸς
631 1965 895 2000 ΠΑΡΑΣΧΗι
914 1965 1009 2000 ΣΟΙ
1026 1965 1099 2000 ΕΝ
1120 1965 1346 2001 ΕΙΡῙΙΝΙΙι.
1396 1965 1445 1999 ὅτι
1472 1965 1557 1999 εἰσιν
1590 1966 1635 2000 [ι’
1661 1966 1718 2010 ἔτη

287 2012 347 2046 καὶ
371 2012 491 2047 πλείω.
542 2012 691 2048 Eadem
719 2012 912 2058 leguntur
939 2012 1026 2047 cod.
1045 2012 1132 2048 Vat.
1152 2013 1221 2048 977
1240 2012 1308 2048 fol.
1329 2012 1396 2048 184
1417 2013 1568 2048 verso.”
1604 2012 1720 2048 Nunc

288 2059 341 2094 nil
368 2060 447 2095 tale
475 2063 587 2095 extat
614 2061 653 2095 in
673 2059 719 2095 A.
822 2060 1067 2105 ἐξεστράτευσε
1089 2059 1258 2107 prDz’,
1284 2060 1548 2105 ἐξεστράτευσεν
1574 2059 1620 2105 Α,
1648 2061 1718 2096 sed

289 2118 326 2142 v.
356 2107 408 2142 ad
434 2107 531 2143 XIII
559 2108 589 2150 1,
614 2107 636 2143 5
763 2107 786 2143 4
812 2108 1023 2154 συνέβαλλον
1049 2108 1080 2143 Ε
1208 2109 1229 2144 6
1255 2109 1276 2142 ό
1299 2108 1487 2153 στρατηγὸς
1515 2119 1590 2144 om.
1618 2108 1647 2145 C

288 2155 311 2190 8
334 2156 442 2200 μέρος
469 2166 544 2191 om.
573 2155 604 2191 O
708 2156 740 2191 8.
768 2155 791 2190 9
815 2157 852 2191 οἵ
873 2155 912 2191 δὲ
937 2156 1089 2201 ῥωμαῖω
1114 2157 1286 2202 λαμπρῶς
1312 2156 1382 2191 EW
1409 2156 1567 2201 (λαπρῶς
1592 2156 1664 2199 W*)
1693 2168 1717 2203 p

288 2203 344 2239 10.
370 2203 414 2239 12
433 2204 603 2248 ὀρμίσδας
621 2203 652 2238 Ε
751 2203 796 2238 10
813 2203 968 2249 ἀρχηγὸς
985 2203 1133 2250 Apr‚
1161 2203 1324 2251 βασιλεὺς
1342 2204 1378 2239 D
1478 2203 1523 2239 14
1548 2205 1589 2240 οἶ
1598 2203 1719 2249 ARW,

287 2252 324 2286 οἳ
347 2250 394 2296 D,
419 2252 497 2286 οἵου
525 2250 567 2295 Β,
593 2251 667 2287 οἷον
694 2262 719 2297 p

216 2371 326 2406 tione
344 2371 453 2406 facta
471 2371 670 2407 adversus
688 2371 834 2407 Persas
852 2371 996 2407 milites
1019 2382 1114 2407 suos
1141 2375 1414 2418 percontatur,
1441 2382 1535 2407 num
1564 2372 1720 2408 alacres

217 2421 351 2454 essent
377 2418 429 2453 ad
463 2429 643 2466 pugnam
670 2419 890 2464 Persicam3
929 2420 976 2454 iis
1003 2429 1100 2455 vero
1127 2420 1246 2455 etiam
1279 2420 1542 2455 iureiurando
1582 2419 1720 2456 alacri·
1735 2419 1780 2454 19

217 2470 340 2502 tatem
373 2476 487 2502 suam
526 2468 680 2503 testatis
713 2467 847 2503 hostes
874 2467 1126 2513 aggreditur.
1179 2468 1267 2509 Qua
1306 2469 1346 2503 in
1374 2478 1514 2514 pugna
1554 2469 1628 2503 etsi
1667 2468 1719 2503 ad
1733 2467 1780 2502 20

217 2518 376 2560 tempus
401 2515 566 2550 barbari
593 2516 837 2559 restiterunt,
877 2518 1013 2550 tamen
1051 2525 1140 2550 cum
1180 2515 1262 2550 dux
1291 2517 1373 2551 suis
1400 2517 1647 2562 imperasset,
1674 2520 1720 2551 ut

218 2562 374 2597 illorum
388 2572 515 2608 equos
529 2563 747 2599 caederent
762 2563 958 2608 multique
973 2564 1066 2608 equi
1084 2563 1285 2599 vulnerati
1301 2563 1550 2608 cecidissent,
1569 2563 1718 2599 Persae
1733 2563 1777 2598 21

217 2610 358 2655 fugam
386 2614 592 2656 ceperunt.
622 2614 807 2657 potenter
826 2611 920 2646 victi
941 2621 1174 2657 magnaque
1201 2611 1315 2647 clade
1334 2615 1520 2657 accepta3
1547 2611 1718 2647 Romani

218 2668 316 2692 vero
342 2657 535 2694 illustrem
555 2659 766 2694 victoriam
786 2659 991 2694 consecuti
1020 2659 1070 2694 ad
1100 2659 1180 2694 duo
1200 2660 1309 2694 milia
1336 2660 1507 2695 hostium
1536 2660 1632 2694 viva
1659 2669 1719 2695 ce-

218 2708 375 2751 perunt.
426 2705 672 2750 Hormisdas,
711 2706 927 2742 Persarum
967 2717 1051 2750 rex,
1091 2706 1306 2742 Baramum
1340 2707 1484 2742 ducem
1522 2707 1718 2753 congredi
1732 2707 1779 2743 22

217 2763 307 2788 cum
335 2752 526 2789 Romanis
558 2755 682 2790 iussit.
733 2755 859 2796 Quem
898 2758 943 2790 ut
970 2755 1119 2790 vietum
1160 2765 1247 2790 esse
1274 2755 1480 2802 cognovit,
1518 2756 1717 2802 abrogato
1732 2755 1779 2790 23

217 2800 271 2835 illi
305 2801 474 2847 imperio
509 2805 661 2838 vestem
695 2803 931 2838 muliebrem
959 2803 1078 2838 mittit
1107 2803 1276 2848 eiusque
1304 2802 1439 2849 legato
1466 2812 1539 2849 per
1565 2803 1718 2839 litteras

217 2847 394 2893 mandat,
433 2853 478 2884 ut
503 2849 720 2885 Baramum
750 2850 918 2885 occidat.
971 2849 1048 2886 Sed
1076 2850 1152 2894 ille,
1193 2851 1355 2895 quantis
1393 2851 1432 2886 in
1461 2851 1575 2886 malis
1613 2851 1777 2886 esset24

218 2901 424 2942 reputans,
450 2897 604 2933 litteras
629 2898 680 2933 ab
699 2897 913 2934 Hormisda
935 2899 986 2934 ad
1014 2909 1057 2934 se
1084 2899 1225 2934 missas
1255 2909 1341 2934 esse
1369 2899 1542 2944 simulat,
1569 2899 1718 2945 quibus
