2054 3282
389 272 544 313 REGIS
568 272 750 313 MORES.
801 271 1246 312 ORPHANOTROPHI
1272 270 1502 310 EXILIVM.
1625 271 1695 310 607

198 396 515 452 ὀρφανοτρόφῳ
553 396 625 439 καὶ
660 397 768 452 θείῳ
805 397 935 439 αὐτοῦ
974 396 1046 438 καὶ
1078 401 1140 450 τῷ
1170 399 1402 451 συγγενικῷ
1433 395 1638 450 ξύμπαντι
1669 395 1694 436 ό

197 466 401 521 κολοφὼν
421 466 613 508 ἐντεῦθεν
634 465 789 520 ἐπῆκτο
810 469 896 507 τῶν
924 468 1173 520 συμφορῶν.
1235 464 1286 506 οὔ
1318 463 1398 519 γὰρ
1430 463 1496 506 ἐπὶ
1526 463 1695 519 μακρὸν
1712 468 1756 504 13

198 534 372 589 ἐτήρησε
414 533 488 588 τὴν
532 533 691 588 σκηνήν
732 549 775 575 τε
812 533 884 574 καὶ
921 533 997 587 τὴν
1032 533 1322 588 προσποίησιν,
1367 530 1453 574 ἀλλ’
1488 533 1557 574 ἐπί
1583 548 1696 579 τινας

196 603 423 657 βραχίστας
443 603 606 657 ἡμέρας
628 601 832 656 δεσπότην
851 601 924 644 τὸν
943 602 1062 643 θεῖον
1083 601 1310 656 ὀνομάζων
1338 601 1409 643 καὶ
1440 601 1696 643 συνθωκοῦν
1712 605 1907 642 W111194

161 677 184 714 5
198 671 316 726 αὐτῷ
358 671 506 719 ἀξιῶν
530 670 603 712 καὶ
644 671 778 730 πάντα
822 668 886 712 ἐπ’
926 670 1073 724 ἐκείνῳ
1111 669 1328 724 τιθέμενος
1364 668 1448 711 εἶτα
1478 668 1632 725 ὑφῄρει
1661 685 1696 711 τι

196 743 271 794 τῆς
312 743 442 794 τιμῆς,
485 737 569 780 εἷτα
613 739 693 780 οὐκ
736 738 789 794 ἦν
832 739 949 793 αὐτῷ
986 738 1202 792 πειθήνιος
1241 738 1285 780 ἕν
1323 742 1409 784 τοῖς
1438 738 1595 780 πλείοσι
1625 737 1697 780 καὶ
1711 743 1746 779 D

198 807 342 850 ἄλλοτε
383 807 484 849 ἄλλο
526 823 562 849 τι
603 806 713 862 πρὸς
748 806 820 849 τὸν
857 807 975 848 θεῖον
1012 807 1240 856 ὖποκνίζον
1271 806 1399 848 αὐτὸν
1430 806 1695 849 ἐνεδείκνυτο.

27 931 30 934 ‚
198 880 260 931 τῷ
291 875 337 918 δὲ
365 876 562 931 μετέμελε
591 880 663 931 τῆς
693 876 751 922 εἷς
780 875 853 918 τὸν
884 874 1059 930 ἀνεψιὸν
1088 879 1236 917 τοῦτον
1267 875 1468 931 σπουδῆς,
1503 876 1583 918 οὐκ
1615 875 1698 931 εἶχε
1712 881 1758 916 14

16 940 26 997 μ’
43 947 99 984 IV
118 947 182 983 151
201 945 239 987 (5¹
262 945 290 987 ὅ
308 961 343 987 τι
363 945 435 987 καὶ
456 944 643 999 δράσειεν
665 945 710 993 ἐξ
730 944 912 999 ἑτοίμου,
945 943 1032 985 ἀλλ’
1057 944 1367 999 ἕβυσσοὸόμευε
1391 944 1436 986 τὸ
1458 944 1697 999 ἐγχείρημα,

142 1019 188 1054 10
199 1014 306 1061 τέως
345 1013 390 1056 δὲ
422 1013 473 1055 οὗ
505 1017 693 1068 συνεχῶς
722 1012 897 1068 προσῄει
927 1017 989 1066 τῷ
1018 1012 1185 1067 βασιλεῖ.
1249 1012 1459 1067 διαφορᾶς
1502 1013 1548 1055 δὲ
1589 1012 1698 1068 πρὸς
1713 1019 1758 1055 15

200 1081 517 1124 Κωνσταντῒνον
537 1081 609 1123 τὸν
630 1081 816 1136 ἀδελφὸν
836 1082 954 1136 αὐτῷ
976 1082 1216 1136 γενομένης,
1248 1079 1288 1136 ᾦ
1308 1081 1431 1136 μόνῳ
1457 1082 1503 1130 ἓξ
1534 1082 1699 1136 ἁπάσης

199 1155 272 1206 τῆς
303 1150 539 1205 συγγενείας
569 1150 594 1192 ὁ
624 1149 800 1205 Μιχαὴλ
829 1150 1073 1204 προσέκειτο
1104 1150 1175 1191 καὶ
1206 1150 1370 1204 ἐτίμησε
1407 1151 1697 1206 νωβελίσιμον,

201 1219 273 1261 καὶ
302 1219 608 1274 τραχυνθέντος
639 1218 800 1260 ἐκείνου
830 1217 937 1260 κατὰ
957 1222 1032 1260 τοῦ
1048 1217 1250 1260 Ἰωάννου
1271 1222 1345 1260 τοῦ
1365 1219 1572 1273 βασιλέως
1593 1219 1698 1260 ἑνώ-

201 1303 311 1342 πιον,
349 1288 374 1330 ὁ
398 1287 599 1342 Ἰωάννης
629 1291 714 1334 τοῖς
743 1287 882 1342 λόγοις
914 1286 1087 1342 δηχθεὶς
1116 1286 1186 1328 καὶ
1217 1287 1377 1341 μᾶλλον
1408 1287 1469 1328 ὅτι
1498 1286 1559 1341 μὴ
1591 1286 1700 1341 πρὸς

144 1361 189 1397 15
203 1359 277 1398 τοῦ
307 1355 514 1411 βασιλέως
545 1356 612 1398 διὰ
643 1355 716 1403 τὰς
753 1355 862 1411 πρὸς
899 1355 1028 1398 αὐτὸν
1063 1355 1274 1410 λοιδορίας
1310 1355 1575 1410 ε’πιτετίμητο,
1619 1355 1698 1397 ἀπ-

204 1425 455 1480 εόυσπέτησέ
488 1441 531 1467 τε
566 1424 638 1466 καὶ
673 1424 826 1479 πόρρω
869 1440 941 1467 ποι
982 1428 1057 1467 τοῦ
1093 1425 1239 1470 ἄστεος
1275 1424 1430 1478 γέγονε.
1492 1428 1614 1466 τοῦτο
1655 1423 1700 1466 δὲ
1713 1430 1760 1465 :16
1774 1429 1850 1465 PII
1859 1428 1973 1465 244Λ

205 1493 398 1548 γνωσθὲν
439 1493 548 1535 πολύ
584 1510 620 1535 τι
658 1498 730 1549 τῆς
770 1493 989 1548 γερουσίας
1023 1493 1156 1548 μέρος
1195 1493 1549 1547 συνεπεσπάσατο,
1593 1492 1701 1535 ὥστε
1735 1508 1738 1510 ’

205 1563 322 1618 αὐτῷ
351 1565 626 1618 προσφοιτᾶν,
658 1563 738 1604 οὐκ
770 1562 924 1617 εὐνοίᾳ,
956 1559 1043 1604 ἀλλ’
1076 1559 1126 1603 ἵν’
1160 1558 1228 1617 ἐφ’
1261 1561 1435 1608 ἑαυτοὺς
1465 1561 1540 1616 τὴν
1571 1561 1700 1604 αὐτοῦ

206 1680 230 1716 2
254 1681 352 1720 ὅπως
377 1680 517 1726 διετέθη
541 1679 630 1726 πρὸς
655 1679 713 1716 τὸν
738 1681 836 1716 θεῖον
860 1680 968 1716 αὐτοῦ
986 1679 1043 1716 τὸν
1061 1680 1332 1726 ὀρφανοτρόφον
1350 1679 1414 1717 ΟΕ
1514 1679 1559 1715 10
1582 1679 1701 1725 ἕξορία

205 1733 266 1764 τοῦ
289 1727 566 1774 ὄρφανοτρόφου
591 1728 757 1771 (ἶωάννου
783 1728 829 1774 Ε)
855 1727 919 1765 ΟΕ

280 1836 299 1870 1
325 1835 583 1881 δρφανοτρόπω
609 1835 646 1871 D
743 1835 840 1872 αὐτῶ
859 1835 896 1872 D
992 1835 1016 1871 4
1039 1837 1230 1882 βραχίστας
1255 1834 1375 1880 ARW,
1400 1837 1545 1882 βραχεῖς
1569 1834 1628 1874 τὰς
1653 1835 1700 1879 D,

276 1884 448 1929 βραχίσας
493 1883 512 1905 *
609 1884 815 1920 συνθακοῦν
834 1883 933 1930 pr
1023 1884 1046 1919 6
1070 1883 1155 1929 εἶτα]
1175 1883 1236 1919 καὶ
1254 1883 1290 1918 D
1381 1884 1515 1919 πλείοσι
1533 1882 1701 1929 prDi,

276 1932 430 1966 πλείοσιν
492 1958 500 1976 ,
528 1941 565 1967 v.
592 1931 644 1967 ad
669 1931 766 1967 XIII
794 1933 826 1977 1,
852 1931 874 1967 5
971 1932 992 1968 7
1018 1931 1089 1977 τὸν]
1116 1931 1154 1967 τὸ
1179 1931 1211 1967 Ε
1307 1932 1330 1967 8
1354 1931 1540 1977 μετέμελλε
1566 1931 1701 1977 DEwp

278 1979 301 2013 9
326 1978 491 2023 δράσαιεν
516 1978 556 2023 C,
586 1979 749 2023 θράσειεν
774 1978 810 2014 D
909 1979 955 2015 10
979 1979 1038 2015 διὰ
1064 1984 1178 2025 φορᾶς
1203 1979 1290 2023 (sic)
1315 1978 1351 2014 A
1463 1980 1504 2014 11
1532 1979 1640 2014 αὐτοῦ
1665 1978 1701 2013 D

280 2026 326 2062 12
350 2027 583 2073 νωβελίσιμον
607 2026 693 2070 AD,
718 2027 929 2073 νωβελλίσιμ
932 2041 972 2062 ον
997 2026 1107 2073 pr,
1132 2027 1386 2073 νωβελίσσιμον
1411 2025 1477 2070 Di,
1506 2038 1543 2062 v.
1563 2026 1614 2062 ad
1631 2026 1702 2062 XV

276 2075 325 2166 8,ρ
330 2075 353 2109 2
451 2074 495 2109 14
510 2088 561 2120 μη
539 2084 657 2120 nom.
675 2074 706 2109 Β
805 2074 891 2109 16”
867 2088 1000 2114 ασιεως
1019 2074 1054 2109 Ι)
1154 2075 1199 2110 18
1215 2074 1311 2119 αὐτῷ
1322 2089 1388 2136 πρ.
1408 2074 1576 2120 prDi,
1594 2074 1702 2110 αὐτοῦ

507 2122 574 2157 οὐκ
600 2122 715 2167 εὐνοίᾳ
718 2122 827 2166 ,’ἆλλ
854 2133 929 2158 om.
956 2121 992 2157 D
1101 2123 1157 2158 ἵνα
1181 2121 1210 2158 C
1314 2121 1372 2167 ἐφ’
1398 2121 1543 2161 ἑαυτοὺς
1570 2132 1645 2158 om.
1673 2121 1702 2158 C

280 2170 337 2205 18.
363 2180 400 2216 p.
426 2170 507 2215 608,
535 2170 551 2204 1
582 2169 628 2216 ἐφ
630 2170 846 2206 ελκύσωνται
873 2184 901 2205 τ.
925 2169 1062 2205 ἐκείνου
1090 2170 1269 2215 εὐμένειαν
1295 2170 1357 2205 ΒΟ
1525 2171 1570 2205 18
1594 2169 1703 2205 αὐτοῦ

279 2215 484 2263 DEwpDi,
510 2217 636 2253 ἑαυτοῦ·
661 2216 708 2262 A,
733 2217 871 2254 ἐκείνου
896 2217 942 2263 R,
967 2218 1091 2254 τούτου
1115 2217 1230 2253 Pseu.
1258 2228 1294 2264 p.
1321 2218 1378 2262 83,
1396 2218 1443 2253 28

209 2325 352 2360 ruinae
387 2327 427 2361 et
461 2325 584 2361 exitio
611 2328 699 2361 crat
727 2325 1055 2371 orphanotropho
1090 2325 1294 2360 avunculo
1326 2325 1481 2370 totique
1515 2325 1701 2361 familiae

208 2372 348 2418 Neque
374 2373 481 2408 enim
506 2373 620 2408 fictos
645 2377 685 2408 et
708 2373 916 2408 simulatos
940 2383 1073 2408 mores
1099 2372 1168 2407 ‹liu
1194 2373 1334 2415 tenuit,
1361 2373 1431 2409 sed
1457 2383 1701 2419 quamquam
1719 2372 1763 2407 13

209 2430 282 2466 per
307 2421 578 2502 (paucissimos
610 2421 695 2456 dies
721 2421 968 2456 avunculum
995 2419 1226 2466 appellabat
1252 2420 1470 2462 dominum,
1509 2431 1702 2457 consessu

209 2478 283 2504 suo
335 2468 530 2514 i,g·natum
556 2472 596 2503 et
622 2469 756 2504 omnia
782 2468 834 2503 ad
861 2468 970 2503 illum
997 2468 1211 2511 referebat,
1244 2468 1390 2504 deinde
1417 2469 1625 2524 paullatim
1653 2469 1703 2503 de

210 2516 362 2551 honore
388 2515 540 2561 aliquid
566 2516 841 2559 subtrahebat,
869 2520 959 2562 post
975 2515 1178 2561 plerisque
1206 2516 1246 2551 in
1270 2516 1393 2551 rebus
1419 2517 1506 2552 eius
1531 2517 1703 2552 auctori-

210 2566 330 2598 tatem
358 2563 467 2598 nihili
494 2563 671 2599 faciebat
701 2568 740 2599 et
771 2563 871 2598 alias
897 2562 1006 2598 aliud
1034 2563 1195 2608 agebat,
1235 2573 1315 2609 quo
1342 2563 1407 2599 illc
1439 2563 1702 2599 morderetur.

211 2611 338 2653 Quem
365 2611 439 2646 etsi
465 2610 585 2646 studii
612 2621 713 2657 erga
738 2614 925 2657 nepotem
952 2620 1069 2646 suum
1097 2611 1342 2656 paenitebat,
1377 2615 1510 2647 tamen
1538 2611 1635 2657 quid
1662 2612 1701 2647 in
1719 2610 1762 2645 14

211 2658 442 2705 praesentia
479 2660 643 2701 faceret,
680 2669 762 2694 non
800 2658 987 2701 habebat,
1026 2658 1097 2694 sed
1135 2658 1237 2694 clam
1270 2659 1407 2694 nescio
1442 2659 1539 2715 quid
1565 2669 1701 2695 secum

211 2706 372 2751 agitans
397 2706 529 2741 rarius
554 2706 694 2742 adibat
719 2717 870 2752 regern.
921 2704 1135 2742 Enimvero
1154 2707 1432 2742 contr-oveisia
1449 2711 1553 2742 mter
1571 2707 1701 2762 ipsu-ni
1722 2706 1762 2742 15

212 2758 252 2789 et
286 2753 449 2789 fratrem
477 2734 789 2789 Constantinum
821 2757 921 2795 orta,
961 2754 1024 2789 cui
1059 2753 1132 2789 soli
1164 2764 1215 2790 cx
1249 2755 1434 2790 omnibus
1466 2755 1702 2789 necessariis

211 2800 380 2837 Michael
411 2800 660 2837 adhaerebat
690 2812 738 2837 ac
763 2801 996 2837 nobilissimi
1024 2800 1181 2836 titulum
1208 2805 1473 2845 concesserat,
1513 2812 1602 2837 cum
1630 2812 1701 2837 rex

212 2848 518 2885 Constantinum
545 2859 626 2884 non
650 2850 889 2894 castigasset
915 2848 966 2884 ob
991 2847 1183 2884 Ioannem
1210 2850 1394 2895 asperius
1420 2860 1463 2884 se
1490 2852 1702 2895 praesente

212 2897 463 2942 increpitum,
503 2895 675 2932 loannes
706 2896 846 2933 dolore
873 2896 1139 2931 contumeliae
1165 2897 1436 2932 exacerbatus
1463 2897 1624 2979 longius
1650 2896 1702 2931 ab

212 2944 314 2980 urbe
347 2944 523 2980 recessit.
574 2944 662 2986 Quo
690 2945 853 2990 cognito
889 2953 1077 2989 magnam
1113 2948 1278 2980 senatus
1312 2948 1465 2991 partem
1502 2955 1525 2979 a
1578 2955 1621 2980 se
1648 2947 1702 2980 at·
1718 2944 1764 2981 16
