2054 3282
348 227 416 267 148
752 221 933 264 ZONAR.
961 221 1092 262 EPIT.
1118 220 1209 260 XIV
1236 218 1269 268 5,
1295 219 1448 258 21-32,

286 357 332 392 22
344 352 577 406 προδοῦναι
608 349 760 395 αὐτοὺς
792 350 835 389 ἓν
865 348 1052 401 πολέμου
1085 351 1236 399 καιρῷ.
1300 345 1324 386 ὁ
1347 344 1392 385 δὲ
1414 343 1616 399 Κουάὸης
1635 343 1707 386 τὸν
1735 345 1845 399 ῥῆγα

345 421 383 461 εἰ
410 420 603 474 χρήματα
629 417 745 470 παρὰ
762 416 986 469 Ῥωμαίων
1007 415 1175 468 εἴληφεν
1197 414 1338 467 ἤρετο·
1370 417 1444 453 τοῦ
1471 412 1516 453 δὲ
1538 412 1843 467 καταθεμένου,

345 488 565 542 ἀληθεύειν
601 486 672 527 τὸν
713 485 927 525 Ἰουστῖνον
964 483 1146 536 ὑπέλαβε
1185 482 1256 522 καὶ
1295 482 1441 522 αὐτίκα
1480 480 1551 522 τὸν
1592 481 1671 535 μὲν
1714 481 1894 524 ἀνεῖλεΙ)
1913 488 2054 526 111268

344 556 415 597 καὶ
435 555 531 601 τοὺς
553 554 741 598 Οὔννους
764 552 914 607 σχεδὸν
936 553 1133 598 ἅπαντας,
1166 551 1203 591 εἰ
1219 551 1279 604 μή
1309 566 1412 596 τινες
1443 550 1570 603 ὀλίγοι
1604 550 1845 603 διαδράντες

344 624 583 678 ἐσώθησαν,
621 627 704 667 τοῖς
737 621 782 662 δὲ
808 620 1031 674 Ῥωμαίοις
1063 619 1276 660 ἐσπείσατο
1308 618 1378 659 καὶ
1409 618 1480 659 τὸν
1506 617 1726 660 Ἰουστῖνον
1757 619 1843 660 ε’πί-
1860 621 1882 657 5

343 708 500 746 τροπον
543 690 745 744 Χοσρόου
788 693 861 730 τοῦ
906 689 1113 741 νεωτέρου
1157 691 1243 729 τῶν
1285 688 1390 728 υἱῶν
1434 688 1562 728 αὐτοῦ
1607 687 1842 742 ἐποιήσατο.

223 763 258 798 D
285 763 331 798 ‘23
344 761 479 814 τούτῳ
511 759 590 813 γὰρ
621 759 695 813 τὴν
725 761 811 798 τῶν
839 756 1024 811 ,Περσῶν
1055 756 1332 810 κατελίμπανε
1362 755 1584 810 βασιλείαν,
1617 755 1714 802 τοὺς
1743 771 1844 810 πρε-

344 829 570 883 σβυτέρους
591 826 976 881 παραβλεπόμενος.
1039 826 1063 866 ὁ
1087 825 1132 866 ὃὲ
1154 824 1345 879 βασιλεὺς
1375 824 1449 879 τὴν
1481 824 1706 879 ἐπιτροπὴν
1735 841 1844 879 παρ-

284 900 330 935 24
343 898 536 952 ῃτήσατο.
599 896 623 936 ὁ
653 896 794 949 μέντοι
815 893 975 943 Λαζῶν
1008 893 1194 948 ἀρχηγὸς
1219 892 1385 942 Τζάθος
1417 894 1708 948 ἀποστατήσας
1727 893 1844 949 Περ-

344 969 447 1019 σῶν,
493 964 736 1018 προσερρύη
780 968 842 1017 τῷ
881 962 1090 1016 ’Ῑουστίνῳ
1136 962 1207 1003 καὶ
1249 962 1502 1017 βαπτισθείς,
1549 962 1639 1008 υἱός
1684 978 1726 1003 τε
1771 966 1844 1004 τοῦ
1862 966 1908 1002 10

343 1034 549 1088 βασιλέως
577 1032 831 1086 ὀνομασθεὶς
853 1032 922 1073 καὶ
944 1031 1136 1086 βασιλεὺς
1157 1031 1318 1079 Λαζῶν
1340 1031 1652 1085 ἀναγορευθείς,
1686 1032 1850 1085 γυναικί

343 1119 385 1143 τε
417 1101 661 1156 συζευχθεὶς
693 1101 786 1147 ἑνὸς
816 1105 902 1142 τῶν
933 1101 1221 1155 συγκλητικῶν
1252 1100 1443 1154 θυγατρί,
1489 1101 1546 1145 εἷς
1584 1099 1658 1154 τὴν
1695 1101 1845 1141 ἑαυτοῦ

284 1174 330 1209 25
342 1171 491 1225 χώραν
527 1170 824 1224 ἐπανελήλυθε.
886 1173 1008 1211 τοῦτο
1040 1170 1168 1210 αἴτιον
1199 1167 1324 1214 αὖθις
1354 1169 1495 1222 μάχης
1521 1167 1744 1222 Ῥωμαίοις
1775 1168 1846 1209 καὶ

342 1239 530 1293 ΙῙέρσαις
561 1239 733 1293 ἐγένετο,
767 1239 829 1285 ὡς
859 1243 932 1280 τοῦ
964 1238 1169 1293 βασιλέως
1186 1237 1411 1291 Ῥωμαίων
1432 1236 1528 1283 τοὺς
1559 1237 1700 1282 αὐτοῖς
1729 1236 1843 1278 ὗπεί-

283 1310 329 1346 26
342 1324 493 1354 κοντας
531 1308 891 1362 σφετεριζομένου.
952 1307 1041 1348 τότε
1078 1306 1149 1348 καὶ
1185 1306 1233 1347 τὰ
1271 1305 1377 1347 κατὰ
1415 1305 1486 1347 τὸν
1517 1306 1635 1359 ἅγιον
1668 1305 1845 1358 Ἀρέθαν
1861 1309 1905 1344 15

283 1377 388 1418 Ξῖἒν
408 1375 557 1430 Νεγρᾷ
577 1380 627 1430 τῇ
655 1376 772 1417 πόλει
804 1376 1057 1431 συμβέβηκε.
1120 1375 1324 1429 Κουάὸης
1356 1374 1402 1415 δὲ
1431 1374 1528 1420 τοὺς
1560 1374 1604 1415 ἕν
1633 1378 1684 1429 τῇ
1715 1374 1844 1415 αὐτοῦ

345 1445 456 1500 ἀρχῇ
476 1445 756 1499 τυγχάνοντας
776 1443 1042 1499 Μανιχαίους
1068 1444 1292 1498 ἐφόνευσεν
1315 1444 1500 1489 ἅπαντας
1521 1443 1592 1484 καὶ
1612 1442 1684 1484 τὸν
1706 1443 1847 1484 αὐτῶν

136 1518 220 1554 PII
235 1514 573 1555 6οΑἐπίσκοπον
603 1513 675 1555 καὶ
705 1513 778 1559 τὰς
808 1513 979 1568 βίβλους
1007 1514 1275 1567 κατέκαυσεν,
1309 1513 1369 1554 ὅτι
1390 1513 1461 1554 ἕνα
1483 1515 1569 1553 τῶν
1590 1513 1696 1553 υἱῶν
1717 1512 1846 1553 αὐτοῦ

347 1662 369 1697 9
394 1662 443 1696 ὅτι
469 1661 574 1699 αὖθις
598 1662 696 1706 μάχη
721 1661 831 1706 μέσον
857 1659 1043 1706 Ῥωμαίών
1069 1661 1129 1696 καὶ
1155 1662 1309 1706 Περσῶν
1336 1661 1473 1706 γέγονεν
1500 1660 1632 1706 (γέγονε
1658 1660 1703 1703 Ε)
1730 1658 1794 1696 CE

350 1709 394 1744 16
418 1710 498 1754 περὶ
522 1711 739 1754 Μανιχαίων
766 1708 828 1745 CE

421 1854 452 1888 1.
480 1854 502 1888 2
528 1853 585 1888 τὸν
610 1853 699 1898 ῥῆγα
726 1856 817 1899 post
842 1853 946 1898 ἤρετο
973 1852 1070 1899 pr
1228 1853 1250 1887 ‘2
1276 1853 1307 1887 εἰ
1333 1863 1408 1888 om.
1437 1851 1466 1888 C
1616 1852 1790 1897 ῥωμαίοις
1815 1852 1847 1887 Β

419 1901 442 1936 3
457 1901 592 1936 ἀνεῖλεν
604 1900 861 1947 BSDsswpDi‚
890 1912 926 1936 v.
942 1901 994 1936 ad
1008 1900 1105 1935 XIII
1121 1901 1151 1946 l,
1166 1901 1188 1936 5
1286 1901 1307 1936 6
1333 1900 1395 1945 χὸς
1420 1902 1507 1945 ρόου
1527 1901 1562 1935 D
1660 1899 1846 1945 νεωτέρου]

419 1959 457 1984 v.
485 1949 537 1984 ad
562 1948 659 1983 XIII
684 1949 719 1992 3,
745 1949 767 1983 6
904 1949 936 1984 9.
966 1949 1008 1983 11
1035 1949 1152 1989 λαζῶν
1178 1948 1347 1994 prDi,
1373 1948 1491 1988 λαζὼν
1516 1948 1551 1983 Α
1690 1948 1712 1983 9
1738 1948 1848 1988 ζάθος

419 1996 466 2041 Α,
493 1997 620 2038 τζάθος
645 1996 756 2042 pr,
783 1997 902 2032 immo
922 1996 1085 2041 Τζάθιος,
1113 2008 1149 2031 v.
1169 1996 1298 2031 Malal.
1319 1996 1450 2042 p.412,
1469 1997 1523 2041 16,
1552 1995 1697 2032 Chron.
1711 1996 1848 2042 pasch.

419 2044 438 2079 I
464 2055 500 2090 p.
524 2045 606 2089 613,
620 2044 653 2089 3,
681 2044 860 2090 Theoph.
888 2045 904 2079 Ι
931 2055 969 2091 p.
997 2045 1076 2090 168,
1105 2044 1149 2079 14
1295 2045 1340 2079 13
1364 2044 1482 2090 μάχης
1507 2044 1613 2083 αὖθις
1638 2043 1703 2080 Bc

287 2189 334 2224 22
348 2190 442 2225 belli
460 2193 642 2235 tempore
661 2193 795 2225 essent
812 2189 1022 2235 prodituri.
1062 2189 1124 2225 Ita
1142 2188 1339 2234 Cavades,
1359 2200 1451 2225 cum
1469 2200 1543 2225 rex
1560 2190 1848 2236 inter1·ogatuS‚

348 2247 445 2273 num
471 2238 686 2283 pecuniam
713 2247 736 2272 a
760 2237 952 2272 Romanis
979 2238 1212 2283 accepisset,
1240 2238 1481 2283 astipulatus
1509 2240 1623 2282 esset,
1650 2237 1849 2273 Iustinum

349 2295 446 2320 vere
464 2285 599 2320 dicere
617 2289 731 2320 ratus
749 2285 854 2320 illico
873 2290 912 2320 et
931 2295 1023 2320 eum
1042 2285 1202 2320 sustulit
1221 2289 1260 2321 et
1278 2285 1449 2321 Hunnos
1470 2286 1556 2320 fere
1575 2295 1724 2331 omnes,
1752 2296 1849 2331 pau-

349 2334 406 2368 cis
425 2333 526 2378 fuga
540 2333 698 2379 elapsis,
715 2336 837 2378 atque
852 2333 1016 2369 foedere
1031 2343 1121 2368 cum
1133 2333 1324 2368 Romanis
1339 2334 1446 2369 facto
1462 2333 1658 2368 Iustinum
1674 2337 1848 2369 tutorem

288 2379 335 2415 23
349 2380 548 2424 Chosrois,
575 2381 727 2415 minimi
754 2381 834 2424 filii,
860 2381 966 2416 fecit.
1017 2381 1117 2417 Nam
1145 2381 1252 2416 hunc
1274 2381 1488 2416 Persarum
1515 2382 1632 2426 regni
1659 2381 1848 2417 heredem

288 2428 335 2463 24
349 2429 445 2464 fecit
471 2428 670 2474 despectis
696 2429 786 2463 filiis
811 2429 1049 2474 maioribus3
1076 2429 1147 2464 sed
1172 2439 1245 2464 rex
1273 2429 1439 2464 tutelam
1458 2429 1672 2464 recusavit.
1723 2428 1849 2464 Lazo-

349 2486 439 2512 rum
458 2479 593 2511 tamen
611 2476 694 2511 dux
712 2476 901 2520 Tzathus‚
922 2486 1012 2512 eum
1030 2487 1054 2511 a
1073 2476 1206 2512 Persis
1227 2477 1440 2512 defecisset
1459 2479 1496 2511 et
1516 2476 1568 2511 ad
1587 2476 1784 2512 Iustinum
1804 2487 1848 2512 se

350 2524 596 2568 contulisset,
634 2524 865 2570 baptizatus
898 2528 936 2559 et
966 2525 1128 2559 nomine
1157 2524 1223 2559 filii
1252 2525 1361 2569 regis
1389 2526 1554 2559 ornatus
1582 2529 1620 2559 et
1646 2524 1849 2560 Lazorum

349 2581 422 2606 rex
457 2572 684 2617 appellatus
720 2572 842 2607 ducta
878 2582 1009 2607 uxore
1047 2572 1246 2607 senatoris
1284 2571 1495 2607 cuiusdam
1533 2572 1615 2606 filia
1653 2573 1694 2607 in
1733 2582 1848 2607 suam

289 2618 336 2653 25
350 2619 521 2664 patriam
547 2619 675 2654 rediit.
728 2620 841 2662 Quae
867 2630 931 2655 res
957 2619 1091 2655 denuo
1118 2630 1284 2665 pugnae
1302 2620 1406 2654 inter
1424 2619 1627 2654 Romanos
1647 2623 1685 2655 et
1702 2619 1848 2656 Persas

350 2667 482 2701 extitit
507 2677 643 2710 causa,
684 2668 791 2712 quod
819 2678 892 2703 rex
919 2667 1192 2703 Romanorum
1221 2677 1300 2711 eos,
1340 2667 1406 2712 qui
1434 2666 1569 2702 Persis
1595 2671 1729 2703 essent
1755 2669 1846 2704 sub-

290 2713 453 2756 26iecti‚
488 2714 539 2748 ad
567 2724 610 2749 se
636 2715 889 2760 perduceret.
939 2715 1042 2750 Tum
1069 2725 1128 2759 ea,
1165 2725 1270 2760 quae
1297 2714 1347 2750 de
1373 2714 1410 2750 S.
1436 2714 1588 2750 Aretha
1614 2719 1844 2762 narrantur,

291 2760 335 2796 27
351 2761 392 2795 in
423 2761 525 2796 urbe
550 2761 687 2807 Negra
722 2763 969 2798 acciderunt.
1021 2762 1205 2798 Cavades
1237 2766 1384 2806 autem,
1419 2772 1521 2807 quos
1548 2764 1588 2797 in
1615 2774 1688 2799 suo
1715 2775 1843 2810 regno

350 2809 563 2844 invenerat
596 2809 866 2853 Manichaeos,
903 2811 1066 2846 necavit
1104 2820 1242 2846 omnes
1281 2820 1504 2855 eorumque
1538 2811 1772 2857 episcopum
1807 2815 1846 2847 et

351 2856 474 2890 libros
500 2857 729 2900 combussit,
757 2858 865 2902 quod
892 2868 1018 2893 unum
1046 2858 1096 2893 de
1115 2860 1201 2893 eius
1220 2858 1309 2893 filiis
1328 2858 1578 2893 odiosissima
1599 2869 1672 2893 sua
1690 2859 1845 2895 haeresi

350 2903 548 2938 imbutum
576 2904 628 2939 ad
654 2915 768 2940 suam
796 2905 914 2941 iidem
941 2906 1128 2952 pellicere
1154 2910 1268 2941 erant
1297 2908 1440 2941 conati.
