2054 3282
347 243 416 281 128
777 237 959 284 ZONAR.
987 243 1118 283 EPIT.
1145 239 1238 284 XIV
1263 245 1296 293 2,
1326 243 1452 284 1-13.

302 366 330 409 2
463 367 771 422 Καταλειφθέὶς
803 367 878 409 οὗν
910 369 934 409 ὁ
965 367 1118 422 μικρὸς
1149 368 1276 410 Λέων
1307 371 1524 424 νηπιάζων
1560 374 1626 422 ἔτι,
1671 372 1738 430 ἔφ’
1772 372 1844 418 ἕνα

344 435 530 477 ἐνιαυτὸν
561 436 715 490 ἐπεβίω
746 441 796 491 τῇ
826 437 1025 491 βασιλείᾳ,
1062 437 1133 478 καὶ
1164 438 1311 492 νήπιος
1342 439 1561 495 ἕπαπῆλθε
1589 448 1651 496 τῷ
1681 444 1844 498 πάππῳ

341 503 414 546 τὸν
445 505 595 546 ἑαυτοῦ
626 506 784 559 πατέρα
817 504 888 546 τὸν
910 503 1092 559 Ζήνωνα
1124 507 1294 560 βασιλέα
1326 509 1579 558 καταλιπών,
1612 511 1738 558 αὐτὸς
1757 517 1844 559 ταῖς

292 573 494 614 Βὲαυτοῢ
526 573 639 627 χερσὶ
671 577 721 627 τῇ
754 573 912 613 ἐκείνου
945 573 1110 629 κεφαλῇ
1141 575 1326 628 περιθεὶς
1355 576 1402 618 τὸ
1436 577 1631 632 διάδημα.
1857 583 1893 618 D
1912 584 1971 620 III
1992 575 2022 616 „s

307 646 332 682 2
455 641 537 682 τΗν
569 642 614 682 δὲ
646 642 670 682 ὁ
703 641 857 695 Ζήνων
889 642 935 689 ἒξ
965 642 1119 688 ἔθνους
1158 644 1366 698 αἰσχίστου
1403 650 1477 687 τοῦ
1514 650 1600 688 τῶν
1625 647 1879 704 Ἰσαύρων,5

344 711 549 764 αἴσχιστος
583 709 654 750 καὶ
685 709 812 755 αὐτὸς
843 710 913 751 καὶ
945 710 1018 764 τὴν
1048 711 1224 766 μορφὴν
1255 712 1326 753 καὶ
1356 713 1430 767 τὴν
1461 715 1606 770 ψυχὴν
1647 718 1843 772 γεγονώς,

159 784 329 820 W11143
342 779 414 820 καὶ
445 779 524 832 οὐχ
556 779 618 824 ὡς
648 778 839 832 βασιλεὺς
870 779 944 833 τὴν
976 779 1111 834 ἀρχὴν
1143 781 1297 830 ἀνύων,
1337 782 1422 823 ἀλλ’
1458 784 1519 830 ὡς
1551 785 1744 839 ἄντικρυς
1774 786 1843 827 τύ-

306 853 508 901 3ραννος.
571 846 622 900 ἦν
656 846 701 888 δὲ
731 847 867 901 τούτῳ
900 847 971 888 καὶ
995 848 1179 903 ἀδελφὸς
1201 850 1358 892 Κόνων
1379 852 1641 907 καλούμενος
1671 854 1743 895 καὶ
1773 854 1844 896 τὸν

342 915 527 969 ἀδελφὸν
558 916 615 961 εἷς
646 916 798 956 κακίαν
829 917 1206 971 ὑπερβαλλόιιιενος,
1251 919 1395 973 αἱμασι
1432 921 1594 975 χαίρων
1630 922 1702 963 καὶ
1733 938 1842 977 σφα-

304 990 327 1025 4
341 988 430 1038 γαῒς
454 984 702 1038 ἀνθρώπων
726 984 943 1038 ἡδόμενος.
1005 986 1111 1027 κατὰ
1133 987 1281 1029 τούτου
1303 992 1377 1029 τοῦ
1401 988 1604 1043 Ζήνωνος
1625 991 1670 1032 ἐν
1691 989 1841 1047 Θρᾴκῃ
1858 1001 1904 1037 10

342 1053 566 1107 διατρίβων
598 1053 622 1093 ὁ
653 1057 725 1107 τῆς
755 1053 994 1108 βασιλίσσης
1017 1054 1202 1110 Βηρίνης
1233 1056 1432 1111 ὁμαίμων
1464 1058 1488 1099 ὁ
1521 1059 1730 1113 ὃηλωθεὶς
1752 1060 1841 1102 Βα-

341 1121 521 1167 σιλίσκος
560 1121 738 1175 ἅνταίρει
777 1126 907 1176 χεῖρα,
951 1127 1024 1177 τῆς
1055 1123 1242 1179 Βηρίνης
1273 1128 1577 1182 συναιρομένης
1608 1129 1726 1182 αὐτῷ
1756 1129 1840 1171 κάκ

303 1194 412 1244 ὅτῆς
450 1190 683 1244 συγκλήτου
722 1193 855 1231 τινῶν.
920 1192 1053 1238 ὁειλός
1092 1193 1137 1234 δὲ
1175 1195 1237 1234 ὢν
1275 1194 1299 1235 ὁ
1330 1194 1484 1249 Ζήνων
1523 1195 1595 1237 καὶ
1632 1197 1842 1252 ἄνανδρος

339 1259 482 1313 φεύγει
522 1259 668 1300 αὐτίκα
709 1259 784 1301 σὺν
809 1259 1005 1315 Ἀριάδνῃ
1043 1265 1092 1316 τῇ
1126 1262 1286 1315 γυναικὶ
1318 1263 1362 1304 ἓν
1388 1263 1572 1319 Ἰσαυρίᾳ
1602 1265 1711 1319 πρὸς
1744 1266 1842 1313 τοὺς

339 1328 562 1382 ὁμογενεῖς.
1856 1346 1902 1383 15

79 1403 269 1440 P1152A
303 1405 325 1440 6
490 1397 543 1438 'al
582 1397 606 1439 ὁ
638 1398 889 1445 Βασιλίσκος
928 1399 972 1440 ἒν
1008 1404 1070 1453 τῷ
1102 1399 1277 1454 Κάμπῳ
1317 1401 1610 1457 ἀναγορεύεται
1648 1404 1840 1458 βασιλεὺς

338 1466 409 1507 καὶ
439 1466 513 1521 τὴν
545 1467 700 1508 οἰκείαν
729 1467 911 1522 γαμετὴν
935 1467 1157 1522 Ζηνωνίόα
1180 1469 1430 1523 Αὐγούσταν
1451 1472 1597 1526 ἔστεφε
1617 1473 1688 1514 καὶ
1710 1472 1838 1528 Μάρ-

302 1544 416 1580 Ἱκον
446 1535 518 1577 τὸν
548 1535 641 1577 υἱὸν
678 1537 992 1592 προεχειρίσατο
1024 1537 1233 1593 Καίσαρα.
1296 1538 1348 1593 ἦν
1389 1539 1434 1581 δὲ
1471 1541 1543 1582 καὶ
1582 1539 1704 1588 οὗτος
1742 1543 1840 1590 τούς

337 1620 379 1646 τε
409 1604 593 1659 τρόπους
624 1605 748 1647 οὐδὲν
769 1605 942 1660 βελτίων
963 1610 1036 1648 τοῦ
1061 1606 1265 1661 Ζήνωνος
1296 1608 1367 1650 καὶ
1397 1609 1491 1663 περὶ
1522 1609 1568 1651 τὸ
1601 1611 1727 1665 σέβας
1759 1612 1838 1653 οὐκ

339 1746 358 1782 1
386 1747 546 1793 βασιλεία
571 1748 722 1787 Λέοντος
747 1753 807 1784 τοῦ
834 1753 967 1794 μικροῦ
994 1747 1112 1792 ACD,
1138 1749 1244 1786 Λέων
1269 1751 1289 1785 ὁ
1312 1752 1442 1796 μικρός
1469 1752 1499 1787 Ε
1634 1753 1656 1789 5
1681 1753 1839 1800 βασιλεία

336 1795 506 1841 Ζήνωνος
531 1795 671 1832 ACDE
771 1797 816 1832 16
841 1797 997 1843 βασιλεία
1023 1798 1241 1834 Βασιλίσκου
1269 1798 1409 1835 ACDE

407 1929 432 1964 4
456 1928 563 1965 αὐτοῦ
589 1929 725 1976 DEvvp
845 1929 867 1965 5
893 1934 954 1966 τοῦ
981 1941 1057 1966 om.
1083 1931 1114 1966 E
1238 1931 1282 1967 12
1308 1931 1395 1977 κάκ]
1422 1932 1483 1968 καὶ
1509 1933 1541 1968 Ε
1663 1934 1708 1970 16
1733 1933 1793 1969 καὶ
1820 1934 1841 1969 o‘

406 1978 609 2024 βασιλίσκος
633 1977 713 2023 ΑΕ,
740 1978 760 2013 0‘
782 1978 988 2024 βασιλίσκος
1014 1978 1046 2013 δ’
1071 1978 1190 2014 ἐλθὼν
1218 1979 1314 2026 pr
1415 1981 1460 2016 19
1486 1995 1521 2016 τε
1548 1992 1622 2017 orn.
1650 1982 1681 2017 E

335 2109 490 2145 tutibus
515 2112 600 2145 tum
626 2120 783 2146 summa
810 2110 1033 2146 clementia.
1085 2110 1364 2149 Consueverat
1391 2114 1495 2149 enim
1525 2114 1660 2151 dicere
1677 2114 1770 2150 “Ita
1793 2117 1838 2150 ut

335 2157 405 2202 sol,
434 2157 581 2203 quibus
607 2158 725 2202 lucet,
759 2158 934 2194 calorem
960 2159 1147 2205 impertit,
1181 2161 1237 2195 ita
1264 2161 1384 2196 etiam
1412 2162 1463 2197 ab
1490 2173 1601 2209 rege,
1639 2173 1836 2208 quoscun-

335 2215 415 2252 que
442 2207 658 2251 aspexerit,
685 2206 712 2240 ii
740 2206 952 2242 elementia
978 2210 1072 2242 sunt
1099 2208 1276 2244 habendi
1303 2209 1458 2255 digni”⁴

453 2253 487 2289 2.
537 2253 716 2289 Relictus
747 2255 874 2300 igitur
905 2264 1039 2291 MINOR
1069 2254 1160 2291 LEO
1194 2256 1328 2291 adhuc
1360 2258 1494 2293 infans
1526 2268 1653 2294 unum
1685 2267 1837 2294 annum

335 2301 438 2337 vixit
469 2302 510 2336 in
542 2311 671 2347 regno
700 2304 739 2337 et
765 2303 899 2337 infans
926 2307 1168 2339 consecutus
1195 2307 1255 2339 esi
1281 2315 1403 2340 avum
1430 2309 1546 2351 patre
1571 2317 1645 2342 suo
1673 2306 1835 2342 Zenone

333 2349 474 2385 relicto
500 2359 612 2395 rege,
639 2350 754 2385 cuius
782 2351 904 2396 capiti
930 2351 1016 2396 ipse
1042 2352 1125 2386 suis
1155 2352 1342 2388 manibus
1370 2353 1558 2390 diadema
1575 2355 1835 2400 imposuerat.

297 2399 321 2434 2
452 2397 545 2432 Fuit
571 2401 707 2433 autem
726 2397 840 2434 meo
869 2401 980 2434 ortus
999 2409 1019 2434 e
1043 2399 1192 2445 populo
1221 2401 1453 2436 foedissimo
1473 2401 1665 2447 Isaurico,
1691 2401 1835 2437 foedis-

333 2445 458 2480 simus
488 2448 528 2480 et
553 2446 640 2490 ipse
668 2448 753 2480 tum
779 2446 910 2481 forma
934 2450 1019 2481 tum
1047 2448 1192 2492 animo,
1231 2449 1287 2483 ita
1319 2452 1364 2483 ut
1395 2459 1478 2484 non
1509 2453 1553 2484 ut
1579 2460 1652 2485 rex
1679 2452 1835 2484 teneret

297 2494 508 2538 3regnum
534 2492 607 2528 sed
631 2493 752 2538 plane
779 2496 824 2529 ut
849 2497 1060 2539 tyrannus.
1110 2494 1291 2530 Fratrem
1318 2496 1494 2533 habebat
1521 2497 1739 2540 Cononem,
1766 2498 1836 2542 qui

333 2541 460 2580 fratre
485 2541 725 2586 flagitiosior
752 2541 945 2577 caedibus
963 2542 1173 2588 gaudebat
1190 2543 1478 2590 hominumque
1495 2545 1835 2580 trucidationibus

296 2587 624 2626 4deleetabatur.
681 2588 788 2624 Huic
826 2588 977 2625 Zenoni
1015 2589 1242 2632 Basiliscus,
1281 2593 1451 2637 reginae
1486 2592 1657 2628 Verinae
1695 2593 1833 2636 frater,

334 2635 385 2671 de
424 2646 504 2682 quo
544 2639 639 2671 ante
678 2636 865 2682 diximus,
903 2638 945 2672 in
972 2637 1146 2673 Thracia
1181 2638 1327 2674 bellum
1359 2640 1503 2684 intulit,
1542 2640 1833 2675 adiuvantibus

297 2683 482 2722 5Verina
509 2687 549 2719 et
574 2684 778 2720 nonnullis
809 2685 1076 2721 senatoribus.
1127 2685 1234 2721 Zeno
1270 2690 1417 2731 autem,
1458 2690 1504 2722 ut
1537 2690 1624 2723 erat
1655 2689 1832 2734 ignavus

334 2734 374 2766 et
410 2731 678 2775 effeminatus,
716 2742 807 2767 eum
840 2731 1022 2768 Ariadna
1057 2743 1188 2769 uxore
1219 2734 1261 2768 in
1293 2733 1491 2770 Isauriam
1526 2735 1578 2770 ad
1613 2736 1832 2781 populares

334 2780 469 2814 statim
495 2779 692 2825 confugit.

295 2829 319 2866 6
451 2826 697 2863 BAS1L1scvs
722 2828 765 2863 in
792 2827 942 2874 Campo
977 2829 1176 2864 salutatus
1205 2838 1278 2864 rex
1306 2832 1344 2864 et
1370 2838 1540 2864 uxorem
1567 2839 1682 2864 suam
1709 2830 1831 2866 Zeno-

331 2874 467 2910 nidem
493 2875 721 2921 insignibus
747 2875 962 2922 Augustae
989 2877 1149 2913 ornavit
1178 2879 1218 2913 et
1243 2877 1423 2912 Marcum
1455 2876 1579 2911 filium
1610 2878 1831 2924 appellavit

294 2924 318 2972 '1
333 2921 558 2961 Caesarem.
610 2921 702 2960 Fuit
727 2923 792 2961 hie
818 2934 982 2972 quoque
1009 2928 1048 2963 et
1073 2925 1253 2962 moribus
1278 2925 1401 2961 nihilo
1418 2925 1651 2962 melioribus
1669 2925 1830 2964 Zenone
