1968 3302
281 231 328 269 92
665 228 845 268 ZONAR.
873 229 1004 266 EPIT.
1031 228 1128 265 XIII
1155 226 1210 272 19,
1237 226 1389 264 12-26.

285 355 487 412 φρονήσει
517 358 590 399 τοῦ
623 356 732 409 υἱοῦ,
765 354 847 398 εἶτά
880 369 1006 409 φησιν
1038 352 1062 394 ὅ
1093 352 1209 406 ἅγιος
1239 349 1320 393 “σὺ
1351 349 1429 405 μὲν
1460 351 1692 406 ἅνθρωπος
1721 353 1784 395 ὢν

223 425 268 461 13
283 425 358 481 τὴν
373 430 447 469 τοῦ
468 425 619 472 παιδὸς
642 425 804 480 ἀτιμίαν
825 429 898 466 τοῦ
921 426 998 465 σοῦ
1019 429 1172 476 πρᾴως
1194 422 1273 463 οὔκ
1298 422 1488 476 ἤνεγκας.
1551 423 1624 464 οἴει
1647 422 1692 464 δὲ
1713 422 1785 464 τὸν

282 495 386 538 θεὸν
402 495 498 542 τοὺς
513 494 586 537 τὸν
603 495 761 537 ἐκείνου
778 496 987 547 μονογενῆ
1003 491 1132 533 παῖδα
1155 491 1510 546 βλασφημοῦντας
1530 491 1589 545 μὴ
1612 492 1783 546 βδελύτ-

281 565 429 607 τεσθαί
462 581 503 606 τε
534 564 606 605 καὶ
637 562 954 618 ἀπεχθάνεσθαι
985 561 1087 616 μηδ’
1120 560 1360 614 ὀργίζεσθαι
1391 559 1497 601 κατὰ
1529 563 1614 602 τῶν
1646 561 1782 615 ἐκχω-

282 634 472 688 ρούντων
516 633 686 679 ἐκείνοις
722 636 806 677 τοῖς
846 630 1099 684 ὂρθοδόξοις
1137 629 1549 684 συναναστρέφεσθαι
1586 629 1656 671 καὶ
1694 621 1820 672 δια-5

224 701 269 737 14
282 703 470 757 φθείρειν
508 701 749 751 πολλούς,·”
791 699 1021 754 θαυμάσας
1058 697 1134 740 οὖν
1170 697 1236 739 ἐπὶ
1266 702 1316 753 τῇ
1346 697 1526 753 μεθόδῳ
1557 702 1631 741 τοῦ
1663 699 1783 754 ἁγίου

284 772 308 814 ὃ
339 770 529 827 βασιλεὺς
562 770 736 824 δόγματι
766 768 863 815 τοὺς
893 771 979 810 τῶν
1010 769 1230 822 αἱρετικῶν
1261 766 1490 821 συλλόγους
1520 768 1748 810 κεκώλυκε.

174 838 206 875 Β
225 840 270 876 15
412 840 498 882 Τὸν
528 840 758 881 τελευταῖον
781 838 826 880 δὲ
845 837 1158 892 τυραννήσαντα
1181 835 1400 878 καθελόντι
1424 835 1627 890 Εὕγένιον
1647 837 1783 892 τούτῳ

283 916 345 965 τῷ
380 910 593 965 βασιλεῖῆ
626 911 711 950 τῶν
737 907 963 962 Ῥωμαίων
1000 906 1108 961 ἀρχὴ
1147 906 1420 960 περιελήλυθε
1457 905 1669 960 ξύμπασα,
1713 906 1784 948 καὶ

225 978 269 1013 16
284 978 527 1033 ἀναγορεύει
562 977 660 1024 τοὺς
692 977 770 1019 δύο
801 975 918 1023 υἱοὺς
950 976 1078 1018 αὐτοῦ
1110 975 1299 1030 βασιλεῖς.
1361 975 1503 1017 θέλων
1535 974 1580 1017 δὲ
1611 974 1682 1017 καὶ
1712 979 1784 1031 τῆς
1800 965 1845 1001 1⁰

284 1049 328 1090 ἒν
358 1047 497 1101 λόγοις
527 1050 745 1102 μετασχεῖν
777 1044 930 1092 αὖτοὺς
960 1045 1148 1091 παιδείας
1179 1043 1250 1085 καὶ
1271 1048 1343 1098 τῆς
1365 1044 1408 1085 ἓν
1429 1044 1586 1098 ἤθεσιν,
1615 1045 1662 1086 ἔκ
1679 1044 1783 1086 Ῥώ-

282 1134 367 1172 μης
398 1118 527 1171 ἤγαγε
557 1115 629 1158 τὸν
659 1116 793 1170 μέγαν
818 1113 1024 1168 Ἆρσένιον
1057 1113 1254 1155 διάκονον
1286 1113 1383 1154 ὄντα
1415 1117 1488 1167 τῆς
1519 1113 1608 1155 ἐκεῖ
1634 1113 1783 1168 ἔκκλη-

225 1185 269 1220 17
283 1186 386 1239 σίας,
420 1186 486 1228 ἐπὶ
518 1185 646 1240 σοφίᾳ
677 1202 719 1226 τε
750 1183 821 1226 καὶ
852 1184 978 1238 ἀρετῇ
1009 1181 1277 1237 περιβόητον·
1311 1181 1382 1223 καὶ
1414 1181 1531 1236 αὐτῷ’
1561 1181 1658 1229 τοὺς
1687 1186 1783 1224 παῒ-

284 1256 362 1302 δας
391 1255 630 1308 παρέδωκε,
664 1253 723 1309 μὴ
758 1253 819 1300 ὡς
850 1253 1083 1307 βασιλεῦσιν
1115 1252 1266 1304 αὐτοῖς,
1300 1247 1388 1292 ἀλλ’
1423 1251 1485 1296 ὥς
1511 1251 1693 1297 ἵδιώταις
1713 1250 1785 1293 καὶ

282 1328 367 1371 τοῖς
397 1327 566 1379 τυχοῦσι
596 1323 915 1378 προσφέρεσθαι
948 1320 1240 1375 ἐντειλάμενος,
1273 1319 1344 1362 καὶ
1371 1320 1592 1375 μαστίζειν,
1626 1321 1664 1362 εἶ
1681 1319 1782 1374 ἀμε-
1799 1310 1844 1347 15

282 1394 457 1440 λοῦντας
478 1392 597 1447 ὁρῴη
620 1394 646 1447 ἢ
668 1390 940 1446 παρεξιόντας
960 1407 994 1431 τι
1015 1393 1088 1431 τοῦ
1111 1390 1394 1445 καθήκοντος,
1426 1388 1496 1431 καὶ
1526 1389 1588 1435 ὡς
1619 1389 1785 1435 οἰκείοις

226 1461 271 1496 18
283 1462 443 1509 τούτοις
473 1461 708 1517 κεχρῆσθαι
738 1460 864 1502 παισί.
926 1463 1046 1514 τιμῆς
1078 1458 1123 1500 δὲ
1153 1458 1338 1513 μεγάλης
1369 1458 1523 1513 ἠξίωσε
1552 1456 1625 1500 τὸν
1645 1455 1783 1511 Ἀρσέ-

226 1530 271 1566 19
283 1547 373 1574 νιον
402 1530 474 1573 καὶ
504 1531 690 1586 χρήμασι
721 1527 1049 1571 κατεπλούτισεν.
1112 1527 1136 1569 o‘
1160 1526 1205 1569 δὲ
1225 1526 1322 1574 τοὺς
1342 1526 1496 1573 παῖδας
1521 1525 1785 1581 παραλαβὼν

286 1699 309 1734 8
334 1700 384 1733 ὅτι
410 1699 561 1742 βασιλεῖς
587 1697 646 1732 καὶ
672 1697 786 1742 ἄμφω
814 1694 893 1734 τοὺς
918 1694 1016 1734 υἱοὺς
1044 1694 1277 1740 ἀνηγόρευσεν
1303 1696 1323 1730 ὁ
1344 1694 1532 1732 Θεοδόσιος
1550 1692 1707 1738 καὶπερὶ
1725 1697 1786 1729 τοῦ

286 1747 386 1793 ἁγίου
408 1746 582 1791 Ἆρσενιόυ
610 1744 649 1790 C,
675 1745 755 1790 περὶ
781 1749 843 1780 τοῦ
869 1744 968 1790 ἁγίου
988 1743 1166 1788 Ἀρσενιόυ
1194 1743 1225 1778 Ε

359 1903 382 1938 2
407 1907 467 1938 τοῦ
493 1907 557 1938 σοῦ
584 1904 678 1937 ante
706 1900 845 1946 ἀτιμίαν
872 1899 901 1936 C
998 1899 1021 1934 4
1046 1899 1300 1945 ἒγχωρούντων
1326 1898 1362 1932 D
1461 1897 1483 1932 5
1508 1897 1664 1937 ἐκείνους
1683 1897 1786 1938 Dwr)

359 1950 406 1986 10
430 1950 646 1996 ἀνηγόρευσε
673 1949 770 1994 pr
901 1948 942 1982 11
968 1953 1153 1992 μετασχεῖν
1178 1946 1304 1985 αὐτοὺς
1331 1948 1426 1981 ante
1452 1946 1512 1980 καὶ
1539 1950 1598 1987 τῆς
1625 1947 1708 1987 (τοῖς
1735 1944 1786 1988 1))

361 1998 458 2044 pr
556 2003 617 2044 τῆς
643 1997 789 2042 Apr,
817 2002 887 2035 τοῖς
913 1995 982 2031 BD
1096 1995 1142 2030 12
1166 2000 1226 2040 τῆς
1248 1995 1325 2029 ἐκεῖ
1344 1994 1536 2037 ἐκκλησίας
1561 1995 1643 2029 ὄντα
1668 1994 1787 2029 διάκο-

359 2061 420 2082 νον
447 2046 544 2092 pr
643 2045 690 2081 13
716 2046 825 2090 σοφίᾳ
844 2043 922 2087 ΑΕ,
949 2044 1062 2089 λόγοις
1082 2043 1179 2087 pr
1279 2043 1334 2078 17.
1362 2042 1408 2076 18
1433 2042 1609 2086 ἀρσένιον·
1636 2047 1696 2084 τῆς
1713 2042 1793 2076 ἐκεῖ

358 2095 550 2140 ἐκκλησίας
576 2095 656 2130 ὄντα
683 2093 869 2129 διάκονον·
897 2093 963 2134 (ex
991 2091 1174 2127 anteced.
1202 2093 1300 2136 rep.)
1327 2091 1348 2124 ὁ
1370 2089 1409 2125 δὲ
1433 2089 1514 2129 τοὺς
1541 2090 1615 2124 κτλ.
1642 2089 1678 2124 D

229 2245 274 2281 13
287 2250 411 2285 filium
438 2252 551 2284 tuum
580 2252 852 2294 contemptum
880 2259 1012 2293 aequo
1040 2248 1173 2282 animo
1201 2257 1282 2281 non
1310 2246 1444 2281 tulisti.
1495 2246 1620 2280 Putas
1652 2248 1787 2280 autem

288 2297 409 2333 deum
436 2297 729 2333 calumniantes
754 2296 861 2332 illius
886 2296 1010 2331 filium
1034 2295 1289 2341 unigenitum
1308 2304 1391 2329 non
1410 2294 1635 2329 abominari
1653 2303 1787 2338 neque

289 2345 422 2381 odisse
453 2355 587 2391 neque
618 2345 737 2380 irasci
771 2345 830 2388 iis,
871 2345 938 2389 qui
974 2354 1042 2379 eos
1073 2344 1113 2378 in
1142 2346 1260 2377 coetu
1287 2341 1604 2377 orthodoxorum
1632 2341 1784 2376 versari

230 2389 275 2424 14
288 2404 336 2428 ac
362 2393 508 2428 multos
538 2403 798 2437 corrumpere
824 2391 1093 2438 patiuntur?”
1141 2389 1374 2425 Admiratus
1400 2390 1526 2432 igitur
1552 2389 1628 2423 viri
1658 2389 1785 2424 sancti

287 2441 486 2476 rationem
513 2451 585 2476 rex
613 2440 744 2475 edicto
771 2440 1067 2475 haereticorum
1095 2440 1319 2473 conventus
1345 2437 1565 2482 impedivit.

230 2485 275 2520 15
408 2488 614 2524 Postremo
655 2491 789 2523 autem
828 2491 1003 2532 tyranno
1042 2487 1201 2521 sublato
1234 2485 1431 2528 Eugenio,
1469 2487 1554 2519 toto
1589 2484 1787 2519 Romano-

231 2533 275 2568 16
289 2546 379 2571 rum
405 2537 573 2581 imperio
606 2536 757 2579 potitus
795 2535 972 2581 appellat
1003 2545 1075 2568 rex
1105 2534 1206 2568 duos
1235 2533 1336 2567 filios
1363 2542 1456 2566 suos
1483 2542 1614 2577 reges.
1678 2531 1786 2573 Quos

290 2594 380 2618 cum
423 2584 543 2619 vellet
586 2583 811 2618 litterarum
854 2583 1072 2628 participes
1114 2582 1199 2615 fieri
1249 2580 1486 2615 eruditionis
1528 2590 1576 2614 ae
1617 2589 1786 2624 morum,

289 2641 483 2676 magnum
508 2630 734 2672 Arsaniam,
775 2630 989 2665 diaconum
1023 2629 1217 2664 ecclesiae
1244 2628 1462 2669 Romanae,
1501 2628 1632 2662 virum
1664 2629 1703 2662 et
1729 2637 1787 2661 sa-

231 2675 275 2711 17
290 2679 441 2723 pientia
469 2682 507 2714 et
531 2679 681 2714 virtute
707 2678 965 2721 celebratum,
1003 2677 1098 2712 inde
1128 2676 1337 2711 arcessivit
1365 2678 1403 2710 et
1432 2675 1468 2709 ei
1494 2675 1595 2710 filios
1621 2674 1787 2709 tradidit

290 2729 330 2760 et
361 2727 476 2761 iussit
507 2736 600 2762 eum
631 2737 712 2762 non
749 2729 793 2761 ut
830 2735 949 2770 reges
980 2727 1157 2760 tractare
1197 2733 1266 2758 eos
1299 2723 1369 2758 sed
1407 2725 1454 2757 ut
1493 2722 1672 2757 homines
1710 2722 1787 2767 pri-

290 2776 407 2808 vatos
434 2777 473 2808 et
498 2774 724 2819 gregarios,
759 2773 898 2818 flagris
925 2773 1044 2808 etiam
1072 2771 1271 2812 adhibitis,
1306 2770 1626 2815 quotiescunque
1652 2769 1787 2815 negle-

290 2824 432 2866 gentes
458 2821 615 2856 videret
642 2821 706 2856 vel
733 2821 931 2856 violantes
963 2819 1115 2866 aliquid
1142 2819 1270 2859 officii,
1298 2821 1337 2852 ot
1355 2827 1445 2852 oum
1463 2817 1511 2851 iis
1530 2827 1695 2861 prorsus
1713 2827 1786 2862 pro

231 2866 277 2902 18
291 2868 374 2903 suis
400 2868 488 2903 filiis
515 2879 650 2914 agero.
700 2867 760 2904 Ae
786 2878 936 2913 magno
962 2868 1115 2903 honore
1143 2866 1278 2902 affecit
1295 2864 1510 2900 Arsenium
1530 2865 1787 2910 fortunisque

233 2914 278 2951 19
291 2915 565 2962 locupletavit.
615 2916 654 2952 Is
692 2917 829 2963 pueris
867 2917 908 2952 in
948 2915 1054 2952 sellis
1095 2914 1299 2951 collocatis
1338 2923 1427 2949 eum
1466 2914 1577 2948 stans
1618 2922 1787 2948 munere
