2054 3282
333 250 403 287 588
713 251 893 289 ZONAR.
920 251 1050 287 EPIT.
1077 251 1189 287 XVII
1217 251 1271 296 14,
1300 252 1448 290 14-28.

212 374 248 410 D
276 373 423 413 15νίαν
453 389 495 413 τε
527 373 597 414 καὶ
627 374 902 427 παραφοράν·
938 373 961 414 ὁ
995 371 1031 413 δ’
1066 373 1260 426 ἐκτομίας
1287 373 1484 429 Ἰωάννης
1514 374 1589 429 τὴν
1621 375 1722 430 ὅλην
1752 376 1823 417 ἀν-

333 441 501 488 εδέξατο
522 446 594 495 τῆς
625 442 832 495 βασιλείας
862 442 1125 495 κυβέρνησιν,
1156 442 1389 496 μοναχικὸν
1418 443 1496 496 μὲν
1525 444 1652 485 πάλαι
1683 448 1824 498 σχῆμα

275 513 318 548 16
333 509 586 561 ἕπενδυθείς,
619 514 740 550 τοῦτο
773 509 818 550 δὲ
847 513 988 563 τηρῶν
1019 510 1115 563 ἄχρι
1145 509 1281 563 μόνου
1312 515 1385 552 τοῦ
1409 512 1634 566 σχήματος.
1696 512 1823 554 Κων-

333 582 541 623 σταντῖνος
574 578 617 619 δὲ
644 579 859 632 πατρίκιος
880 579 903 619 ὁ
930 578 1212 632 Δαλασσηνός,
1246 580 1353 620 οἴκοι
1386 579 1609 634 διατρίβων
1639 580 1711 622 καὶ
1730 581 1825 634 περὶ

332 649 405 686 τοῦ
437 647 533 686 νέου
565 646 770 699 βασιλέως
800 646 1058 700 πυθόμενος,
1092 647 1411 701 δυσανασχετῶν
1443 647 1494 702 ῆν
1526 648 1584 690 ὅτι
1613 650 1669 695 εἷς
1690 649 1860 702 ἄνδραὸ

277 718 320 753 17
333 718 518 755 τοιοῦτον
549 715 574 768 ἡ
606 715 789 768 βασιλεία
821 716 1009 769 περιέστη
1038 715 1274 769 Ῥωμαίων.
1336 720 1457 757 τοῦτο
1496 717 1690 772 θορύβου
1729 716 1826 763 τοὺς

332 781 426 835 περὶ
456 781 527 822 τὸν
557 782 726 836 βασιλέα
761 783 980 836 ἒμέστωσε,
1019 784 1278 838 πτοηθέντας
1307 785 1470 838 μήποτε
1500 785 1524 826 ὁ
1557 785 1826 840 Δαλασσηνὸς

275 854 319 889 18
332 850 539 903 τυραννίδι
579 851 780 904 ἐπίθηται.
841 852 912 892 καὶ
949 852 1098 893 στέλλει
1129 852 1153 893 ὁ
1179 851 1378 906 Ἰωάννης
1414 852 1485 894 τὸν
1524 853 1668 907 ὅρκοις
1699 853 1826 895 αὐτὸν

332 919 618 972 βεβαιώσοντα
663 920 725 965 ὡς
765 919 939 965 οὐδενὸς
978 920 1152 974 ἀνιαροῦ
1191 921 1486 975 πειραθήσεται
1525 921 1596 963 καὶ
1634 922 1824 963 πείσοντα

59 988 260 1025 ΡΠ236Α
276 990 318 1025 19
332 986 403 1028 τὸν
434 987 568 1040 ἄνδρα
599 992 661 1041 τῷ
691 988 852 1042 βασιλεῖ
885 988 1146 1042 προσελθεῖν.
1208 988 1279 1030 καὶ
1311 989 1335 1029 ὁ
1365 989 1443 1043 μὲν
1482 990 1711 1044 προσῆλθε,
1755 990 1826 1031 καὶ
1843 999 1887 1033 10

333 1055 357 1096 ὁ
388 1054 580 1109 βασιλεὺς
610 1055 737 1097 αὐτὸν
769 1057 986 1102 ἀσπασίως
1016 1058 1261 1111 προσήκατο
1283 1057 1354 1098 καὶ
1376 1057 1624 1106 ἐδεξιώσατο
1647 1059 1826 1113 δωρεαῖς

332 1123 403 1164 καὶ
433 1124 591 1177 μείζονι
623 1125 717 1178 ἀξίᾳ
748 1125 935 1179 τετίμηκε
966 1125 1037 1166 καὶ
1069 1126 1112 1166 ἕν
1142 1130 1191 1180 τῇ
1222 1126 1337 1167 πόλει
1370 1126 1522 1180 διάγειν
1553 1126 1751 1168 ἐκέλευσε.

273 1196 320 1231 20
451 1191 640 1247 Νικήτας
678 1193 721 1234 δὲ
760 1193 783 1234 ὁ
814 1197 887 1234 τοῦ
925 1193 1130 1247 βασιλέως
1169 1194 1380 1248 ὁμαίμων,
1426 1194 1529 1242 δοὺξ
1564 1199 1636 1249 τῆς
1675 1194 1741 1236 ἐπὶ
1776 1199 1826 1249 τῇ

335 1261 483 1315 Δάφνῃ
510 1261 757 1315 Ἀντιοχείας
787 1262 1105 1316 προχειρισθείς,
1145 1262 1292 1316 εἴρχθη
1325 1261 1439 1316 παρὰ
1471 1266 1556 1304 τῶν
1582 1263 1827 1317 Ἀντιοχέων

273 1334 316 1368 21
332 1334 404 1383 τῆς
435 1330 492 1375 εἰς
522 1329 596 1384 τὴν
626 1330 745 1370 πόλιν
776 1330 953 1371 εἰσόδου.
1014 1331 1233 1383 πράκτορά
1266 1330 1345 1384 γάρ
1376 1346 1463 1371 τινα
1495 1334 1580 1372 τῶν
1610 1331 1826 1385 δημοσίων
1842 1341 1885 1376 15

333 1398 476 1451 τελῶν,
510 1398 571 1444 ὡς
603 1399 742 1443 αὐτοῖς
773 1402 988 1452 φορτικῶς
1018 1400 1414 1452 προσενηνεγμένον,
1448 1399 1658 1446 ἀνελόντες
1689 1401 1729 1441 οἱ
1754 1404 1826 1455 τῆς

328 1466 573 1520 Ἀντιοχείας
601 1467 761 1508 πολῖται
783 1467 853 1507 καὶ
876 1467 1109 1513 δεδοικότες
1129 1467 1188 1521 μὴ
1214 1467 1332 1513 δίκας
1353 1472 1414 1521 τῷ
1436 1467 1557 1509 δουκὶ
1577 1472 1651 1509 τοῦ
1671 1468 1825 1523 τολμή-

275 1538 320 1573 22
333 1550 466 1588 ματος
496 1536 672 1583 τίσωσιν,
705 1535 975 1589 ἓπεζύγωσαν
1007 1537 1122 1589 αὐτῷ
1153 1535 1225 1581 τὰς
1251 1536 1385 1582 πύλας
1405 1540 1477 1591 τῆς
1497 1536 1672 1582 πόλεως.
1735 1536 1758 1578 ὁ
1782 1536 1826 1578 δὲ

333 1653 356 1686 3
380 1652 460 1697 περὶ
486 1658 546 1687 τοῦ
571 1653 799 1698 Δαλασσηνοῦ
825 1653 885 1688 καὶ
912 1652 968 1688 διὰ
994 1654 1066 1688 τίνα
1092 1654 1201 1688 αἰτίαν
1227 1654 1430 1698 καθείρχθη
1458 1653 1520 1689 ΟΕ

403 1759 435 1794 2.
462 1760 485 1794 3
508 1760 614 1795 πάλαι
640 1765 758 1805 σχῆμα
783 1761 984 1799 ἐπενδυθεὶς
1011 1759 1083 1794 AD
1111 1760 1224 1795 Psell.
1253 1771 1288 1805 p.
1316 1760 1371 1803 54,
1391 1761 1446 1804 28,
1475 1761 1607 1805 ἔνδυμα
1631 1761 1736 1796 πάλαι
1762 1761 1825 1805 ἀμ·

406 1807 621 1852 φιασάμενος
647 1808 745 1853 pr
843 1809 865 1843 5
891 1807 1157 1852 δυςανασχετὼν
1182 1808 1296 1853 Bswp
1395 1808 1416 1843 6
1440 1809 1600 1853 περιέστη
1627 1812 1721 1844 ante
1746 1809 1768 1854 ἡ
1796 1808 1825 1844 C

405 1856 438 1890 6.
465 1855 486 1890 7
512 1856 672 1901 θορύβου
700 1859 789 1900 post·
813 1856 956 1901 βασιλέα
982 1855 1045 1891 BC
1143 1856 1165 1890 8
1190 1856 1352 1900 ἐπίθηται
1375 1855 1543 1901 prDz'‚
1569 1856 1765 1900 ἕπιτίθηται
1790 1854 1825 1890 Α

452 1904 560 1947 ὅρκον
587 1906 626 1938 et
643 1904 763 1947 ὅρκοις
782 1914 854 1949 per
873 1904 1034 1949 dittogr.
1055 1902 1090 1937 D
1164 1903 1186 1938 9
1211 1903 1453 1948 βεβαιώσαντα
1480 1904 1575 1948 Ewp
1654 1903 1699 1938 12
1723 1903 1824 1944 ἀξιώ-

403 1964 484 1994 ματι
501 1950 641 1995 ἐτίμησε
660 1951 754 1996 Ewp
854 1951 899 1986 13
925 1957 966 1996 τῇ
993 1962 1067 1985 om.
1087 1951 1221 1996 DEwp
1321 1951 1365 1985 14
1389 1952 1516 1996 εἴρχθη
1539 1951 1602 1985 ΒΕ
1701 1951 1744 1986 17
1769 1951 1825 1986 ἄν·

404 1999 522 2043 τιόχου
550 1998 585 2032 D
721 1999 855 2033 πολῖται
884 1997 1068 2044 OswpDi‚
1093 1999 1227 2033 πολίται
1254 1997 1323 2033 ΑΕ
1469 1999 1513 2034 18
1538 2000 1681 2033 τίσωσιν
1707 1998 1825 2043 ADE,

403 2046 556 2080 τίσουσιν
581 2046 624 2090 R,
651 2045 805 2090 σίτω[σιν
830 2045 900 2091 W*‚
927 2047 1073 2081 δίδωσιν
1099 2045 1146 2091 Ρ*

333 2154 612 2199 pretabantur,
639 2164 718 2199 quo
738 2165 819 2189 non
838 2164 953 2189 secus
974 2157 1097 2199 atque
1116 2153 1207 2188 olim
1226 2153 1322 2189 Saul
1340 2154 1581 2198 angebatur,
1608 2153 1674 2188 alii
1693 2163 1824 2188 amen-

276 2204 320 2239 15
333 2202 429 2237 tiam
463 2205 502 2236 et
534 2202 744 2245 insaniam,
784 2201 836 2236 ad
862 2201 1055 2236 Ioannem
1088 2201 1309 2246 spadonem
1342 2211 1496 2236 summa
1529 2211 1663 2236 rerum
1691 2201 1824 2236 delata

334 2252 404 2292 est,
439 2259 530 2284 eum
555 2249 621 2284 ille
649 2249 810 2294 quidem
842 2249 1027 2284 monaehi
1063 2252 1215 2284 vestem
1241 2250 1321 2283 iam
1352 2249 1443 2283 olim
1470 2249 1715 2293 sumpsisset,
1753 2249 1824 2283 sed

275 2300 319 2334 16
334 2296 475 2331 habitu
501 2296 714 2331 dumtaxat
740 2297 836 2331 illud
864 2297 973 2331 vitae
1004 2307 1133 2341 genus
1166 2296 1432 2341 profiteretur.
1484 2296 1698 2331 Enimvero
1726 2295 1823 2331 Con-

334 2344 533 2378 stantinus
560 2344 808 2379 Daiassenus
835 2344 1039 2389 patricius,
1073 2344 1179 2378 domi
1207 2344 1370 2389 degens,
1399 2353 1489 2378 eum
1517 2343 1566 2378 de
1592 2354 1699 2378 novo
1725 2354 1824 2389 rege

334 2391 566 2435 audivisset,
595 2392 887 2436 indignabatur
904 2391 1177 2426 Romanorum
1204 2401 1376 2436 regnum
1403 2391 1455 2425 ad
1479 2391 1598 2425 tale-m
1624 2391 1823 2426 hominem

276 2443 318 2478 17
334 2449 422 2474 esse
441 2439 687 2474 devolutum.
739 2440 872 2480 Quare
890 2438 1059 2473 Michael
1078 2449 1166 2473 eum
1187 2439 1268 2473 suis
1288 2438 1546 2473 vehementer
1564 2439 1824 2482 perturbatus

275 2491 319 2526 18
335 2486 564 2530 verebatur,
601 2497 653 2521 ne
690 2486 937 2521 Dalassenus
975 2496 1146 2532 regnum
1186 2486 1405 2520 affectaret.
1470 2485 1612 2530 Itaque
1651 2485 1823 2520 Ioannes

335 2533 536 2578 quendam
564 2535 692 2578 mittit,
731 2535 799 2579 qui
830 2533 1092 2568 iureiurando
1126 2534 1341 2568 affirmaret
1372 2533 1466 2567 nihil
1496 2534 1530 2566 ei
1563 2533 1823 2567 metuendum

275 2579 320 2614 19
335 2591 422 2616 esse
447 2581 540 2615 mali
576 2581 747 2626 viroque
781 2581 1055 2626 persuaderet,
1093 2584 1138 2616 ut
1163 2591 1302 2626 regem
1333 2581 1578 2615 conveniret.
1630 2580 1705 2621 Qui
1732 2590 1823 2615 eum

334 2629 522 2672 venisset,
567 2639 591 2663 a
628 2639 727 2674 rege
770 2629 946 2673 benigne
984 2631 1196 2673 susceptus
1233 2638 1281 2662 ac
1321 2628 1555 2662 muneribus
1595 2630 1633 2662 et
1671 2628 1821 2663 maiore

335 2675 533 2720 dignitate
560 2680 703 2711 auctus
729 2677 769 2710 in
796 2677 898 2711 urbe
924 2676 1075 2721 degere
1101 2677 1234 2710 iussus
1261 2681 1330 2710 est.

273 2723 320 2756 20
452 2723 612 2758 Nicetas
639 2734 748 2767 vero,
776 2724 884 2769 regis
911 2724 1046 2766 frater,
1074 2723 1157 2757 dux
1185 2722 1440 2766 Daphnensis
1458 2721 1696 2760 Antiochiae
1724 2722 1823 2756 desi—

275 2770 318 2803 21
334 2774 484 2814 gnatus
508 2781 587 2805 non
616 2775 675 2806 est
700 2771 742 2805 in
767 2771 908 2806 urbem
936 2771 986 2805 ab
1013 2769 1274 2805 Antiochenis
1305 2769 1512 2804 admissus.
1565 2769 1664 2805 Nam
1697 2769 1823 2814 publi-

336 2827 474 2852 corum
500 2819 759 2863 vectigalium
788 2822 990 2862 exactore,
1017 2828 1041 2852 a
1068 2827 1147 2862 quo
1166 2827 1209 2852 se
1236 2817 1376 2852 durius
1394 2819 1586 2851 tractatos
1613 2817 1822 2861 putabant,

335 2864 559 2907 interfecto,
597 2865 889 2900 Antiochenses
916 2865 1044 2908 veriti,
1078 2875 1130 2900 ne
1162 2865 1248 2900 eius
1273 2864 1464 2898 facinoris
1489 2874 1641 2908 poenas
1669 2864 1821 2906 darent,

275 2910 322 2945 22
336 2911 448 2946 urbis
475 2916 612 2956 portas
639 2913 731 2947 duci
759 2913 1004 2953 elause1·a11t;
1043 2923 1118 2947 nec
1145 2912 1256 2957 prius
1282 2911 1491 2954 admisere,
1531 2921 1649 2956 quam
1677 2910 1822 2946 iureiu-
