2054 3282
527 202 858 248 VITALIANVS.
908 202 1075 246 HVNNI
1101 202 1168 245 ET
1193 202 1406 244 PERSAE.
1646 201 1716 243 147

211 334 390 376 στασίου.
453 334 494 375 οἱ
524 333 570 375 δὲ
599 332 822 388 προστάξει
852 335 925 374 τοῦ
957 331 1163 387 βασιλέως
1197 330 1416 372 Ἰουστίνου
1447 329 1520 372 καὶ
1553 329 1715 372 Ἰουστι-
1732 333 1777 369 15

210 407 355 446 νιανοῦ
386 418 514 458 φασιν
545 402 818 457 ἀναιρεθῆναι
849 400 977 443 αὑτὸν
1008 401 1052 442 ἓν
1082 405 1144 454 τῷ
1174 399 1391 454 Παλατίῳ,
1435 399 1612 441 θέλοντα
1646 398 1717 440 καὶ

212 473 341 514 αὐτοῦ
372 476 446 514 τοῦ
478 475 732 526 κρατοῦντος
763 470 1000 525 κατάρχειν·
1033 469 1312 524 στρατηλάτης
1345 468 1390 510 δὲ
1414 471 1500 510 τῶν
1522 483 1716 522 στρατευ-

211 542 360 596 μάτων
392 539 674 586 Ἰουστινιανὸς
709 540 1033 594 προκεχείριστο.
1098 537 1295 580 Ἰωάννου
1337 537 1383 579 δὲ
1420 541 1494 579 τοῦ
1531 536 1716 578 Καππα-
1733 541 1779 576 16
1806 539 1837 574 Β

177 615 200 651 5
214 610 347 652 δόκου
377 609 596 662 θανόντος,
642 609 689 654 ὃς
724 608 984 662 πατριάρχης
1014 606 1068 662 ἦν
1098 606 1600 660 Κωνσταντινουπόλεως,
1646 622 1716 648 κε-

213 678 476 734 χειροτόνητο
506 677 747 731 Ἐπιφάνιος
776 681 849 731 τῆς
881 676 1102 731 ἐκκλησίας
1131 676 1283 731 ταύτης
1312 675 1614 730 πρεσβύτερος·
1646 675 1718 716 καὶ
1734 679 1778 714 17

213 747 420 802 Ὁρμίσδα
463 750 537 788 τοῦ
579 746 700 787 πάπα
737 745 905 800 Ῥώμης
946 745 1252 799 μετηλλαχότος
1294 744 1340 786 τὸ
1386 744 1475 799 ζῆν,
1522 743 1720 798 Ἰωάννης

212 816 310 862 τοὺς
339 821 412 871 τῆς
442 815 664 870 ἐκκλησίας
693 814 916 869 Ῥωμαίων
949 814 1159 862 διεδέξατο
1190 815 1349 860 οἴακας.

325 885 516 940 Ἔχθρας
559 884 605 926 δὲ
638 883 862 938 Ῥωμαίοις
903 883 1013 937 πρὸς
1055 882 1229 937 Πέρσας
1273 884 1414 938 οὔσης,
1459 882 1484 924 ὁ
1526 881 1720 937 βασιλεὺς
1735 887 1780 922 18

155 954 429 1001 ΙΟἸουστῖνος
470 953 579 1008 πρὸς
619 953 692 994 τὸν
735 953 844 1007 ῥῆγα
887 955 973 993 τῶν
1010 951 1188 994 Οὔννων
1226 952 1373 993 ἔστειλε
1410 952 1605 1006 πρέσβεις
1648 950 1720 992 καὶ

215 1023 350 1078 δῶρα,
390 1023 632 1078 συμμαχίαν
663 1023 791 1063 αἰτῶν
822 1020 929 1062 κατὰ
959 1024 1046 1062 τῶν
1080 1019 1281 1075 Περσῶν·
1325 1020 1398 1062 καὶ
1429 1021 1477 1067 ὃς
1508 1020 1718 1062 συνέθετο.

213 1092 285 1133 καὶ
315 1095 388 1133 τοῦ
420 1090 606 1146 Περσῶν
638 1091 684 1132 δὲ
719 1090 925 1145 βασιλέως
958 1088 1162 1131 Κουάδου
1201 1088 1272 1131 τὸν
1310 1088 1438 1131 αὐτὸν
1477 1089 1587 1144 ῥῆγα
1625 1088 1720 1143 περὶ
1736 1094 1779 1129 19

215 1161 457 1215 συμμαχίας
487 1160 755 1208 ἀξιώσαντος,
788 1159 945 1204 ἐκεῖνος
977 1163 1250 1213 συμμαχῆσαι
1282 1159 1400 1212 αὐτῷ
1432 1158 1719 1213 ἐπηγγείλατο·

214 1230 286 1272 καὶ
316 1229 481 1284 ἀπῆλθε
511 1228 620 1283 πρὸς
650 1227 823 1283 Πέρσας
860 1227 964 1282 μετὰ
1004 1227 1122 1281 λαοῦ,
1167 1227 1274 1269 κατὰ
1301 1227 1527 1281 Ῥωμαίων
1559 1227 1718 1268 ἀντιτα-

156 1306 202 1342 15
215 1299 405 1354 ξάμενος.
468 1298 492 1340 ὅ
522 1299 662 1353 μέντοι
693 1296 885 1352 βασιλεὺς
911 1296 1130 1342 ’Ῑουστῖνος
1166 1296 1262 1350 περὶ
1298 1297 1466 1351 εἰρήνης
1495 1296 1720 1350 πρεσβείαν
1734 1302 1781 1338 20
1807 1301 1837 1337 C

215 1368 371 1414 στείλας
400 1367 510 1422 πρὸς
538 1366 611 1408 τὸν
641 1369 727 1408 τῶν
747 1365 933 1419 Περσῶν
964 1366 1146 1417 βασιλέα,
1177 1365 1237 1420 μὴ
1270 1365 1472 1407 πιστεύειν
1502 1369 1587 1411 τοῖς
1609 1364 1719 1406 Οὕν-

212 1453 300 1483 νοις
336 1437 453 1491 αὐτῷ
492 1437 690 1491 ἔγραψεν,
736 1435 798 1481 ὡς
836 1434 994 1489 ὅρκους
1029 1434 1133 1489 μετὰ
1160 1434 1387 1489 (Ρωμαίων
1422 1434 1517 1488 περὶ
1550 1450 1719 1488 συμμα-
1735 1441 1778 1476 21

212 1506 306 1561 χίας
325 1506 623 1560 ποιησαμένοις
643 1503 715 1546 καὶ.
742 1504 938 1558 χρήματα
970 1503 1145 1558 λαβοῦσι
1175 1503 1308 1545 πολλοὶ
1340 1503 1412 1545 καὶ
1443 1503 1722 1558 βουλομένοις

213 1645 236 1681 4
260 1644 340 1691 περὶ
363 1648 592 1729 πατὸἓιρχῶν
618 1643 681 1680 CE
877 1643 921 1678 15
947 1645 997 1678 ὅτι
1023 1643 1203 1678 ἐσπείσατο
1229 1649 1300 1682 τοῖς
1326 1644 1484 1688 Πέρσαις
1508 1643 1529 1678 ό
1555 1645 1647 1685 (om.
1674 1642 1720 1684 E)

209 1694 395 1732 Ἰουστῒνος

287 1823 307 1858 1
335 1826 426 1869 post
450 1822 510 1858 καὶ
536 1821 628 1857 add.
659 1826 720 1857 τοῦ
746 1820 844 1867 pr
967 1821 990 1856 2
1015 1820 1052 1856 ἐν
1078 1826 1129 1866 τῷ
1155 1820 1325 1865 Παλατίῳ
1354 1831 1430 1856 om.
1455 1819 1497 1864 B,
1526 1831 1564 1855 v.
1590 1819 1722 1854 Malal.

288 1880 374 1906 exc.
408 1870 458 1906 de
491 1870 606 1905 insid.
639 1871 680 1905 in
707 1869 882 1905 Hermae
918 1869 995 1904 vol.
1023 1868 1078 1904 VI
1103 1879 1140 1915 p.
1167 1868 1238 1903 375
1265 1869 1383 1914 infra,
1423 1869 1575 1914 Euagr.
1603 1867 1650 1902 H.
1679 1867 1722 1902 E.

287 1918 341 1954 IV
367 1918 400 1963 3,
427 1918 598 1964 Procop.
624 1917 683 1953 III
710 1929 747 1963 p.
773 1917 830 1961 46,
852 1917 896 1952 19
911 1928 960 1953 SS.
1058 1916 1082 1952 4
1107 1917 1297 1962 καπαδόκη
1325 1917 1361 1951 D
1461 1917 1483 1952 8
1508 1915 1601 1960 τοὺς]
1631 1915 1665 1950 τὲ
1691 1915 1723 1950 Ε

337 1966 478 2008 ἐδέξατο
504 1966 540 2001 D
637 1966 660 2001 9
684 1965 772 2010 πρὸς
799 1966 906 2000 intra
932 1965 1061 2000 lineas
1091 1965 1221 2010 suppl.
1250 1964 1317 2003 Dw
1415 1965 1463 2000 10
1489 1969 1560 1999 τῶν
1584 1963 1723 1999 οὕννων

288 2016 330 2050 in
355 2015 486 2060 spatio
514 2017 666 2060 septem
695 2015 780 2049 fere
806 2014 1031 2049 litterarum
1059 2013 1190 2058 suppl.
1216 2013 1279 2051 Ew
1307 2015 1358 2054 (v.
1378 2013 1598 2058 B-WByz.
1617 2010 1723 2046 Zeit-

288 2063 392 2098 Schr.
419 2072 454 2097 a.
483 2062 576 2097 1892
602 2073 639 2108 p.
665 2061 750 2106 216)
851 2062 891 2095 11
919 2066 991 2096 τῶν
1019 2072 1095 2097 om.
1122 2060 1224 2106 pr
1326 2061 1370 2096 16
1396 2060 1454 2096 τὸν
1481 2065 1552 2095 τῶν
1578 2058 1624 2105 A,
1652 2065 1723 2095 τῶν

291 2121 366 2146 om.
391 2109 450 2145 τὸν
476 2110 518 2155 Ε,
545 2110 603 2145 τὸν
630 2120 705 2145 om.
732 2114 803 2144 τῶν
829 2109 927 2155 pr
1040 2108 1265 2154 adamasse-tv
1291 2108 1326 2143 A
1443 2109 1488 2144 18
1512 2108 1722 2154 βουλομένοι

290 2158 377 2204 (sic)
403 2157 439 2192 D

218 2280 332 2315 iussu
358 2278 467 2324 regis
485 2277 627 2313 lustini
655 2281 694 2314 et
712 2277 925 2313 Iustiniani
953 2277 1093 2314 dicunt
1119 2288 1211 2313 eum
1239 2278 1442 2314 sublatum
1469 2287 1558 2313 esse
1583 2277 1625 2312 in
1651 2276 1724 2312 Pa-

218 2328 326 2371 latio,
354 2337 444 2362 cum
471 2329 510 2362 et
531 2326 606 2372 ipsi
627 2325 788 2362 domino
808 2325 929 2361 vellet
946 2326 1164 2372 imperare3
1191 2327 1386 2372 magister
1403 2325 1573 2361 militum
1591 2326 1724 2360 factus

219 2381 280 2411 est
298 2375 555 2410 Iustinianus.
606 2373 760 2409 Ioanne
779 2374 1022 2419 Cappadoce
1047 2378 1218 2418 mortuo,
1245 2374 1478 2419 patriarcha
1496 2372 1718 2418 Cpolitano,
1738 2375 1783 2409 16

219 2423 482 2469 Epiphanius,
522 2422 717 2458 ccclesiae
757 2422 876 2457 huius
914 2422 1139 2468 presbyter,
1183 2426 1345 2457 creatus
1383 2423 1461 2466 est3
1506 2420 1723 2456 Hormisda
1739 2422 1782 2458 17

220 2472 326 2516 item,
352 2480 461 2517 papa
479 2470 672 2515 Romano,
701 2470 905 2514 defuncto,
933 2469 1107 2506 Ioannes
1126 2470 1321 2506 ecclcsiae
1340 2469 1548 2505 Romanae
1576 2469 1724 2515 guber-

220 2519 369 2555 nacula
395 2519 583 2564 suscepit.

341 2566 440 2602 Cum
480 2570 616 2602 autem
656 2565 847 2602 Romanis
886 2566 1120 2601 inimicitiae
1161 2568 1296 2601 essent
1331 2565 1532 2601 adversus
1566 2564 1724 2610 Persas,
1740 2567 1784 2601 18

221 2625 294 2651 rex
313 2614 492 2650 Iustinus
518 2614 647 2650 missis
674 2614 820 2659 legatis
846 2624 936 2649 cum
964 2614 1202 2650 muneribus
1228 2613 1281 2648 ad
1307 2623 1447 2660 regem
1468 2613 1724 2658 Hunnorum,

223 2663 291 2709 qui
330 2663 563 2699 societatem
603 2666 745 2698 contra
782 2662 928 2697 Persas
966 2665 1163 2708 peterent,
1201 2662 1266 2696 ille
1307 2661 1516 2697 concessit.
1567 2660 1648 2697 Sed
1686 2663 1784 2698 et19

223 2710 426 2754 Cavadae,
464 2709 680 2745 Persarum
713 2710 813 2755 regi,
851 2710 1068 2746 amicitiam
1101 2710 1254 2756 petenti
1286 2710 1393 2745 idem
1423 2719 1496 2745 rex
1524 2709 1725 2755 pollicitus

222 2769 266 2794 se
299 2758 495 2794 auxilium
522 2768 611 2793 esse
639 2757 827 2802 laturum,
867 2758 919 2793 ad
944 2758 1089 2794 Persas
1125 2768 1217 2793 cum
1256 2758 1382 2804 copiis
1421 2759 1481 2793 est
1519 2758 1726 2803 profectus

221 2806 426 2842 Romanos
453 2809 776 2852 oppugnaturus.
827 2805 880 2842 At
906 2817 977 2842 rex
1005 2806 1183 2842 Iustinus
1211 2805 1261 2841 de
1287 2816 1388 2852 pace
1418 2805 1564 2852 legatis
1594 2805 1726 2841 missis
1739 2807 1786 2842 90

222 2853 439 2890 Persarum
475 2853 564 2899 regi
596 2854 765 2899 scripsit,
805 2864 856 2890 ne
891 2854 1113 2890 confideret
1142 2854 1314 2899 Hunnis,
1353 2854 1423 2899 qui
1459 2853 1724 2889 iureiurando
1739 2855 1783 2890 21

223 2912 313 2939 cuni
342 2901 532 2938 Romanis
566 2902 759 2938 socictate
799 2903 907 2938 sacta
945 2903 1186 2949 magnisque
1225 2904 1402 2948 acceptis
1437 2901 1553 2938 donis
1581 2901 1725 2938 Persas
