<?xml version="1.0" encoding="UTF-8"?>
<!DOCTYPE html PUBLIC "-//W3C//DTD XHTML 1.0 Transitional//EN"
    "http://www.w3.org/TR/xhtml1/DTD/xhtml1-transitional.dtd">
<html xmlns="http://www.w3.org/1999/xhtml" xml:lang="en" lang="en">
 <head>
  <title>
</title>
<meta http-equiv="Content-Type" content="text/html;charset=utf-8" />
  <meta name='ocr-system' content='tesseract 3.04.00' />
  <meta name='ocr-capabilities' content='ocr_page ocr_carea ocr_par ocr_line ocrx_word'/>
</head>
<body>
  <div class='ocr_page' id='page_1' title='image "./corpusscriptorum31niebuoft_0075.png"; bbox 0 0 1968 3302; ppageno 0'>
   <div class='ocr_carea' id='block_1_1' title="bbox 345 247 1667 297">
    <p class='ocr_par' dir='ltr' id='par_1_1' title="bbox 345 247 1667 297">
     <span class='ocr_line' id='line_1_1' title="bbox 345 247 1667 297; baseline -0.001 -1"><span class='ocrx_word' id='word_1_1' title='bbox 345 255 512 297; x_wconf 79' lang='lat' dir='ltr'><strong>SAPoR</strong></span> <span class='ocrx_word' id='word_1_2' title='bbox 537 251 749 296; x_wconf 82' lang='lat' dir='ltr'><strong>AMmAM</strong></span> <span class='ocrx_word' id='word_1_3' title='bbox 775 247 941 297; x_wconf 73' lang='lat' dir='ltr'><strong>CAPrr.</strong></span> <span class='ocrx_word' id='word_1_4' title='bbox 992 248 1238 297; x_wconf 72' lang='lat' dir='ltr'><strong>ivaNVS‘</strong></span> <span class='ocrx_word' id='word_1_5' title='bbox 1266 252 1479 297; x_wconf 75' lang='lat' dir='ltr'><strong>CAESAR.</strong></span> <span class='ocrx_word' id='word_1_6' title='bbox 1619 250 1667 295; x_wconf 78' lang='lat'><em>49</em></span> 
     </span>
    </p>
   </div>
   <div class='ocr_carea' id='block_1_2' title="bbox 128 381 1864 916">
    <p class='ocr_par' dir='ltr' id='par_1_2' title="bbox 128 381 1864 916">
     <span class='ocr_line' id='line_1_2' title="bbox 285 381 1740 437; baseline -0.001 -13"><span class='ocrx_word' id='word_1_7' title='bbox 285 382 577 428; x_wconf 83' lang='grc' dir='ltr'><em>Κωνστάντιος</em></span> <span class='ocrx_word' id='word_1_8' title='bbox 609 382 654 423; x_wconf 85' lang='grc' dir='ltr'><em>δὲ</em></span> <span class='ocrx_word' id='word_1_9' title='bbox 685 382 745 437; x_wconf 84' lang='grc' dir='ltr'><em>μὴ</em></span> <span class='ocrx_word' id='word_1_10' title='bbox 779 381 867 429; x_wconf 86' lang='grc' dir='ltr'><em>οἷός</em></span> <span class='ocrx_word' id='word_1_11' title='bbox 896 398 938 424; x_wconf 86' lang='grc' dir='ltr'><em>τε</em></span> <span class='ocrx_word' id='word_1_12' title='bbox 970 382 1034 424; x_wconf 85' lang='grc' dir='ltr'><em>ὢν</em></span> <span class='ocrx_word' id='word_1_13' title='bbox 1062 381 1137 436; x_wconf 84' lang='grc' dir='ltr'><em>τὴν</em></span> <span class='ocrx_word' id='word_1_14' title='bbox 1159 381 1260 436; x_wconf 83' lang='grc' dir='ltr'><em>ὅλην</em></span> <span class='ocrx_word' id='word_1_15' title='bbox 1283 381 1515 424; x_wconf 76' lang='grc' dir='ltr'><em>διευθύνειν</em></span> <span class='ocrx_word' id='word_1_16' title='bbox 1535 381 1668 436; x_wconf 85' lang='grc' dir='ltr'><em>μόνος</em></span> <span class='ocrx_word' id='word_1_17' title='bbox 1685 381 1740 423; x_wconf 91' lang='grc'><em>10</em></span> 
     </span>
     <span class='ocr_line' id='line_1_3' title="bbox 165 450 1667 506; baseline -0.001 -14"><span class='ocrx_word' id='word_1_18' title='bbox 165 451 312 505; x_wconf 78' lang='grc' dir='ltr'><em>ἀρχήν,</em></span> <span class='ocrx_word' id='word_1_19' title='bbox 344 451 548 505; x_wconf 79' lang='grc' dir='ltr'><em>τοσαύτην</em></span> <span class='ocrx_word' id='word_1_20' title='bbox 581 450 712 492; x_wconf 75' lang='grc' dir='ltr'><em>οὖσαν</em></span> <span class='ocrx_word' id='word_1_21' title='bbox 743 451 805 497; x_wconf 84' lang='grc' dir='ltr'><em>ὡς</em></span> <span class='ocrx_word' id='word_1_22' title='bbox 837 451 882 499; x_wconf 78' lang='grc' dir='ltr'><em>ἓξ</em></span> <span class='ocrx_word' id='word_1_23' title='bbox 911 451 1060 506; x_wconf 78' lang='grc' dir='ltr'><em>ἄκρων</em></span> <span class='ocrx_word' id='word_1_24' title='bbox 1091 450 1243 504; x_wconf 88' lang='grc' dir='ltr'><em>σχεδὸν</em></span> <span class='ocrx_word' id='word_1_25' title='bbox 1273 450 1471 505; x_wconf 80' lang='grc' dir='ltr'><em>περάτων</em></span> <span class='ocrx_word' id='word_1_26' title='bbox 1503 454 1579 505; x_wconf 87' lang='grc' dir='ltr'><em>γῆς</em></span> <span class='ocrx_word' id='word_1_27' title='bbox 1610 451 1667 497; x_wconf 85' lang='grc' dir='ltr'><em>εἷς</em></span> 
     </span>
     <span class='ocr_line' id='line_1_4' title="bbox 165 518 1666 574; baseline -0.001 -14"><span class='ocrx_word' id='word_1_28' title='bbox 165 519 277 573; x_wconf 82' lang='grc' dir='ltr'><em>ἄκρα</em></span> <span class='ocrx_word' id='word_1_29' title='bbox 308 520 467 573; x_wconf 87' lang='grc' dir='ltr'><em>πέρατα</em></span> <span class='ocrx_word' id='word_1_30' title='bbox 499 523 717 573; x_wconf 77' lang='grc' dir='ltr'><em>καταντᾶν,</em></span> <span class='ocrx_word' id='word_1_31' title='bbox 752 520 797 567; x_wconf 80' lang='grc' dir='ltr'><em>ἒξ</em></span> <span class='ocrx_word' id='word_1_32' title='bbox 822 519 1019 574; x_wconf 82' lang='grc' dir='ltr'><em>Ἀθηνῶν</em></span> <span class='ocrx_word' id='word_1_33' title='bbox 1050 518 1121 560; x_wconf 85' lang='grc' dir='ltr'><em>τὸν</em></span> <span class='ocrx_word' id='word_1_34' title='bbox 1151 522 1225 560; x_wconf 84' lang='grc' dir='ltr'><em>τοῦ</em></span> <span class='ocrx_word' id='word_1_35' title='bbox 1254 518 1420 560; x_wconf 80' lang='grc' dir='ltr'><em>Γάλλου</em></span> <span class='ocrx_word' id='word_1_36' title='bbox 1454 519 1666 573; x_wconf 83' lang='grc' dir='ltr'><em>ὁμαίμονα</em></span> 
     </span>
     <span class='ocr_line' id='line_1_5' title="bbox 164 586 1669 642; baseline 0 -14"><span class='ocrx_word' id='word_1_37' title='bbox 164 587 236 629; x_wconf 87' lang='grc' dir='ltr'><em>τὸν</em></span> <span class='ocrx_word' id='word_1_38' title='bbox 261 587 488 629; x_wconf 84' lang='grc' dir='ltr'><em>Ἰουλιανὸν</em></span> <span class='ocrx_word' id='word_1_39' title='bbox 517 588 908 642; x_wconf 78' lang='grc' dir='ltr'><em>μετακαλεσάμενος</em></span> <span class='ocrx_word' id='word_1_40' title='bbox 932 587 1125 641; x_wconf 80' lang='grc' dir='ltr'><em>Καίσαρά</em></span> <span class='ocrx_word' id='word_1_41' title='bbox 1156 603 1198 629; x_wconf 82' lang='grc' dir='ltr'><em>τε</em></span> <span class='ocrx_word' id='word_1_42' title='bbox 1230 587 1370 629; x_wconf 85' lang='grc' dir='ltr'><em>ἀνεῖπε</em></span> <span class='ocrx_word' id='word_1_43' title='bbox 1401 587 1473 629; x_wconf 82' lang='grc' dir='ltr'><em>καὶ</em></span> <span class='ocrx_word' id='word_1_44' title='bbox 1498 586 1669 642; x_wconf 79' lang='grc' dir='ltr'><em>Ἑλένην</em></span> 
     </span>
     <span class='ocr_line' id='line_1_6' title="bbox 128 655 1754 711; baseline -0.001 -14"><span class='ocrx_word' id='word_1_45' title='bbox 128 656 282 710; x_wconf 80' lang='grc' dir='ltr'><em>5αὐτῷ</em></span> <span class='ocrx_word' id='word_1_46' title='bbox 320 655 394 710; x_wconf 80' lang='grc' dir='ltr'><em>τὴν</em></span> <span class='ocrx_word' id='word_1_47' title='bbox 433 656 589 698; x_wconf 77' lang='grc' dir='ltr'><em>οἰκείαν</em></span> <span class='ocrx_word' id='word_1_48' title='bbox 630 656 860 710; x_wconf 79' lang='grc' dir='ltr'><em>συνῴκισεν</em></span> <span class='ocrx_word' id='word_1_49' title='bbox 901 657 1098 711; x_wconf 79' lang='grc' dir='ltr'><em>ἀδελφήν.</em></span> <span class='ocrx_word' id='word_1_50' title='bbox 1161 656 1317 710; x_wconf 82' lang='grc' dir='ltr'><em>λέγεται</em></span> <span class='ocrx_word' id='word_1_51' title='bbox 1362 656 1407 698; x_wconf 86' lang='grc' dir='ltr'><em>δὲ</em></span> <span class='ocrx_word' id='word_1_52' title='bbox 1451 660 1501 711; x_wconf 82' lang='grc' dir='ltr'><em>τῇ</em></span> <span class='ocrx_word' id='word_1_53' title='bbox 1543 656 1705 711; x_wconf 83' lang='grc' dir='ltr'><em>μητρὶ2</em></span> <span class='ocrx_word' id='word_1_54' title='bbox 1723 661 1754 696; x_wconf 89' lang='grc' dir='ltr'>Β</span> 
     </span>
     <span class='ocr_line' id='line_1_7' title="bbox 164 724 1669 780; baseline 0 -14"><span class='ocrx_word' id='word_1_55' title='bbox 164 725 293 766; x_wconf 76' lang='grc' dir='ltr'><em>αὐτοῦ</em></span> <span class='ocrx_word' id='word_1_56' title='bbox 325 725 488 779; x_wconf 79' lang='grc' dir='ltr'><em>κυούσῃ</em></span> <span class='ocrx_word' id='word_1_57' title='bbox 521 724 648 766; x_wconf 75' lang='grc' dir='ltr'><em>αι”τὸν</em></span> <span class='ocrx_word' id='word_1_58' title='bbox 680 725 872 766; x_wconf 77' lang='grc' dir='ltr'><em>ἐνύπνιον</em></span> <span class='ocrx_word' id='word_1_59' title='bbox 905 725 1098 779; x_wconf 84' lang='grc' dir='ltr'><em>γενέσθαι</em></span> <span class='ocrx_word' id='word_1_60' title='bbox 1129 724 1200 766; x_wconf 85' lang='grc' dir='ltr'><em>καὶ</em></span> <span class='ocrx_word' id='word_1_61' title='bbox 1233 725 1352 773; x_wconf 81' lang='grc' dir='ltr'><em>δόξαι</em></span> <span class='ocrx_word' id='word_1_62' title='bbox 1383 724 1456 766; x_wconf 79' lang='grc' dir='ltr'><em>τὸν</em></span> <span class='ocrx_word' id='word_1_63' title='bbox 1482 725 1669 780; x_wconf 80' lang='grc' dir='ltr'><em>Ἀχιλλέα</em></span> 
     </span>
     <span class='ocr_line' id='line_1_8' title="bbox 162 793 1705 848; baseline 0 -14"><span class='ocrx_word' id='word_1_64' title='bbox 162 797 302 834; x_wconf 82' lang='grc' dir='ltr'><em>τεκεῖν.</em></span> <span class='ocrx_word' id='word_1_65' title='bbox 365 794 390 848; x_wconf 82' lang='grc' dir='ltr'>ἡ</span> <span class='ocrx_word' id='word_1_66' title='bbox 426 793 470 834; x_wconf 88' lang='grc' dir='ltr'><em>δὲ</em></span> <span class='ocrx_word' id='word_1_67' title='bbox 503 793 789 835; x_wconf 78' lang='grc' dir='ltr'><em>διυπνισθέῖσα</em></span> <span class='ocrx_word' id='word_1_68' title='bbox 822 794 893 834; x_wconf 84' lang='grc' dir='ltr'><em>καὶ</em></span> <span class='ocrx_word' id='word_1_69' title='bbox 924 793 970 834; x_wconf 87' lang='grc' dir='ltr'><em>τὸ</em></span> <span class='ocrx_word' id='word_1_70' title='bbox 1009 794 1114 848; x_wconf 79' lang='grc' dir='ltr'><em>ὄναρ</em></span> <span class='ocrx_word' id='word_1_71' title='bbox 1154 793 1408 848; x_wconf 74' lang='grc' dir='ltr'><em>διηγουμένη</em></span> <span class='ocrx_word' id='word_1_72' title='bbox 1447 798 1510 847; x_wconf 77' lang='grc' dir='ltr'><em>τῷ</em></span> <span class='ocrx_word' id='word_1_73' title='bbox 1548 793 1705 847; x_wconf 85' lang='grc' dir='ltr'><em>ᾶνδρὶ3</em></span> 
     </span>
     <span class='ocr_line' id='line_1_9' title="bbox 163 859 1864 916; baseline -0.001 -13"><span class='ocrx_word' id='word_1_74' title='bbox 163 862 275 904; x_wconf 68' lang='grc' dir='ltr'><em>ἔτεκε</em></span> <span class='ocrx_word' id='word_1_75' title='bbox 313 866 460 903; x_wconf 82' lang='grc' dir='ltr'><em>τοῦτον</em></span> <span class='ocrx_word' id='word_1_76' title='bbox 496 860 593 916; x_wconf 79' lang='grc' dir='ltr'><em>μήτ’</em></span> <span class='ocrx_word' id='word_1_77' title='bbox 635 862 804 903; x_wconf 82' lang='grc' dir='ltr'><em>ὠδίνων</em></span> <span class='ocrx_word' id='word_1_78' title='bbox 843 862 994 916; x_wconf 87' lang='grc' dir='ltr'><em>σχεδὸν</em></span> <span class='ocrx_word' id='word_1_79' title='bbox 1039 859 1102 903; x_wconf 75' lang='grc' dir='ltr'><em>ἐπ’</em></span> <span class='ocrx_word' id='word_1_80' title='bbox 1146 862 1263 916; x_wconf 71' lang='grc' dir='ltr'><em>αὐτῷ</em></span> <span class='ocrx_word' id='word_1_81' title='bbox 1306 862 1553 916; x_wconf 81' lang='grc' dir='ltr'><em>πειραθεῖσά</em></span> <span class='ocrx_word' id='word_1_82' title='bbox 1597 861 1802 903; x_wconf 71' lang='lat' dir='ltr'><strong>uatWIH</strong></span> <span class='ocrx_word' id='word_1_83' title='bbox 1821 867 1864 903; x_wconf 88' lang='grc'><em>18</em></span> 
     </span>
    </p>
   </div>
   <div class='ocr_carea' id='block_1_3' title="bbox 0 0 125 950">
    <p class='ocr_par' dir='ltr' id='par_1_3' title="bbox 0 0 125 950">
     <span class='ocr_line' id='line_1_10' title="bbox 0 0 125 950; baseline 0 0"><span class='ocrx_word' id='word_1_84' title='bbox 0 0 125 950; x_wconf 95' lang='lat' dir='ltr'><em> </em></span> 
     </span>
    </p>
   </div>
   <div class='ocr_carea' id='block_1_4' title="bbox 102 930 1704 1399">
    <p class='ocr_par' dir='ltr' id='par_1_4' title="bbox 162 930 1704 986">
     <span class='ocr_line' id='line_1_11' title="bbox 162 930 1704 986; baseline 0 -14"><span class='ocrx_word' id='word_1_85' title='bbox 162 934 340 972; x_wconf 86' lang='grc' dir='ltr'><em>τεκοῦσα</em></span> <span class='ocrx_word' id='word_1_86' title='bbox 372 930 470 984; x_wconf 79' lang='grc' dir='ltr'><em>πρὶν</em></span> <span class='ocrx_word' id='word_1_87' title='bbox 501 932 526 984; x_wconf 87' lang='grc' dir='ltr'><em>ἢ</em></span> <span class='ocrx_word' id='word_1_88' title='bbox 561 931 675 984; x_wconf 84' lang='grc' dir='ltr'><em>γνοίη</em></span> <span class='ocrx_word' id='word_1_89' title='bbox 709 930 771 976; x_wconf 84' lang='grc' dir='ltr'><em>ὡς</em></span> <span class='ocrx_word' id='word_1_90' title='bbox 801 930 938 984; x_wconf 82' lang='grc' dir='ltr'><em>μέλλει</em></span> <span class='ocrx_word' id='word_1_91' title='bbox 963 931 1118 972; x_wconf 79' lang='grc' dir='ltr'><em>τίκτειν.</em></span> <span class='ocrx_word' id='word_1_92' title='bbox 1181 931 1373 972; x_wconf 76' lang='grc' dir='ltr'><em>ἐντεῦθεν</em></span> <span class='ocrx_word' id='word_1_93' title='bbox 1392 931 1579 986; x_wconf 83' lang='grc' dir='ltr'><em>μεγάλας</em></span> <span class='ocrx_word' id='word_1_94' title='bbox 1600 930 1664 972; x_wconf 81' lang='grc' dir='ltr'><em>ἔπ’</em></span> <span class='ocrx_word' id='word_1_95' title='bbox 1679 935 1704 971; x_wconf 91' lang='grc'>4</span> 
     </span>
    </p>

    <p class='ocr_par' dir='ltr' id='par_1_5' title="bbox 106 999 1702 1330">
     <span class='ocr_line' id='line_1_12' title="bbox 106 999 1665 1054; baseline 0.001 -14"><span class='ocrx_word' id='word_1_96' title='bbox 106 1010 150 1046; x_wconf 87' lang='lat'><em>10</em></span> <span class='ocrx_word' id='word_1_97' title='bbox 163 999 281 1053; x_wconf 80' lang='grc' dir='ltr'><em>αὐτῷ</em></span> <span class='ocrx_word' id='word_1_98' title='bbox 318 999 540 1054; x_wconf 75' lang='grc' dir='ltr'><em>ἐσχηκότες</em></span> <span class='ocrx_word' id='word_1_99' title='bbox 577 999 746 1045; x_wconf 76' lang='grc' dir='ltr'><em>ἐλπίδας</em></span> <span class='ocrx_word' id='word_1_100' title='bbox 784 1000 824 1040; x_wconf 83' lang='grc' dir='ltr'><em>οἷ</em></span> <span class='ocrx_word' id='word_1_101' title='bbox 861 999 1011 1040; x_wconf 74' lang='grc' dir='ltr'><em>τούτου</em></span> <span class='ocrx_word' id='word_1_102' title='bbox 1045 1003 1177 1053; x_wconf 84' lang='grc' dir='ltr'><em>γονεῖς</em></span> <span class='ocrx_word' id='word_1_103' title='bbox 1208 999 1406 1054; x_wconf 77' lang='grc' dir='ltr'><em>Εὕσεβίῳ</em></span> <span class='ocrx_word' id='word_1_104' title='bbox 1437 1005 1499 1054; x_wconf 78' lang='grc' dir='ltr'><em>τῷ</em></span> <span class='ocrx_word' id='word_1_105' title='bbox 1530 999 1665 1041; x_wconf 88' lang='grc' dir='ltr'><em>Νικο-</em></span> 
     </span>
     <span class='ocr_line' id='line_1_13' title="bbox 161 1065 1668 1123; baseline 0.001 -14"><span class='ocrx_word' id='word_1_106' title='bbox 161 1068 338 1123; x_wconf 89' lang='grc' dir='ltr'><em>μηδείας</em></span> <span class='ocrx_word' id='word_1_107' title='bbox 377 1067 504 1109; x_wconf 69' lang='grc' dir='ltr'><em>αὐτὸν</em></span> <span class='ocrx_word' id='word_1_108' title='bbox 541 1068 873 1122; x_wconf 82' lang='grc' dir='ltr'><em>παραδεδώκασι</em></span> <span class='ocrx_word' id='word_1_109' title='bbox 912 1065 1012 1122; x_wconf 81' lang='grc' dir='ltr'><em>παρ’</em></span> <span class='ocrx_word' id='word_1_110' title='bbox 1054 1068 1182 1109; x_wconf 78' lang='grc' dir='ltr'><em>αὐτοῦ</em></span> <span class='ocrx_word' id='word_1_111' title='bbox 1222 1068 1556 1123; x_wconf 85' lang='grc' dir='ltr'><em>μυηθησόμενον</em></span> <span class='ocrx_word' id='word_1_112' title='bbox 1593 1068 1668 1123; x_wconf 85' lang='grc' dir='ltr'><em>τὴν</em></span> 
     </span>
     <span class='ocr_line' id='line_1_14' title="bbox 162 1136 1702 1192; baseline 0.001 -15"><span class='ocrx_word' id='word_1_113' title='bbox 162 1137 282 1178; x_wconf 85' lang='grc' dir='ltr'><em>θείαν</em></span> <span class='ocrx_word' id='word_1_114' title='bbox 314 1138 493 1191; x_wconf 79' lang='grc' dir='ltr'><em>γραφήν.</em></span> <span class='ocrx_word' id='word_1_115' title='bbox 556 1137 753 1191; x_wconf 84' lang='grc' dir='ltr'><em>Καίσαρα</em></span> <span class='ocrx_word' id='word_1_116' title='bbox 787 1136 832 1178; x_wconf 86' lang='grc' dir='ltr'><em>δὲ</em></span> <span class='ocrx_word' id='word_1_117' title='bbox 864 1141 1010 1178; x_wconf 86' lang='grc' dir='ltr'><em>τοῦτον</em></span> <span class='ocrx_word' id='word_1_118' title='bbox 1032 1137 1320 1191; x_wconf 82' lang='grc' dir='ltr'><em>ἀναγορεύσας</em></span> <span class='ocrx_word' id='word_1_119' title='bbox 1342 1137 1365 1178; x_wconf 87' lang='grc' dir='ltr'>ὁ</span> <span class='ocrx_word' id='word_1_120' title='bbox 1388 1137 1702 1192; x_wconf 81' lang='grc' dir='ltr'><em>αὖτοκράτωρῦ</em></span> 
     </span>
     <span class='ocr_line' id='line_1_15' title="bbox 163 1203 1665 1260; baseline 0 -13"><span class='ocrx_word' id='word_1_121' title='bbox 163 1206 455 1251; x_wconf 82' lang='grc' dir='ltr'><em>Κωνστάντιος</em></span> <span class='ocrx_word' id='word_1_122' title='bbox 487 1206 544 1252; x_wconf 83' lang='grc' dir='ltr'><em>εἰς</em></span> <span class='ocrx_word' id='word_1_123' title='bbox 564 1205 744 1252; x_wconf 84' lang='grc' dir='ltr'><em>Γαλλίας</em></span> <span class='ocrx_word' id='word_1_124' title='bbox 776 1206 985 1260; x_wconf 75' lang='grc' dir='ltr'><em>ἐξέπεμψε</em></span> <span class='ocrx_word' id='word_1_125' title='bbox 1016 1203 1103 1259; x_wconf 82' lang='grc' dir='ltr'><em>μετ’</em></span> <span class='ocrx_word' id='word_1_126' title='bbox 1139 1205 1291 1260; x_wconf 86' lang='grc' dir='ltr'><em>ὀλίγων</em></span> <span class='ocrx_word' id='word_1_127' title='bbox 1321 1206 1432 1247; x_wconf 83' lang='grc' dir='ltr'><em>πάνυ</em></span> <span class='ocrx_word' id='word_1_128' title='bbox 1466 1221 1665 1260; x_wconf 82' lang='grc' dir='ltr'><em>στρατιω-</em></span> 
     </span>
     <span class='ocr_line' id='line_1_16' title="bbox 160 1274 1702 1330; baseline 0.001 -15"><span class='ocrx_word' id='word_1_129' title='bbox 160 1277 259 1328; x_wconf 86' lang='grc' dir='ltr'><em>τῶν,</em></span> <span class='ocrx_word' id='word_1_130' title='bbox 309 1274 370 1320; x_wconf 85' lang='grc' dir='ltr'><em>ώς</em></span> <span class='ocrx_word' id='word_1_131' title='bbox 411 1274 610 1316; x_wconf 79' lang='grc' dir='ltr'><em>ὗπόνοιαν</em></span> <span class='ocrx_word' id='word_1_132' title='bbox 648 1274 840 1315; x_wconf 71' lang='grc' dir='ltr'><em>ἐντεῦθεν</em></span> <span class='ocrx_word' id='word_1_133' title='bbox 880 1274 1115 1328; x_wconf 73' lang='grc' dir='ltr'><em>ἐγγίνεσθαι</em></span> <span class='ocrx_word' id='word_1_134' title='bbox 1155 1274 1216 1316; x_wconf 81' lang='grc' dir='ltr'><em>ὅτι</em></span> <span class='ocrx_word' id='word_1_135' title='bbox 1256 1275 1307 1316; x_wconf 83' lang='grc' dir='ltr'><em>οὗ</em></span> <span class='ocrx_word' id='word_1_136' title='bbox 1347 1275 1556 1316; x_wconf 88' lang='grc' dir='ltr'><em>κοινωνὸν</em></span> <span class='ocrx_word' id='word_1_137' title='bbox 1593 1279 1702 1330; x_wconf 80' lang='grc' dir='ltr'><em>τῆςθ</em></span> 
     </span>
    </p>

    <p class='ocr_par' dir='ltr' id='par_1_6' title="bbox 102 1341 1666 1399">
     <span class='ocr_line' id='line_1_17' title="bbox 102 1341 1666 1399; baseline 0.001 -16"><span class='ocrx_word' id='word_1_138' title='bbox 102 1353 148 1389; x_wconf 81' lang='grc'><em>15</em></span> <span class='ocrx_word' id='word_1_139' title='bbox 162 1343 296 1397; x_wconf 82' lang='grc' dir='ltr'><em>ἀρχῆς</em></span> <span class='ocrx_word' id='word_1_140' title='bbox 327 1343 351 1383; x_wconf 87' lang='grc' dir='ltr'>ὁ</span> <span class='ocrx_word' id='word_1_141' title='bbox 383 1342 674 1389; x_wconf 86' lang='grc' dir='ltr'><em>Κωνστάντιος</em></span> <span class='ocrx_word' id='word_1_142' title='bbox 705 1343 831 1384; x_wconf 85' lang='grc' dir='ltr'><em>εἵλετο</em></span> <span class='ocrx_word' id='word_1_143' title='bbox 862 1342 934 1384; x_wconf 85' lang='grc' dir='ltr'><em>τὸν</em></span> <span class='ocrx_word' id='word_1_144' title='bbox 959 1342 1197 1391; x_wconf 83' lang='grc' dir='ltr'><em>Ἰουλιανόν,</em></span> <span class='ocrx_word' id='word_1_145' title='bbox 1231 1341 1317 1384; x_wconf 69' lang='grc' dir='ltr'><em>ἀλλ’</em></span> <span class='ocrx_word' id='word_1_146' title='bbox 1353 1344 1410 1389; x_wconf 85' lang='grc' dir='ltr'><em>εἷς</em></span> <span class='ocrx_word' id='word_1_147' title='bbox 1442 1343 1666 1399; x_wconf 74' lang='grc' dir='ltr'><em>ἐπιβουλῆς</em></span> 
     </span>
    </p>
   </div>
   <div class='ocr_carea' id='block_1_5' title="bbox 162 1481 1665 1529">
    <p class='ocr_par' dir='ltr' id='par_1_7' title="bbox 162 1481 1665 1529">
     <span class='ocr_line' id='line_1_18' title="bbox 162 1481 1665 1529; baseline 0.001 -13"><span class='ocrx_word' id='word_1_148' title='bbox 162 1482 180 1516; x_wconf 96' lang='grc'><strong>1</strong></span> <span class='ocrx_word' id='word_1_149' title='bbox 208 1482 258 1517; x_wconf 81' lang='grc' dir='ltr'><em>ὅτι</em></span> <span class='ocrx_word' id='word_1_150' title='bbox 276 1483 438 1527; x_wconf 83' lang='grc' dir='ltr'><em>Καίσαρα</em></span> <span class='ocrx_word' id='word_1_151' title='bbox 460 1481 518 1517; x_wconf 82' lang='grc' dir='ltr'><em>τὸν</em></span> <span class='ocrx_word' id='word_1_152' title='bbox 539 1481 730 1517; x_wconf 86' lang='grc' dir='ltr'><em>Ἰουλιανὸν</em></span> <span class='ocrx_word' id='word_1_153' title='bbox 755 1482 873 1517; x_wconf 83' lang='grc' dir='ltr'><em>ἀνεῖπε</em></span> <span class='ocrx_word' id='word_1_154' title='bbox 887 1482 1130 1522; x_wconf 85' lang='grc' dir='ltr'><em>Κωνστάντιος</em></span> <span class='ocrx_word' id='word_1_155' title='bbox 1156 1482 1310 1525; x_wconf 81' lang='grc' dir='ltr'><em>(ἀνεῖπεν</em></span> <span class='ocrx_word' id='word_1_156' title='bbox 1335 1483 1356 1517; x_wconf 84' lang='grc' dir='ltr'>ὁ</span> <span class='ocrx_word' id='word_1_157' title='bbox 1380 1496 1415 1518; x_wconf 83' lang='grc' dir='ltr'><em>κ.</em></span> <span class='ocrx_word' id='word_1_158' title='bbox 1443 1482 1489 1527; x_wconf 88' lang='grc' dir='ltr'><em>Ε)</em></span> <span class='ocrx_word' id='word_1_159' title='bbox 1515 1482 1576 1519; x_wconf 83' lang='grc' dir='ltr'><em>καὶ</em></span> <span class='ocrx_word' id='word_1_160' title='bbox 1602 1481 1665 1529; x_wconf 83' lang='grc' dir='ltr'><em>τὴν</em></span> 
     </span>
    </p>
   </div>
   <div class='ocr_carea' id='block_1_6' title="bbox 159 1529 1554 1576">
    <p class='ocr_par' dir='ltr' id='par_1_8' title="bbox 159 1529 1554 1576">
     <span class='ocr_line' id='line_1_19' title="bbox 159 1529 1554 1576; baseline 0.001 -11"><span class='ocrx_word' id='word_1_161' title='bbox 159 1529 320 1575; x_wconf 81' lang='grc' dir='ltr'><em>ἀδελφὴν</em></span> <span class='ocrx_word' id='word_1_162' title='bbox 341 1531 485 1575; x_wconf 85' lang='grc' dir='ltr'><em>Ἑλένην</em></span> <span class='ocrx_word' id='word_1_163' title='bbox 511 1530 644 1575; x_wconf 84' lang='grc' dir='ltr'><em>(ἐλένην</em></span> <span class='ocrx_word' id='word_1_164' title='bbox 669 1530 711 1575; x_wconf 82' lang='grc' dir='ltr'><em>Ε,</em></span> <span class='ocrx_word' id='word_1_165' title='bbox 741 1541 777 1565; x_wconf 84' lang='lat' dir='ltr'><em>V.</em></span> <span class='ocrx_word' id='word_1_166' title='bbox 806 1530 858 1565; x_wconf 80' lang='lat' dir='ltr'><em>ad</em></span> <span class='ocrx_word' id='word_1_167' title='bbox 885 1529 980 1565; x_wconf 86' lang='lat' dir='ltr'>XIII</span> <span class='ocrx_word' id='word_1_168' title='bbox 1008 1531 1039 1575; x_wconf 82' lang='lat' dir='ltr'><em>l,</em></span> <span class='ocrx_word' id='word_1_169' title='bbox 1067 1530 1102 1575; x_wconf 83' lang='lat'><em>2)</em></span> <span class='ocrx_word' id='word_1_170' title='bbox 1133 1531 1230 1576; x_wconf 82' lang='grc' dir='ltr'><em>αὐτῷ</em></span> <span class='ocrx_word' id='word_1_171' title='bbox 1257 1531 1463 1572; x_wconf 80' lang='grc' dir='ltr'><em>συνέζευξεν</em></span> <span class='ocrx_word' id='word_1_172' title='bbox 1490 1530 1554 1567; x_wconf 79' lang='grc' dir='ltr'><em>ΟΕ</em></span> 
     </span>
    </p>
   </div>
   <div class='ocr_carea' id='block_1_7' title="bbox 0 950 4 1590">
    <p class='ocr_par' dir='ltr' id='par_1_9' title="bbox 0 950 4 1590">
     <span class='ocr_line' id='line_1_20' title="bbox 0 950 4 1590; baseline 0 0"><span class='ocrx_word' id='word_1_173' title='bbox 0 950 4 1590; x_wconf 95' lang='lat' dir='ltr'><em> </em></span> 
     </span>
    </p>
   </div>
   <div class='ocr_carea' id='block_1_8' title="bbox 228 1661 1664 2236">
    <p class='ocr_par' dir='ltr' id='par_1_10' title="bbox 228 1661 1664 2236">
     <span class='ocr_line' id='line_1_21' title="bbox 233 1661 1664 1710; baseline 0.002 -14"><span class='ocrx_word' id='word_1_174' title='bbox 233 1661 251 1696; x_wconf 91' lang='grc'><strong>1</strong></span> <span class='ocrx_word' id='word_1_175' title='bbox 279 1662 351 1701; x_wconf 83' lang='grc' dir='ltr'><em>οἷός</em></span> <span class='ocrx_word' id='word_1_176' title='bbox 378 1661 465 1706; x_wconf 80' lang='lat' dir='ltr'><strong>(sio)</strong></span> <span class='ocrx_word' id='word_1_177' title='bbox 492 1662 544 1697; x_wconf 86' lang='grc' dir='ltr'><em>ὢν</em></span> <span class='ocrx_word' id='word_1_178' title='bbox 571 1661 606 1696; x_wconf 91' lang='lat' dir='ltr'>D</span> <span class='ocrx_word' id='word_1_179' title='bbox 713 1662 743 1698; x_wconf 91' lang='grc'><strong>1.</strong></span> <span class='ocrx_word' id='word_1_180' title='bbox 771 1661 793 1697; x_wconf 81' lang='lat'><strong>2</strong></span> <span class='ocrx_word' id='word_1_181' title='bbox 819 1662 1021 1698; x_wconf 86' lang='grc' dir='ltr'><em>διευθύνειν</em></span> <span class='ocrx_word' id='word_1_182' title='bbox 1047 1662 1109 1709; x_wconf 86' lang='grc' dir='ltr'><em>τὴν</em></span> <span class='ocrx_word' id='word_1_183' title='bbox 1134 1663 1243 1708; x_wconf 82' lang='grc' dir='ltr'><em>μόνος</em></span> <span class='ocrx_word' id='word_1_184' title='bbox 1269 1661 1332 1709; x_wconf 85' lang='grc' dir='ltr'><em>τὴν</em></span> <span class='ocrx_word' id='word_1_185' title='bbox 1358 1663 1444 1709; x_wconf 81' lang='grc' dir='ltr'><em>ὅλην</em></span> <span class='ocrx_word' id='word_1_186' title='bbox 1469 1662 1604 1710; x_wconf 83' lang='grc' dir='ltr'><em>ἀρχὴν</em></span> <span class='ocrx_word' id='word_1_187' title='bbox 1633 1661 1664 1699; x_wconf 88' lang='grc' dir='ltr'>Ε</span> 
     </span>
     <span class='ocr_line' id='line_1_22' title="bbox 230 1709 1662 1757; baseline 0.002 -13"><span class='ocrx_word' id='word_1_188' title='bbox 230 1709 253 1745; x_wconf 83' lang='grc'><strong>2</strong></span> <span class='ocrx_word' id='word_1_189' title='bbox 278 1715 339 1756; x_wconf 81' lang='grc' dir='ltr'><em>τῆς</em></span> <span class='ocrx_word' id='word_1_190' title='bbox 364 1712 503 1755; x_wconf 74' lang='lat' dir='ltr'><strong>antey</strong></span> <span class='ocrx_word' id='word_1_191' title='bbox 508 1715 547 1755; x_wconf 87' lang='grc' dir='ltr'><em>ῆς</em></span> <span class='ocrx_word' id='word_1_192' title='bbox 575 1709 667 1744; x_wconf 84' lang='lat' dir='ltr'>add.</span> <span class='ocrx_word' id='word_1_193' title='bbox 694 1709 727 1745; x_wconf 85' lang='lat' dir='ltr'><strong>R</strong></span> <span class='ocrx_word' id='word_1_194' title='bbox 856 1710 879 1745; x_wconf 84' lang='lat'>4</span> <span class='ocrx_word' id='word_1_195' title='bbox 905 1709 979 1746; x_wconf 87' lang='grc' dir='ltr'><em>εἶπε</em></span> <span class='ocrx_word' id='word_1_196' title='bbox 1005 1711 1036 1746; x_wconf 87' lang='grc' dir='ltr'>Ε</span> <span class='ocrx_word' id='word_1_197' title='bbox 1163 1711 1261 1757; x_wconf 81' lang='grc' dir='ltr'><em>ἕλε’νη</em></span> <span class='ocrx_word' id='word_1_198' title='bbox 1264 1725 1283 1746; x_wconf 96' lang='grc' dir='ltr'><em>ν</em></span> <span class='ocrx_word' id='word_1_199' title='bbox 1310 1710 1408 1756; x_wconf 79' lang='lat' dir='ltr'>OSW,</span> <span class='ocrx_word' id='word_1_200' title='bbox 1435 1711 1557 1757; x_wconf 78' lang='grc' dir='ltr'><em>ἔλένην</em></span> <span class='ocrx_word' id='word_1_201' title='bbox 1582 1710 1662 1756; x_wconf 88' lang='grc' dir='ltr'><em>ΑΕ,</em></span> 
     </span>
     <span class='ocr_line' id='line_1_23' title="bbox 230 1724 1664 1805; baseline 0.002 -13"><span class='ocrx_word' id='word_1_202' title='bbox 230 1768 268 1793; x_wconf 85' lang='lat' dir='ltr'><em>v.</em></span> <span class='ocrx_word' id='word_1_203' title='bbox 295 1757 348 1793; x_wconf 82' lang='lat' dir='ltr'><em>ad.</em></span> <span class='ocrx_word' id='word_1_204' title='bbox 374 1757 470 1793; x_wconf 92' lang='lat' dir='ltr'>XIII</span> <span class='ocrx_word' id='word_1_205' title='bbox 485 1724 530 1803; x_wconf 72' lang='grc' dir='ltr'><em>γΙη,</em></span> <span class='ocrx_word' id='word_1_206' title='bbox 555 1758 578 1793; x_wconf 81' lang='grc'>2</span> <span class='ocrx_word' id='word_1_207' title='bbox 697 1758 718 1793; x_wconf 83' lang='grc'>6</span> <span class='ocrx_word' id='word_1_208' title='bbox 744 1758 911 1793; x_wconf 81' lang='grc' dir='ltr'><em>ἀνύπνισν</em></span> <span class='ocrx_word' id='word_1_209' title='bbox 941 1758 977 1793; x_wconf 95' lang='lat' dir='ltr'>D</span> <span class='ocrx_word' id='word_1_210' title='bbox 1106 1760 1188 1801; x_wconf 82' lang='grc' dir='ltr'><em>δόξε</em></span> <span class='ocrx_word' id='word_1_211' title='bbox 1214 1725 1261 1794; x_wconf 84' lang='grc' dir='ltr'><em>Εη</em></span> <span class='ocrx_word' id='word_1_212' title='bbox 1366 1760 1488 1805; x_wconf 85' lang='grc' dir='ltr'><em>ἀχιλέα</em></span> <span class='ocrx_word' id='word_1_213' title='bbox 1515 1760 1601 1805; x_wconf 85' lang='lat' dir='ltr'><strong>(sic)</strong></span> <span class='ocrx_word' id='word_1_214' title='bbox 1628 1759 1664 1794; x_wconf 93' lang='lat' dir='ltr'>A</span> 
     </span>
     <span class='ocr_line' id='line_1_24' title="bbox 231 1805 1663 1852; baseline 0.001 -11"><span class='ocrx_word' id='word_1_215' title='bbox 231 1805 251 1841; x_wconf 81' lang='grc'>7</span> <span class='ocrx_word' id='word_1_216' title='bbox 278 1805 325 1841; x_wconf 79' lang='grc' dir='ltr'><em>δι’</em></span> <span class='ocrx_word' id='word_1_217' title='bbox 348 1806 557 1841; x_wconf 82' lang='grc' dir='ltr'><em>ὖπνισθεΐσα</em></span> <span class='ocrx_word' id='word_1_218' title='bbox 583 1806 664 1850; x_wconf 88' lang='grc' dir='ltr'>ΑΙ),</span> <span class='ocrx_word' id='word_1_219' title='bbox 692 1817 795 1842; x_wconf 77' lang='lat' dir='ltr'><strong>corr.</strong></span> <span class='ocrx_word' id='word_1_220' title='bbox 820 1806 889 1845; x_wconf 85' lang='lat' dir='ltr'><em>Dw</em></span> <span class='ocrx_word' id='word_1_221' title='bbox 987 1807 1010 1842; x_wconf 88' lang='lat'>8</span> <span class='ocrx_word' id='word_1_222' title='bbox 1033 1807 1120 1852; x_wconf 84' lang='grc' dir='ltr'><em>μηδ’</em></span> <span class='ocrx_word' id='word_1_223' title='bbox 1147 1805 1214 1851; x_wconf 82' lang='lat' dir='ltr'><em>Di,</em></span> <span class='ocrx_word' id='word_1_224' title='bbox 1245 1807 1317 1843; x_wconf 81' lang='lat' dir='ltr'><em>sed</em></span> <span class='ocrx_word' id='word_1_225' title='bbox 1345 1819 1382 1843; x_wconf 93' lang='lat' dir='ltr'><em>v.</em></span> <span class='ocrx_word' id='word_1_226' title='bbox 1409 1807 1565 1843; x_wconf 78' lang='lat' dir='ltr'><strong>Wineri</strong></span> <span class='ocrx_word' id='word_1_227' title='bbox 1593 1808 1663 1844; x_wconf 75' lang='lat' dir='ltr'><em>Gr.</em></span> 
     </span>
     <span class='ocr_line' id='line_1_25' title="bbox 230 1852 1664 1901; baseline 0.001 -13"><span class='ocrx_word' id='word_1_228' title='bbox 230 1854 268 1889; x_wconf 81' lang='lat' dir='ltr'><em>d.</em></span> <span class='ocrx_word' id='word_1_229' title='bbox 295 1855 401 1889; x_wconf 76' lang='lat' dir='ltr'><strong>neut.</strong></span> <span class='ocrx_word' id='word_1_230' title='bbox 428 1852 645 1899; x_wconf 78' lang='lat' dir='ltr'><strong>Sprachz‘d.</strong></span> <span class='ocrx_word' id='word_1_231' title='bbox 674 1859 692 1895; x_wconf 57' lang='grc' dir='ltr'><em>ς’</em></span> <span class='ocrx_word' id='word_1_232' title='bbox 719 1854 776 1896; x_wconf 80' lang='lat'><em>55,</em></span> <span class='ocrx_word' id='word_1_233' title='bbox 792 1855 813 1889; x_wconf 82' lang='lat'>7</span> <span class='ocrx_word' id='word_1_234' title='bbox 840 1858 880 1890; x_wconf 85' lang='lat' dir='ltr'><em>et</em></span> <span class='ocrx_word' id='word_1_235' title='bbox 905 1853 1072 1890; x_wconf 85' lang='lat' dir='ltr'><strong>Frankii</strong></span> <span class='ocrx_word' id='word_1_236' title='bbox 1099 1855 1149 1891; x_wconf 88' lang='lat' dir='ltr'><strong>de</strong></span> <span class='ocrx_word' id='word_1_237' title='bbox 1175 1865 1254 1891; x_wconf 88' lang='lat' dir='ltr'><em>usu</em></span> <span class='ocrx_word' id='word_1_238' title='bbox 1280 1859 1382 1901; x_wconf 83' lang='lat' dir='ltr'><strong>part.</strong></span> <span class='ocrx_word' id='word_1_239' title='bbox 1409 1855 1493 1891; x_wconf 81' lang='grc' dir='ltr'><em>οὐδὲ</em></span> <span class='ocrx_word' id='word_1_240' title='bbox 1518 1859 1558 1891; x_wconf 89' lang='lat' dir='ltr'><em>et</em></span> <span class='ocrx_word' id='word_1_241' title='bbox 1584 1855 1664 1890; x_wconf 77' lang='grc' dir='ltr'><em>οὔτε</em></span> 
     </span>
     <span class='ocr_line' id='line_1_26' title="bbox 231 1901 1663 1949; baseline 0.002 -13"><span class='ocrx_word' id='word_1_242' title='bbox 231 1901 374 1938; x_wconf 85' lang='lat' dir='ltr'><strong>Rintel.</strong></span> <span class='ocrx_word' id='word_1_243' title='bbox 403 1902 494 1937; x_wconf 86' lang='lat'>1833</span> <span class='ocrx_word' id='word_1_244' title='bbox 522 1913 558 1948; x_wconf 77' lang='lat' dir='ltr'><em>p.</em></span> <span class='ocrx_word' id='word_1_245' title='bbox 586 1903 630 1937; x_wconf 86' lang='grc'><strong>18</strong></span> <span class='ocrx_word' id='word_1_246' title='bbox 685 1912 701 1946; x_wconf 12' lang='grc' dir='ltr'><em>μ’</em></span> <span class='ocrx_word' id='word_1_247' title='bbox 733 1902 858 1948; x_wconf 86' lang='grc' dir='ltr'><em>σχεδὸν</em></span> <span class='ocrx_word' id='word_1_248' title='bbox 882 1902 936 1938; x_wconf 81' lang='grc' dir='ltr'><em>ἐπ’</em></span> <span class='ocrx_word' id='word_1_249' title='bbox 964 1903 1061 1938; x_wconf 85' lang='grc' dir='ltr'><em>αὐτῶ</em></span> <span class='ocrx_word' id='word_1_250' title='bbox 1087 1902 1266 1949; x_wconf 88' lang='lat' dir='ltr'><strong>AR(wp)‚</strong></span> <span class='ocrx_word' id='word_1_251' title='bbox 1291 1903 1329 1938; x_wconf 81' lang='grc' dir='ltr'><em>ἐν</em></span> <span class='ocrx_word' id='word_1_252' title='bbox 1354 1904 1451 1939; x_wconf 82' lang='grc' dir='ltr'><em>αὐτῶ</em></span> <span class='ocrx_word' id='word_1_253' title='bbox 1478 1904 1606 1949; x_wconf 86' lang='grc' dir='ltr'><em>σχεδὸν</em></span> <span class='ocrx_word' id='word_1_254' title='bbox 1632 1904 1663 1939; x_wconf 86' lang='grc' dir='ltr'>Ε</span> 
     </span>
     <span class='ocr_line' id='line_1_27' title="bbox 231 1949 1662 1997; baseline 0.002 -13"><span class='ocrx_word' id='word_1_255' title='bbox 231 1949 253 1985; x_wconf 89' lang='grc'>9</span> <span class='ocrx_word' id='word_1_256' title='bbox 277 1949 380 1996; x_wconf 87' lang='grc' dir='ltr'><em>πρινὴ</em></span> <span class='ocrx_word' id='word_1_257' title='bbox 408 1951 494 1994; x_wconf 79' lang='lat' dir='ltr'><strong>(sic)</strong></span> <span class='ocrx_word' id='word_1_258' title='bbox 521 1950 556 1985; x_wconf 87' lang='lat' dir='ltr'><strong>A</strong></span> <span class='ocrx_word' id='word_1_259' title='bbox 690 1957 801 1986; x_wconf 78' lang='grc' dir='ltr'><em>τεκεῖν</em></span> <span class='ocrx_word' id='word_1_260' title='bbox 828 1951 859 1986; x_wconf 90' lang='grc' dir='ltr'>Ε</span> <span class='ocrx_word' id='word_1_261' title='bbox 987 1952 1020 1986; x_wconf 82' lang='grc'><em>9.</em></span> <span class='ocrx_word' id='word_1_262' title='bbox 1049 1952 1094 1987; x_wconf 92' lang='grc'><em>10</em></span> <span class='ocrx_word' id='word_1_263' title='bbox 1116 1952 1270 1997; x_wconf 84' lang='grc' dir='ltr'><em>μεγάλας</em></span> <span class='ocrx_word' id='word_1_264' title='bbox 1294 1951 1349 1986; x_wconf 78' lang='grc' dir='ltr'><em>ἐπ’</em></span> <span class='ocrx_word' id='word_1_265' title='bbox 1375 1952 1472 1997; x_wconf 79' lang='grc' dir='ltr'><em>αὐτῷ</em></span> <span class='ocrx_word' id='word_1_266' title='bbox 1499 1952 1581 1996; x_wconf 86' lang='lat' dir='ltr'><em>AR,</em></span> <span class='ocrx_word' id='word_1_267' title='bbox 1608 1950 1662 1987; x_wconf 82' lang='grc' dir='ltr'><em>ἐπ’</em></span> 
     </span>
     <span class='ocr_line' id='line_1_28' title="bbox 230 1998 1664 2046; baseline 0.002 -14"><span class='ocrx_word' id='word_1_268' title='bbox 230 1998 326 2043; x_wconf 84' lang='grc' dir='ltr'><em>αὐτῷ</em></span> <span class='ocrx_word' id='word_1_269' title='bbox 349 1998 501 2043; x_wconf 82' lang='grc' dir='ltr'><em>μεγάλας</em></span> <span class='ocrx_word' id='word_1_270' title='bbox 527 1998 695 2045; x_wconf 75' lang='lat' dir='ltr'><em>Ewap</em></span> <span class='ocrx_word' id='word_1_271' title='bbox 796 1999 841 2034; x_wconf 90' lang='lat'><em>10</em></span> <span class='ocrx_word' id='word_1_272' title='bbox 865 1999 1006 2038; x_wconf 81' lang='grc' dir='ltr'><em>ἐλπίδας</em></span> <span class='ocrx_word' id='word_1_273' title='bbox 1034 2010 1109 2035; x_wconf 86' lang='lat' dir='ltr'><em>om.</em></span> <span class='ocrx_word' id='word_1_274' title='bbox 1137 1999 1185 2044; x_wconf 89' lang='lat' dir='ltr'><em>D,</em></span> <span class='ocrx_word' id='word_1_275' title='bbox 1213 1999 1304 2035; x_wconf 86' lang='lat' dir='ltr'>add.</span> <span class='ocrx_word' id='word_1_276' title='bbox 1333 1999 1402 2038; x_wconf 88' lang='lat' dir='ltr'><em>Dw</em></span> <span class='ocrx_word' id='word_1_277' title='bbox 1501 2001 1544 2035; x_wconf 92' lang='lat'><em>11</em></span> <span class='ocrx_word' id='word_1_278' title='bbox 1573 2003 1664 2046; x_wconf 83' lang='lat' dir='ltr'><strong>post</strong></span> 
     </span>
     <span class='ocr_line' id='line_1_29' title="bbox 228 2046 1663 2091; baseline 0.001 -10"><span class='ocrx_word' id='word_1_279' title='bbox 228 2046 526 2091; x_wconf 81' lang='grc' dir='ltr'><em>παραδεδώκασιν</em></span> <span class='ocrx_word' id='word_1_280' title='bbox 553 2047 638 2088; x_wconf 77' lang='lat' dir='ltr'><strong>(Sic)</strong></span> <span class='ocrx_word' id='word_1_281' title='bbox 665 2046 756 2082; x_wconf 84' lang='lat' dir='ltr'><strong>add.</strong></span> <span class='ocrx_word' id='word_1_282' title='bbox 784 2047 834 2086; x_wconf 88' lang='grc' dir='ltr'><em>ὡς</em></span> <span class='ocrx_word' id='word_1_283' title='bbox 860 2047 891 2082; x_wconf 90' lang='grc' dir='ltr'>Ε</span> <span class='ocrx_word' id='word_1_284' title='bbox 991 2048 1036 2083; x_wconf 88' lang='grc'><em>13</em></span> <span class='ocrx_word' id='word_1_285' title='bbox 1061 2048 1293 2087; x_wconf 82' lang='grc' dir='ltr'><em>κωνστάντιος</em></span> <span class='ocrx_word' id='word_1_286' title='bbox 1320 2058 1395 2084; x_wconf 88' lang='lat' dir='ltr'><em>om.</em></span> <span class='ocrx_word' id='word_1_287' title='bbox 1412 2047 1441 2084; x_wconf 86' lang='lat' dir='ltr'><strong>C</strong></span> <span class='ocrx_word' id='word_1_288' title='bbox 1541 2049 1596 2084; x_wconf 87' lang='lat'><em>13.</em></span> <span class='ocrx_word' id='word_1_289' title='bbox 1618 2049 1663 2083; x_wconf 88' lang='lat'><em>14</em></span> 
     </span>
     <span class='ocr_line' id='line_1_30' title="bbox 229 2094 1663 2141; baseline 0.002 -13"><span class='ocrx_word' id='word_1_290' title='bbox 229 2094 305 2139; x_wconf 81' lang='grc' dir='ltr'><em>μετ’</em></span> <span class='ocrx_word' id='word_1_291' title='bbox 319 2094 447 2139; x_wconf 83' lang='grc' dir='ltr'><em>ὀλίγων</em></span> <span class='ocrx_word' id='word_1_292' title='bbox 459 2094 551 2130; x_wconf 87' lang='grc' dir='ltr'><em>πάνυ</em></span> <span class='ocrx_word' id='word_1_293' title='bbox 566 2100 790 2140; x_wconf 82' lang='grc' dir='ltr'><em>στρατιωτῶν</em></span> <span class='ocrx_word' id='word_1_294' title='bbox 803 2096 853 2134; x_wconf 83' lang='grc' dir='ltr'><em>εἷς</em></span> <span class='ocrx_word' id='word_1_295' title='bbox 866 2096 1005 2140; x_wconf 87' lang='grc' dir='ltr'><em>γαλλίας</em></span> <span class='ocrx_word' id='word_1_296' title='bbox 1019 2096 1217 2141; x_wconf 79' lang='grc' dir='ltr'><em>ἐξέπεμψεν</em></span> <span class='ocrx_word' id='word_1_297' title='bbox 1234 2095 1332 2140; x_wconf 80' lang='lat' dir='ltr'><strong>(Sic),</strong></span> <span class='ocrx_word' id='word_1_298' title='bbox 1354 2095 1405 2135; x_wconf 82' lang='grc' dir='ltr'><em>ὥς</em></span> <span class='ocrx_word' id='word_1_299' title='bbox 1419 2096 1452 2131; x_wconf 85' lang='grc' dir='ltr'>Ε</span> <span class='ocrx_word' id='word_1_300' title='bbox 1542 2096 1587 2131; x_wconf 83' lang='grc'><strong>15</strong></span> <span class='ocrx_word' id='word_1_301' title='bbox 1605 2096 1663 2131; x_wconf 84' lang='grc' dir='ltr'><em>τὸν</em></span> 
     </span>
     <span class='ocr_line' id='line_1_31' title="bbox 231 2142 1662 2191; baseline 0.001 -14"><span class='ocrx_word' id='word_1_302' title='bbox 231 2142 404 2177; x_wconf 84' lang='grc' dir='ltr'><em>ἰουλιανὸν</em></span> <span class='ocrx_word' id='word_1_303' title='bbox 428 2143 448 2177; x_wconf 88' lang='grc' dir='ltr'><em>ό</em></span> <span class='ocrx_word' id='word_1_304' title='bbox 473 2143 708 2182; x_wconf 81' lang='grc' dir='ltr'><em>κωνστάντιος</em></span> <span class='ocrx_word' id='word_1_305' title='bbox 731 2143 840 2178; x_wconf 69' lang='grc' dir='ltr'><em>εἵλετο</em></span> <span class='ocrx_word' id='word_1_306' title='bbox 866 2143 965 2189; x_wconf 87' lang='lat' dir='ltr'><strong>pr</strong></span> <span class='ocrx_word' id='word_1_307' title='bbox 1107 2144 1296 2190; x_wconf 81' lang='grc' dir='ltr'><em>ἐπιβουλῆς</em></span> <span class='ocrx_word' id='word_1_308' title='bbox 1323 2143 1472 2190; x_wconf 83' lang='lat' dir='ltr'><em>Apr,</em></span> <span class='ocrx_word' id='word_1_309' title='bbox 1499 2143 1555 2179; x_wconf 79' lang='grc' dir='ltr'><em>ἐπὶ</em></span> <span class='ocrx_word' id='word_1_310' title='bbox 1578 2145 1662 2191; x_wconf 85' lang='grc' dir='ltr'><em>βου-</em></span> 
     </span>
     <span class='ocr_line' id='line_1_32' title="bbox 229 2190 350 2236; baseline 0 -11"><span class='ocrx_word' id='word_1_311' title='bbox 229 2190 292 2236; x_wconf 87' lang='grc' dir='ltr'><em>λῆς</em></span> <span class='ocrx_word' id='word_1_312' title='bbox 319 2190 350 2225; x_wconf 91' lang='grc' dir='ltr'>Ε</span> 
     </span>
    </p>
   </div>
   <div class='ocr_carea' id='block_1_9' title="bbox 0 1521 45 2223">
    <p class='ocr_par' dir='ltr' id='par_1_11' title="bbox 0 1521 45 2223">
     <span class='ocr_line' id='line_1_33' title="bbox 0 1521 45 2223; baseline 0 1079"><span class='ocrx_word' id='word_1_313' title='bbox 0 1521 45 2223; x_wconf 95' lang='lat' dir='ltr'><em> </em></span> 
     </span>
    </p>
   </div>
   <div class='ocr_carea' id='block_1_10' title="bbox 139 2318 1695 2991">
    <p class='ocr_par' dir='ltr' id='par_1_12' title="bbox 139 2318 1695 2607">
     <span class='ocr_line' id='line_1_34' title="bbox 279 2318 1659 2367; baseline 0.001 -12"><span class='ocrx_word' id='word_1_314' title='bbox 279 2320 334 2356; x_wconf 90' lang='grc'><strong>10.</strong></span> <span class='ocrx_word' id='word_1_315' title='bbox 386 2318 647 2357; x_wconf 76' lang='lat' dir='ltr'>Constantius</span> <span class='ocrx_word' id='word_1_316' title='bbox 674 2325 821 2366; x_wconf 87' lang='lat' dir='ltr'><strong>autem,</strong></span> <span class='ocrx_word' id='word_1_317' title='bbox 861 2330 952 2357; x_wconf 89' lang='lat' dir='ltr'><em>cum</em></span> <span class='ocrx_word' id='word_1_318' title='bbox 979 2330 1061 2357; x_wconf 88' lang='lat' dir='ltr'><em>non</em></span> <span class='ocrx_word' id='word_1_319' title='bbox 1096 2324 1232 2367; x_wconf 87' lang='lat' dir='ltr'><strong>posset</strong></span> <span class='ocrx_word' id='word_1_320' title='bbox 1263 2323 1393 2357; x_wconf 87' lang='lat' dir='ltr'><strong>totum</strong></span> <span class='ocrx_word' id='word_1_321' title='bbox 1423 2320 1659 2367; x_wconf 86' lang='lat' dir='ltr'><strong>gubernare</strong></span> 
     </span>
     <span class='ocr_line' id='line_1_35' title="bbox 158 2368 1660 2414; baseline 0.001 -11"><span class='ocrx_word' id='word_1_322' title='bbox 158 2368 267 2404; x_wconf 86' lang='lat' dir='ltr'><strong>solus</strong></span> <span class='ocrx_word' id='word_1_323' title='bbox 302 2368 515 2414; x_wconf 84' lang='lat' dir='ltr'><strong>imperium</strong></span> <span class='ocrx_word' id='word_1_324' title='bbox 555 2371 724 2414; x_wconf 83' lang='lat' dir='ltr'><strong>tantum,</strong></span> <span class='ocrx_word' id='word_1_325' title='bbox 762 2373 807 2404; x_wconf 94' lang='lat' dir='ltr'><em>ut</em></span> <span class='ocrx_word' id='word_1_326' title='bbox 840 2369 892 2404; x_wconf 83' lang='lat' dir='ltr'><em>ab</em></span> <span class='ocrx_word' id='word_1_327' title='bbox 925 2369 1116 2405; x_wconf 79' lang='lat' dir='ltr'><strong>extremis</strong></span> <span class='ocrx_word' id='word_1_328' title='bbox 1149 2370 1235 2405; x_wconf 87' lang='lat' dir='ltr'><strong>fere</strong></span> <span class='ocrx_word' id='word_1_329' title='bbox 1266 2369 1416 2405; x_wconf 84' lang='lat' dir='ltr'><strong>finibus</strong></span> <span class='ocrx_word' id='word_1_330' title='bbox 1443 2373 1577 2405; x_wconf 87' lang='lat' dir='ltr'><strong>terrae</strong></span> <span class='ocrx_word' id='word_1_331' title='bbox 1606 2370 1660 2405; x_wconf 88' lang='lat' dir='ltr'><em>ad</em></span> 
     </span>
     <span class='ocr_line' id='line_1_36' title="bbox 159 2416 1659 2462; baseline 0.001 -10"><span class='ocrx_word' id='word_1_332' title='bbox 159 2419 362 2452; x_wconf 83' lang='lat' dir='ltr'><strong>extremos</strong></span> <span class='ocrx_word' id='word_1_333' title='bbox 395 2416 495 2452; x_wconf 88' lang='lat' dir='ltr'><strong>fines</strong></span> <span class='ocrx_word' id='word_1_334' title='bbox 529 2417 747 2462; x_wconf 83' lang='lat' dir='ltr'><strong>pertinens,</strong></span> <span class='ocrx_word' id='word_1_335' title='bbox 779 2416 947 2453; x_wconf 85' lang='lat' dir='ltr'><strong>Athenis</strong></span> <span class='ocrx_word' id='word_1_336' title='bbox 975 2416 1079 2453; x_wconf 86' lang='lat' dir='ltr'><strong>Galli</strong></span> <span class='ocrx_word' id='word_1_337' title='bbox 1111 2418 1277 2452; x_wconf 82' lang='lat' dir='ltr'><strong>fratrem</strong></span> <span class='ocrx_word' id='word_1_338' title='bbox 1302 2416 1503 2452; x_wconf 84' lang='lat' dir='ltr'><strong>Iulianum</strong></span> <span class='ocrx_word' id='word_1_339' title='bbox 1529 2427 1659 2453; x_wconf 84' lang='lat' dir='ltr'><strong>arces-</strong></span> 
     </span>
     <span class='ocr_line' id='line_1_37' title="bbox 139 2463 1657 2507; baseline 0.001 -8"><span class='ocrx_word' id='word_1_340' title='bbox 139 2465 278 2500; x_wconf 67' lang='lat' dir='ltr'><strong>‘situm</strong></span> <span class='ocrx_word' id='word_1_341' title='bbox 304 2463 518 2500; x_wconf 83' lang='lat' dir='ltr'><strong>Caesarem</strong></span> <span class='ocrx_word' id='word_1_342' title='bbox 547 2464 781 2507; x_wconf 76' lang='lat' dir='ltr'><strong>declaravit,</strong></span> <span class='ocrx_word' id='word_1_343' title='bbox 808 2465 964 2500; x_wconf 83' lang='lat' dir='ltr'><strong>Helena</strong></span> <span class='ocrx_word' id='word_1_344' title='bbox 991 2466 1032 2500; x_wconf 90' lang='lat' dir='ltr'><em>in</em></span> <span class='ocrx_word' id='word_1_345' title='bbox 1058 2465 1358 2500; x_wconf 84' lang='lat' dir='ltr'><strong>matrimonium</strong></span> <span class='ocrx_word' id='word_1_346' title='bbox 1386 2465 1481 2500; x_wconf 80' lang='lat' dir='ltr'><strong>data</strong></span> <span class='ocrx_word' id='word_1_347' title='bbox 1507 2475 1657 2501; x_wconf 82' lang='lat' dir='ltr'><strong>sorore.</strong></span> 
     </span>
     <span class='ocr_line' id='line_1_38' title="bbox 157 2511 1695 2559; baseline 0.003 -12"><span class='ocrx_word' id='word_1_348' title='bbox 157 2511 309 2547; x_wconf 83' lang='lat' dir='ltr'><strong>Ferunt</strong></span> <span class='ocrx_word' id='word_1_349' title='bbox 335 2515 502 2548; x_wconf 84' lang='lat' dir='ltr'><strong>matrem</strong></span> <span class='ocrx_word' id='word_1_350' title='bbox 532 2513 619 2548; x_wconf 86' lang='lat' dir='ltr'><strong>eius</strong></span> <span class='ocrx_word' id='word_1_351' title='bbox 646 2516 943 2559; x_wconf 83' lang='lat' dir='ltr'><strong>praegnantem</strong></span> <span class='ocrx_word' id='word_1_352' title='bbox 970 2513 1063 2548; x_wconf 83' lang='lat' dir='ltr'><strong>alvo</strong></span> <span class='ocrx_word' id='word_1_353' title='bbox 1090 2523 1183 2548; x_wconf 88' lang='lat' dir='ltr'><strong>eum</strong></span> <span class='ocrx_word' id='word_1_354' title='bbox 1205 2514 1478 2548; x_wconf 84' lang='lat' dir='ltr'><strong>continentem</strong></span> <span class='ocrx_word' id='word_1_355' title='bbox 1497 2514 1538 2548; x_wconf 90' lang='lat' dir='ltr'><em>in</em></span> <span class='ocrx_word' id='word_1_356' title='bbox 1557 2515 1695 2551; x_wconf 82' lang='lat' dir='ltr'><strong>som-2</strong></span> 
     </span>
     <span class='ocr_line' id='line_1_39' title="bbox 156 2559 1695 2607; baseline 0.002 -12"><span class='ocrx_word' id='word_1_357' title='bbox 156 2560 219 2595; x_wconf 84' lang='lat' dir='ltr'><em>nis</em></span> <span class='ocrx_word' id='word_1_358' title='bbox 245 2560 372 2595; x_wconf 84' lang='lat' dir='ltr'><strong>visam</strong></span> <span class='ocrx_word' id='word_1_359' title='bbox 406 2569 494 2596; x_wconf 87' lang='lat' dir='ltr'><strong>esse</strong></span> <span class='ocrx_word' id='word_1_360' title='bbox 519 2559 712 2596; x_wconf 82' lang='lat' dir='ltr'><strong>Achillem</strong></span> <span class='ocrx_word' id='word_1_361' title='bbox 748 2571 904 2607; x_wconf 81' lang='lat' dir='ltr'><strong>parere.</strong></span> <span class='ocrx_word' id='word_1_362' title='bbox 957 2561 1206 2606; x_wconf 84' lang='lat' dir='ltr'><strong>Expcrrecta</strong></span> <span class='ocrx_word' id='word_1_363' title='bbox 1233 2571 1282 2596; x_wconf 85' lang='lat' dir='ltr'><em>ac</em></span> <span class='ocrx_word' id='word_1_364' title='bbox 1308 2561 1463 2596; x_wconf 90' lang='lat' dir='ltr'><strong>somnio</strong></span> <span class='ocrx_word' id='word_1_365' title='bbox 1489 2564 1695 2600; x_wconf 84' lang='lat' dir='ltr'><strong>narrato3</strong></span> 
     </span>
    </p>

    <p class='ocr_par' dir='ltr' id='par_1_13' title="bbox 156 2608 1694 2991">
     <span class='ocr_line' id='line_1_40' title="bbox 157 2608 1657 2655; baseline 0.002 -13.084"><span class='ocrx_word' id='word_1_366' title='bbox 157 2608 300 2643; x_wconf 87' lang='lat' dir='ltr'><strong>marito</strong></span> <span class='ocrx_word' id='word_1_367' title='bbox 328 2609 485 2654; x_wconf 81' lang='lat' dir='ltr'><strong>peperit</strong></span> <span class='ocrx_word' id='word_1_368' title='bbox 512 2608 619 2643; x_wconf 89' lang='lat' dir='ltr'><strong>hunc</strong></span> <span class='ocrx_word' id='word_1_369' title='bbox 644 2619 779 2654; x_wconf 87' lang='lat' dir='ltr'><strong>neque</strong></span> <span class='ocrx_word' id='word_1_370' title='bbox 799 2609 1006 2644; x_wconf 79' lang='lat' dir='ltr'><strong>doloribus</strong></span> <span class='ocrx_word' id='word_1_371' title='bbox 1027 2618 1156 2655; x_wconf 87' lang='lat' dir='ltr'><strong>paene</strong></span> <span class='ocrx_word' id='word_1_372' title='bbox 1176 2611 1326 2643; x_wconf 82' lang='lat' dir='ltr'><strong>vexata</strong></span> <span class='ocrx_word' id='word_1_373' title='bbox 1345 2611 1384 2644; x_wconf 89' lang='lat' dir='ltr'><em>et</em></span> <span class='ocrx_word' id='word_1_374' title='bbox 1403 2609 1517 2644; x_wconf 86' lang='lat' dir='ltr'><strong>foetu</strong></span> <span class='ocrx_word' id='word_1_375' title='bbox 1535 2609 1657 2652; x_wconf 88' lang='lat' dir='ltr'><strong>edito,</strong></span> 
     </span>
     <span class='ocr_line' id='line_1_41' title="bbox 156 2655 1694 2703; baseline 0.001 -12"><span class='ocrx_word' id='word_1_376' title='bbox 156 2659 374 2700; x_wconf 85' lang='lat' dir='ltr'><strong>antequam</strong></span> <span class='ocrx_word' id='word_1_377' title='bbox 395 2659 612 2701; x_wconf 80' lang='lat' dir='ltr'><strong>cognosset</strong></span> <span class='ocrx_word' id='word_1_378' title='bbox 640 2667 683 2692; x_wconf 86' lang='lat' dir='ltr'><em>se</em></span> <span class='ocrx_word' id='word_1_379' title='bbox 703 2666 791 2692; x_wconf 81' lang='lat' dir='ltr'><strong>esse</strong></span> <span class='ocrx_word' id='word_1_380' title='bbox 819 2657 975 2703; x_wconf 75' lang='lat' dir='ltr'><strong>par-itui</strong></span> <span class='ocrx_word' id='word_1_381' title='bbox 978 2667 1053 2692; x_wconf 86' lang='lat' dir='ltr'><em>am.</em></span> <span class='ocrx_word' id='word_1_382' title='bbox 1104 2655 1209 2691; x_wconf 87' lang='lat' dir='ltr'><strong>Hinc</strong></span> <span class='ocrx_word' id='word_1_383' title='bbox 1226 2666 1378 2702; x_wconf 83' lang='lat' dir='ltr'><strong>magna</strong></span> <span class='ocrx_word' id='word_1_384' title='bbox 1397 2656 1448 2692; x_wconf 87' lang='lat' dir='ltr'><strong>de</strong></span> <span class='ocrx_word' id='word_1_385' title='bbox 1469 2666 1516 2692; x_wconf 88' lang='lat' dir='ltr'><strong>eo</strong></span> <span class='ocrx_word' id='word_1_386' title='bbox 1537 2660 1657 2703; x_wconf 83' lang='lat' dir='ltr'><strong>capta</strong></span> <span class='ocrx_word' id='word_1_387' title='bbox 1671 2659 1694 2694; x_wconf 87' lang='lat'>4</span> 
     </span>
     <span class='ocr_line' id='line_1_42' title="bbox 156 2703 1654 2750; baseline 0.002 -12"><span class='ocrx_word' id='word_1_388' title='bbox 156 2713 228 2750; x_wconf 84' lang='lat' dir='ltr'><em>spe</em></span> <span class='ocrx_word' id='word_1_389' title='bbox 253 2707 443 2749; x_wconf 84' lang='lat' dir='ltr'><strong>parentes</strong></span> <span class='ocrx_word' id='word_1_390' title='bbox 470 2704 644 2739; x_wconf 80' lang='lat' dir='ltr'><strong>Eusebio</strong></span> <span class='ocrx_word' id='word_1_391' title='bbox 672 2704 930 2741; x_wconf 78' lang='lat' dir='ltr'><strong>Nicomediae</strong></span> <span class='ocrx_word' id='word_1_392' title='bbox 966 2714 1139 2750; x_wconf 80' lang='lat' dir='ltr'><strong>puerum</strong></span> <span class='ocrx_word' id='word_1_393' title='bbox 1175 2703 1433 2739; x_wconf 81' lang='lat' dir='ltr'><strong>tradiderunt</strong></span> <span class='ocrx_word' id='word_1_394' title='bbox 1472 2705 1654 2741; x_wconf 89' lang='lat' dir='ltr'><strong>erudien-</strong></span> 
     </span>
     <span class='ocr_line' id='line_1_43' title="bbox 157 2750 1692 2798; baseline 0.003 -12"><span class='ocrx_word' id='word_1_395' title='bbox 157 2750 252 2787; x_wconf 92' lang='lat' dir='ltr'><em>dum</em></span> <span class='ocrx_word' id='word_1_396' title='bbox 278 2751 319 2786; x_wconf 90' lang='lat' dir='ltr'><em>in</em></span> <span class='ocrx_word' id='word_1_397' title='bbox 346 2761 462 2787; x_wconf 79' lang='lat' dir='ltr'><strong>sacra</strong></span> <span class='ocrx_word' id='word_1_398' title='bbox 489 2752 700 2798; x_wconf 85' lang='lat' dir='ltr'><strong>scriptura.</strong></span> <span class='ocrx_word' id='word_1_399' title='bbox 762 2752 888 2794; x_wconf 85' lang='lat' dir='ltr'><strong>Quem</strong></span> <span class='ocrx_word' id='word_1_400' title='bbox 917 2752 1132 2788; x_wconf 82' lang='lat' dir='ltr'><strong>Caesarem</strong></span> <span class='ocrx_word' id='word_1_401' title='bbox 1159 2752 1410 2788; x_wconf 81' lang='lat' dir='ltr'><strong>declaratum</strong></span> <span class='ocrx_word' id='word_1_402' title='bbox 1436 2752 1692 2798; x_wconf 86' lang='lat' dir='ltr'><strong>imperator5</strong></span> 
     </span>
     <span class='ocr_line' id='line_1_44' title="bbox 156 2797 1692 2857; baseline 0.002 -22"><span class='ocrx_word' id='word_1_403' title='bbox 156 2797 416 2835; x_wconf 81' lang='lat' dir='ltr'><strong>Constantius</strong></span> <span class='ocrx_word' id='word_1_404' title='bbox 442 2799 482 2834; x_wconf 94' lang='lat' dir='ltr'><em>in</em></span> <span class='ocrx_word' id='word_1_405' title='bbox 501 2798 652 2835; x_wconf 84' lang='lat' dir='ltr'><strong>Gallias</strong></span> <span class='ocrx_word' id='word_1_406' title='bbox 679 2801 783 2835; x_wconf 88' lang='lat' dir='ltr'><strong>misit</strong></span> <span class='ocrx_word' id='word_1_407' title='bbox 810 2811 901 2836; x_wconf 88' lang='lat' dir='ltr'><em>cum</em></span> <span class='ocrx_word' id='word_1_408' title='bbox 928 2801 1180 2857; x_wconf 79' lang='lat' dir='ltr'><strong>paucissimis</strong></span> <span class='ocrx_word' id='word_1_409' title='bbox 1206 2799 1410 2844; x_wconf 85' lang='lat' dir='ltr'><strong>militibus,</strong></span> <span class='ocrx_word' id='word_1_410' title='bbox 1436 2800 1493 2835; x_wconf 87' lang='lat' dir='ltr'><em>ita</em></span> <span class='ocrx_word' id='word_1_411' title='bbox 1511 2805 1556 2836; x_wconf 90' lang='lat' dir='ltr'><em>ut</em></span> <span class='ocrx_word' id='word_1_412' title='bbox 1574 2804 1692 2839; x_wconf 79' lang='lat' dir='ltr'><strong>nonss</strong></span> 
     </span>
     <span class='ocr_line' id='line_1_45' title="bbox 156 2846 1656 2903; baseline 0.001 -21"><span class='ocrx_word' id='word_1_413' title='bbox 156 2846 317 2882; x_wconf 84' lang='lat' dir='ltr'><strong>abesset</strong></span> <span class='ocrx_word' id='word_1_414' title='bbox 352 2847 541 2893; x_wconf 87' lang='lat' dir='ltr'><strong>suspicio,</strong></span> <span class='ocrx_word' id='word_1_415' title='bbox 577 2848 674 2893; x_wconf 90' lang='lat' dir='ltr'><strong>quin</strong></span> <span class='ocrx_word' id='word_1_416' title='bbox 701 2858 783 2884; x_wconf 91' lang='lat' dir='ltr'><em>non</em></span> <span class='ocrx_word' id='word_1_417' title='bbox 810 2849 963 2884; x_wconf 88' lang='lat' dir='ltr'><strong>socium</strong></span> <span class='ocrx_word' id='word_1_418' title='bbox 989 2849 1146 2903; x_wconf 79' lang='lat' dir='ltr'><strong>imperii</strong></span> <span class='ocrx_word' id='word_1_419' title='bbox 1173 2847 1432 2884; x_wconf 83' lang='lat' dir='ltr'><strong>Constantius</strong></span> <span class='ocrx_word' id='word_1_420' title='bbox 1459 2849 1535 2884; x_wconf 87' lang='lat' dir='ltr'><strong>sibi</strong></span> <span class='ocrx_word' id='word_1_421' title='bbox 1563 2849 1656 2884; x_wconf 88' lang='lat' dir='ltr'><strong>deli-</strong></span> 
     </span>
     <span class='ocr_line' id='line_1_46' title="bbox 156 2894 1655 2941; baseline 0.001 -11"><span class='ocrx_word' id='word_1_422' title='bbox 156 2898 273 2941; x_wconf 86' lang='lat' dir='ltr'><strong>geret</strong></span> <span class='ocrx_word' id='word_1_423' title='bbox 298 2894 370 2930; x_wconf 87' lang='lat' dir='ltr'><em>sed</em></span> <span class='ocrx_word' id='word_1_424' title='bbox 396 2894 448 2930; x_wconf 82' lang='lat' dir='ltr'><em>ad</em></span> <span class='ocrx_word' id='word_1_425' title='bbox 475 2894 787 2932; x_wconf 84' lang='lat' dir='ltr'><strong>dissimulandas</strong></span> <span class='ocrx_word' id='word_1_426' title='bbox 813 2896 980 2932; x_wconf 82' lang='lat' dir='ltr'><strong>insidias</strong></span> <span class='ocrx_word' id='word_1_427' title='bbox 1006 2897 1042 2932; x_wconf 87' lang='lat' dir='ltr'><em>ei</em></span> <span class='ocrx_word' id='word_1_428' title='bbox 1069 2895 1278 2931; x_wconf 81' lang='lat' dir='ltr'><strong>iaciendas</strong></span> <span class='ocrx_word' id='word_1_429' title='bbox 1308 2895 1451 2932; x_wconf 81' lang='lat' dir='ltr'><strong>habitu</strong></span> <span class='ocrx_word' id='word_1_430' title='bbox 1469 2895 1655 2933; x_wconf 81' lang='lat' dir='ltr'><strong>Caesaris</strong></span> 
     </span>
     <span class='ocr_line' id='line_1_47' title="bbox 157 2943 1654 2991; baseline 0.002 -13"><span class='ocrx_word' id='word_1_431' title='bbox 157 2946 331 2988; x_wconf 86' lang='lat' dir='ltr'><strong>ornaret,</strong></span> <span class='ocrx_word' id='word_1_432' title='bbox 375 2946 420 2979; x_wconf 90' lang='lat' dir='ltr'><em>ut</em></span> <span class='ocrx_word' id='word_1_433' title='bbox 458 2944 510 2979; x_wconf 86' lang='lat' dir='ltr'><em>ab</em></span> <span class='ocrx_word' id='word_1_434' title='bbox 550 2943 732 2981; x_wconf 83' lang='lat' dir='ltr'><strong>hostibus</strong></span> <span class='ocrx_word' id='word_1_435' title='bbox 771 2945 931 2991; x_wconf 85' lang='lat' dir='ltr'><strong>periret,</strong></span> <span class='ocrx_word' id='word_1_436' title='bbox 977 2943 1086 2991; x_wconf 85' lang='lat' dir='ltr'><strong>quod</strong></span> <span class='ocrx_word' id='word_1_437' title='bbox 1127 2954 1209 2980; x_wconf 89' lang='lat' dir='ltr'><em>non</em></span> <span class='ocrx_word' id='word_1_438' title='bbox 1248 2943 1418 2980; x_wconf 86' lang='lat' dir='ltr'><strong>haberet</strong></span> <span class='ocrx_word' id='word_1_439' title='bbox 1456 2945 1563 2981; x_wconf 87' lang='lat' dir='ltr'><strong>vires</strong></span> <span class='ocrx_word' id='word_1_440' title='bbox 1602 2945 1654 2981; x_wconf 81' lang='lat' dir='ltr'><em>ad</em></span> 
     </span>
    </p>
   </div>
   <div class='ocr_carea' id='block_1_11' title="bbox 228 3004 1441 3051">
    <p class='ocr_par' dir='ltr' id='par_1_14' title="bbox 228 3004 1441 3051">
     <span class='ocr_line' id='line_1_48' title="bbox 228 3004 1441 3051; baseline 0 -8"><span class='ocrx_word' id='word_1_441' title='bbox 228 3013 386 3044; x_wconf 73' lang='lat' dir='ltr'><strong>zonarae</strong></span> <span class='ocrx_word' id='word_1_442' title='bbox 404 3014 555 3051; x_wconf 74' lang='lat' dir='ltr'><em>Epieome</em></span> <span class='ocrx_word' id='word_1_443' title='bbox 575 3014 634 3045; x_wconf 87' lang='lat'>111.</span> <span class='ocrx_word' id='word_1_444' title='bbox 1416 3004 1441 3043; x_wconf 80' lang='lat'><em>4</em></span> 
     </span>
    </p>
   </div>
  </div>
 </body>
</html>
