2054 3282
310 257 475 305 IGNES,
502 258 688 302 QVIBVS
712 257 992 296 ADVENTVS
1016 257 1201 295 HOSTIS
1226 256 1578 295 NVNTIANTVR.
1637 256 1709 294 405

214 380 348 423 λάσια.
411 381 514 423 ὅθεν
543 380 615 423 καὶ
643 380 741 428 τοὺς
770 379 985 436 φρυκτοὺς
1021 381 1213 434 ἔπαυσεν,
1257 381 1333 426 οὓς
1363 380 1404 422 οῖ
1431 379 1559 421 πάλαι
1588 380 1707 434 βασι·
1721 381 1744 416 6

214 450 297 496 λεῒς
333 449 578 504 ἐπενόησαν,
620 450 684 491 ἵνα
721 449 781 504 μὴ
821 449 986 503 ἀθρόον
1022 450 1062 491 οἱ
1097 449 1144 491 ἐκ
1174 453 1247 503 τῆς
1268 448 1400 503 Ἅγαρ
1430 452 1519 494 ταῖς
1548 448 1710 503 χώραις

214 521 300 560 τῶν
331 518 555 574 Ῥωμαίων
597 518 878 573 εἶσβάλλοντες
919 518 1139 572 ληίζωνται
1181 517 1230 559 τὰ
1273 517 1318 559 ἕν
1358 517 1457 559 ποσὶ
1498 516 1570 558 καὶ
1612 515 1710 563 τοὺς

214 586 475 641 ἀνθρώπους
495 586 842 641 αι’χμαλωτίζωσι.
904 586 971 628 διὰ
1002 590 1129 628 ταῦτα
1161 587 1205 628 ἐν
1225 590 1275 641 τῇ
1303 586 1461 640 Ταρσῷ
1481 585 1548 627 ἐπὶ
1570 584 1708 639 λόφου
1722 587 1744 624 7
1771 586 1801 624 C

178 658 201 695 5
212 656 429 710 μετεώρου
459 654 568 702 τινὸς
598 655 860 709 ἕδομήσαντο
890 655 1110 710 φρούριον,
1140 654 1310 697 Λοῦλον
1333 653 1606 709 κεκλημένον,
1638 653 1710 695 καὶ

214 724 255 765 οἱ
284 723 329 765 ἐν
357 723 494 778 τούτῳ
523 722 687 777 πυρσὸν
717 723 913 778 ἀνῆπτον,
957 723 1079 778 ἡνίκα
1116 724 1250 778 ἔγνων
1281 721 1514 777 ἐπιδρομὴν
1538 721 1708 777 Ἰσμαη-

214 791 349 846 λιτῶν,
393 793 443 834 ὃν
481 792 664 846 ὁρῶντες
701 792 742 833 οἶ
779 792 824 833 ἐν
864 796 926 846 τῷ
958 791 1141 846 Ἀργαίῳ
1183 793 1330 846 βουνῴ
1371 790 1496 832 ἄλλον
1539 791 1746 832 ἒποίουνδ

212 860 387 915 πυρσόν,
419 859 491 902 καὶ
522 860 562 902 οἱ
591 859 697 901 κατὰ
728 858 800 901 τὸν
821 859 994 914 Ἴσαμον
1024 860 1178 914 ἕτερον,
1209 864 1294 906 τοῖς
1325 859 1371 901 δὲ
1401 857 1508 901 κατὰ
1539 857 1611 900 τὸν
1634 858 1708 900 Δι’-

215 928 356 983 γιαλὸν
387 928 521 971 ἰδοῦσι
551 932 697 970 τοῦτον
727 929 851 983 ᾔρετο
882 928 1017 976 ἄλλος,
1054 929 1125 970 καὶ
1155 932 1239 975 τοῖς
1269 927 1375 969 κατὰ
1406 927 1478 970 τὸν
1509 927 1709 982 ΙΙΙίμαντα

157 1003 202 1039 10
215 997 365 1051 ἕτερος,
410 997 482 1040 καὶ
512 998 552 1039 οἱ
581 996 688 1039 κατὰ
718 996 790 1039 τὸν
821 996 1007 1051 Κύριζον
1043 996 1168 1044 αὖθις
1207 997 1524 1051 ἕφρυκτώρουν,
1568 995 1639 1037 καὶ
1671 996 1711 1036 οῖ

214 1065 320 1108 κατὰ
351 1065 423 1109 τὸν
452 1065 660 1108 Μώκιλον
696 1066 858 1120 ὁμοίως
894 1066 1139 1120 ἒπύρσευον,
1182 1065 1254 1107 καὶ
1297 1064 1362 1107 ἐπὶ
1403 1069 1528 1106 πᾶσιν
1567 1065 1611 1106 ἒν
1648 1069 1710 1118 τῷ

213 1139 287 1177 τοῦ
319 1135 438 1189 ἁγίου
461 1134 687 1183 Αὖξεντίου
714 1135 862 1189 βουνῷ
890 1133 1052 1188 πυρσὸς
1080 1135 1215 1189 ᾔρετο.
1278 1135 1352 1180 οὓς
1383 1133 1565 1187 ὁρῶ-ντες
1596 1133 1636 1174 οἳ
1667 1133 1746 1174 ἕν9

213 1207 300 1250 ταῖς
335 1204 496 1258 χώραις
535 1203 602 1245 διὰ
639 1203 822 1258 βραχέος
859 1203 915 1250 εἷς
958 1203 1216 1258 ὀχυρώματα
1261 1202 1495 1244 συνέκλειον
1537 1200 1710 1247 ἑαυτοὺς

214 1271 283 1314 καὶ
315 1271 388 1318 τὰς
417 1275 503 1313 τῶν
532 1272 767 1327 βαρβάρων
797 1271 1013 1326 λεηλασίας
1049 1270 1265 1319 ἑξέκλινον.
1327 1270 1374 1311 ἐκ
1407 1269 1453 1311 δὲ
1483 1273 1556 1311 τοῦ
1589 1267 1708 1323 ἁγίου
1726 1275 1770 1310 10
1796 1273 1831 1309 D

156 1343 202 1381 15
216 1340 440 1389 Αὐξεντίου
472 1345 532 1395 τῷ
561 1340 816 1396 βασιλεύοντι
846 1344 918 1395 τῆς
947 1343 1033 1381 τῶν
1055 1339 1275 1394 δυσμενῶν
1296 1338 1527 1393 ἐπιδρομῆς
1548 1337 1710 1379 ἐδίδοτο

215 1494 236 1530 4
261 1494 342 1540 περὶ
368 1499 438 1530 τῶν
461 1495 580 1530 τόπων
603 1494 641 1530 ἕν
664 1494 715 1534 οἷς
740 1493 934 1540 ἀνήπτοντο
959 1495 996 1529 οἵ
1015 1493 1147 1539 πυρσοί
1169 1492 1232 1530 CE

289 1638 306 1674 1
333 1640 390 1674 ὅτε
414 1638 496 1682 BD,
521 1640 572 1673 ὅτι
601 1637 630 1676 C
726 1638 749 1674 2
773 1638 908 1683 ἀθρόον
927 1640 1038 1684 patet
1056 1637 1092 1673 h.
1111 1637 1133 1672 l.
1153 1637 1384 1684 significare
1406 1635 1455 1671 de
1473 1634 1709 1681 improviso,

285 1685 395 1722 unde
422 1685 665 1732 corrigenda
691 1696 741 1722 ea
767 1696 873 1732 quae
899 1688 993 1721 sunt
1010 1686 1051 1720 in
1070 1684 1204 1731 Stoph.
1224 1685 1322 1720 thes.
1342 1684 1359 1719 Ι
1377 1694 1412 1730 p.
1427 1683 1517 1728 8623
1544 1694 1581 1718 v.
1599 1683 1710 1719 XVII

286 1735 320 1777 2,
338 1735 381 1770 19
407 1733 536 1779 [Οοάτ.
563 1733 752 1780 (Scylitz.)
772 1733 809 1769 11
828 1745 865 1780 p.
879 1733 961 1778 393,
975 1733 1022 1769 ‘24
1039 1732 1239 1779 αἰφνιδίως]
1268 1735 1307 1768 ct
1325 1732 1494 1767 Hasium
1514 1730 1566 1766 ad
1585 1730 1710 1767 Leon.

288 1781 455 1818 Diacon.
484 1793 520 1828 p.
545 1781 617 1817 483
728 1782 765 1817 οἱ
788 1791 863 1817 om.
891 1780 920 1817 C
1033 1781 1066 1816 2.
1092 1781 1115 1816 3
1140 1785 1211 1816 τῶν
1235 1780 1327 1825 ρωμ.
1354 1785 1426 1818 ταῖς
1450 1778 1588 1824 χώραις
1614 1778 1710 1825 Ewp

286 1830 310 1863 3
333 1829 508 1875 ληίζονται
535 1829 567 1865 Ε
663 1828 686 1864 4
711 1828 1006 1875 αἰχμαλωτίζουσι
1032 1828 1062 1864 Ε
1160 1833 1209 1863 τῶ
1227 1828 1275 1870 D,
1302 1838 1404 1863 corr.
1420 1826 1488 1864 Dw
1584 1827 1710 1872 λώφου

288 1877 385 1923 Ewp
490 1878 513 1913 8
537 1876 691 1921 αἰγιαλὸν
716 1876 751 1912 Α
777 1876 892 1913 Cedr.
918 1875 1110 1922 (Scylitz.)
1136 1876 1172 1911 II
1200 1886 1237 1923 p.
1268 1875 1344 1919 174,
1373 1874 1429 1919 14,
1454 1875 1585 1919 αἴγιλον
1612 1874 1710 1920 pr

289 1924 468 1971 Theoph.
494 1925 642 1960 contin.
669 1935 706 1970 p.
734 1924 813 1968 197,
837 1924 881 1960 17
907 1923 1029 1970 (Sym.
1056 1934 1163 1970 mag.
1191 1935 1227 1970 p.
1253 1923 1334 1966 682,
1356 1922 1413 1966 11)
1512 1922 1534 1957 9
1558 1923 1711 1967 μίμαντα

288 1971 397 2007 ARw
423 1973 474 2018 (v.
494 1971 590 2008 XIII
614 1972 668 2016 16,
691 1972 762 2016 21),
787 1971 950 2016 μάμαντα
976 1983 1013 2018 p,
1041 1971 1156 2008 Cedr.
1183 1972 1205 2006 Ι.
1233 1982 1277 2016 (5.,
1304 1970 1483 2016 Theoph.
1511 1970 1660 2005 contin.
1687 1970 1709 2004 Ι.

289 2031 320 2056 e.
346 2019 469 2066 (Sym.
485 2020 507 2055 l.
523 2022 571 2059 ο.)
673 2020 716 2056 10
741 2022 836 2055 ante
853 2020 971 2064 ἕτερος
988 2019 1082 2055 add.
1098 2019 1278 2055 ἀνεκαίετο
1305 2018 1402 2064 pr
1501 2016 1570 2062 τὸν]
1596 2017 1657 2062 τὴν
1675 2016 1710 2051 Ι)

335 2068 482 2112 κύριζον
499 2067 580 2107 AR.
598 2066 779 2114 Theoph.
797 2068 945 2103 contin.
965 2067 988 2102 l.
1007 2077 1040 2102 c.
1058 2066 1182 2112 (Sym.
1195 2067 1219 2102 l.
1234 2066 1294 2111 c.),
1313 2065 1400 2102 cod.
1417 2064 1577 2101 Coislin.
1595 2064 1710 2101 Cedr.

289 2116 309 2150 l.
331 2126 363 2159 ο,
389 2116 538 2157 κί’ζικον
564 2115 666 2161 pr
762 2114 868 2154 αὖθις
895 2113 1087 2161 om.pr
1185 2117 1281 2150 ante
1298 2113 1448 2159 ε’φρυκτ.
1475 2112 1567 2148 add.
1593 2113 1710 2157 ἕτερον

292 2163 457 2209 Ewap
557 2163 598 2199 11
615 2163 779 2207 μώκιλον
796 2161 943 2208 Apr,
970 2162 1149 2207 Theoph.
1169 2162 1316 2197 contin.
1336 2161 1359 2196 1.
1379 2171 1423 2205 c.,
1443 2160 1530 2196 cod.
1549 2159 1709 2196 Coislin.

291 2211 406 2247 Cedr.
426 2211 447 2246 1.
467 2222 510 2252 c.‚
535 2211 689 2256 μήκιλον
707 2210 754 2255 D,
782 2221 883 2245 corr.
897 2209 976 2253 Dw‚
1000 2210 1170 2255 μόκιλλος
1197 2208 1312 2246 Ccdr.
1338 2208 1361 2244 1.
1377 2218 1409 2244 c.
1510 2207 1555 2243 12
1578 2207 1711 2253 πυρσὸς

290 2260 392 2304 ἤρετο
417 2257 593 2305 A(Ewp),
618 2257 751 2304 ἀνῆπτο
776 2257 933 2303 φρυκτὸς
959 2257 991 2293 Ο
1088 2257 1163 2302 οὓς]
1189 2258 1229 2292 ὃν
1255 2256 1290 2292 D
1402 2256 1445 2290 13
1471 2255 1712 2290 συνεκλειόντο

290 2307 435 2343 omisso
460 2305 603 2345 ἑαυτοὺς
630 2305 662 2342 Ο
802 2304 845 2341 14
871 2308 962 2351 post
987 2310 1047 2341 τοῦ
1074 2304 1164 2340 add.
1191 2305 1324 2351 βουνοῦ
1351 2308 1413 2339 τοῦ
1440 2301 1608 2349 prDi,
1635 2313 1710 2339 om.

289 2353 368 2398 ΑΕ,
396 2365 432 2390 v.
459 2353 639 2400 Theoph.
665 2364 702 2400 p.
727 2352 808 2398 436,
834 2353 892 2389 29.
918 2352 1000 2398 443,
1028 2352 1072 2388 16

216 2505 472 2552 Quapropter
497 2503 601 2540 idom
628 2504 746 2539 etiam
774 2503 890 2550 ignes
914 2502 1076 2539 sustulit
1094 2511 1118 2537 a
1138 2501 1278 2548 priscis
1304 2500 1471 2546 reg-ibus
1497 2498 1748 2543 institutos,6

216 2563 267 2590 ne
289 2552 468 2598 Agarcni
495 2551 697 2587 Romanas
727 2551 958 2597 provincias
985 2550 1035 2586 do
1064 2550 1282 2595 improviso
1302 2548 1499 2595 aggressi,
1526 2547 1712 2583 omnibus

217 2601 346 2637 obviis
377 2600 554 2643 vastatis,
586 2599 765 2635 homines
795 2599 835 2634 in
866 2598 1100 2634 servitutem
1132 2596 1392 2632 abducerent.
1441 2595 1499 2631 Ea
1529 2595 1634 2630 enim
1662 2593 1748 2630 de?

216 2658 341 2685 causa
370 2647 485 2683 Tarsi
516 2648 555 2682 in
586 2646 694 2683 edito
725 2646 825 2682 conc
843 2645 988 2681 bulum
1020 2644 1227 2681 castellum
1256 2643 1530 2687 aedificarunt,
1557 2643 1598 2678 in
1630 2651 1711 2688 quo

217 2696 285 2742 qui
312 2699 439 2737 erant,
477 2695 642 2740 cognita
671 2693 959 2729 {smafflitarmn
986 2692 1228 2735 incursione,
1260 2692 1395 2737 ignem
1422 2690 1711 2734 incendebant3

217 2753 296 2789 quo
324 2744 363 2778 in
390 2742 552 2789 Argneo
591 2741 692 2777 collo
724 2746 940 2787 conspecto
978 2740 1082 2776 alius
1108 2740 1225 2786 ignis,
1266 2739 1368 2775 atius
1394 2737 1446 2773 ad
1473 2738 1646 2774 Isamum
1673 2737 1748 2774 οῦδ

216 2790 268 2826 ad
294 2789 509 2836 Aeg-{alum
547 2794 586 2825 ct
624 2789 675 2825 ad
703 2788 932 2824 Mimantcm
967 2792 1006 2824 et
1044 2787 1096 2823 ad
1129 2787 1316 2833 Cyn-izum
1355 2790 1395 2822 et
1435 2785 1487 2821 ad
1514 2784 1711 2829 Mocilum,

218 2838 393 2894 denique
431 2838 471 2872 in
516 2837 552 2873 S.
592 2836 784 2873 Auxentii
830 2836 931 2872 collo
974 2834 1281 2871 incendebatur.
1351 2833 1507 2877 Quibus
1547 2833 1557 2867 i
1592 2832 1748 2868 nibus9

219 2884 487 2932 provmciales
526 2884 639 2920 brevi
666 2885 892 2931 conspectis
918 2884 1096 2928 locisque
1123 2882 1286 2918 munitis
1313 2881 1531 2927 occupat-is,
1598 2879 1712 2916 arba-

217 2942 353 2969 rorum
375 2931 651 2980 grassationes
669 2931 938 2969 declinabant.
987 2930 1019 2967 E
1036 2934 1177 2967 sancto
1197 2939 1294 2967 vero
1313 2927 1518 2966 Auxentio
1538 2927 1711 2965 hostium
1727 2928 1773 2966 10
