1968 3302
542 218 653 258 ΑΒΗ
679 216 876 255 OBITVS.
926 214 1314 255 PATRIARCHAE.
1633 213 1678 250 57

179 346 204 389 ὅ
229 345 504 400 Ἀλέξανδρος
534 343 641 387 κατὰ
680 343 754 400 τὴν
791 343 970 398 ἑσπέραν
1007 341 1167 397 ἐκείνην
1204 342 1261 388 εἷς
1298 339 1345 383 τὸ
1382 339 1680 395 θυσιαστήριον

180 415 382 460 εἰσελθὼν
421 415 492 457 καὶ
528 419 670 469 πρηνῆ
707 413 960 469 καταβαλὼν
997 411 1147 455 ἑαυτὸν
1186 411 1322 453 ἐδέετο
1362 414 1436 452 τοῦ
1474 411 1579 452 θεοῦ
1618 409 1678 465 μὴ

178 490 489 541 παραχωρῆσαι
519 484 592 526 τὸν
622 484 764 532 λύκον,
795 483 867 526 τὸν
889 483 1052 538 ’Ἀρειον
1085 481 1261 537 δηλαδή,
1306 481 1363 527 εἷς
1394 480 1468 535 τὴν
1498 480 1681 534 ποίμνην

180 557 309 598 αὐτοῦ
347 554 543 597 εἰσελθεῖν
574 554 630 608 “ἢ
670 553 743 607 ἐμὲ
780 553 986 607 πρότερον
1022 556 1094 607 τῆς
1126 552 1241 606 ζωῆς
1272 550 1485 592 ἀπόλυσον
1496 550 1523 564 ”
1554 549 1677 603 ἔλεγε.

143 624 306 667 buzam
337 623 589 677 περιπαθῶς
620 623 821 678 ἠντιβόλει
852 621 927 664 σὺν
960 622 1172 675 δάκρυσιν.
1234 620 1373 662 ἔωθεν
1399 618 1476 661 οὗν
1497 619 1588 672 ἄρτι
1608 622 1681 673 τῆς
1697 614 1751 651 17·
1782 612 1825 648 18

181 694 363 736 συνόδου
386 693 683 747 συνισταμένης
705 692 730 733 ὁ
742 691 904 746 Ἄρειος
926 691 1048 746 ἀπῄει
1069 691 1177 745 μέγα
1199 692 1387 744 φρονῶν.
1450 687 1521 730 καὶ
1543 687 1681 729 ἀπιὼν
1697 683 1741 718 19

179 763 358 806 νύττεται
389 762 462 818 τὴν
494 762 671 816 γαστέρα
701 760 810 814 πρὸς
842 762 1025 814 ἔκκρισιν
1046 760 1204 806 κοιλίας
1224 758 1296 800 καὶ
1317 757 1517 803 κύστεως.
1570 752 1742 809 παρ·20
1768 752 1798 788 Β

179 832 370 879 εκκλίνας
405 848 448 873 τε
483 835 556 886 τῆς
593 831 697 873 ὁδοῦ
737 831 964 872 κεκάθικεν
1001 828 1422 883 ἀποσκυβαλίσασθαι
1459 826 1506 868 τὸ
1543 826 1680 880 περίτ-

179 913 323 956 τωμα·
372 900 624 955 συνεξερρύη
659 900 704 942 δὲ
735 904 784 955 τῇ
816 899 969 954 κόπρῳ
1001 898 1071 941 καὶ
1102 897 1150 940 τὰ
1183 898 1336 952 ἔγκατα
1371 899 1444 938 τοῦ
1485 895 1680 949 ὃειλαίου,

123 970 167 1006 ῙΟ
179 971 328 1026 βιαίως
359 970 677 1025 ἄπορρήξαντος
707 968 782 1024 τὴν
813 969 944 1023 ζωήν.

295 1038 349 1082 ‘O
377 1039 518 1094 μέντοι
548 1038 808 1093 πατριάρχης
833 1037 1108 1090 Ἀλέξανδρος
1139 1037 1268 1078 εἴκοσι
1307 1034 1415 1090 πρὸς
1446 1034 1573 1088 τρισὶν
1605 1033 1680 1088 ἄρ-
1695 1039 1740 1075 21

181 1108 446 1164 χιερατεύσας
490 1107 701 1154 ἐνιαυτοὺς
743 1107 969 1162 μετήλλαξε
1012 1106 1086 1161 τὴν
1133 1106 1263 1160 ζωήν,
1311 1104 1382 1146 καὶ
1429 1103 1680 1158 ἀντεισήχθη

180 1178 296 1232 παρὰ
327 1181 413 1219 τῶν
444 1177 699 1231 ὀρθοὸόξων
730 1178 787 1223 εἷς
817 1176 889 1218 τὸν
920 1176 1080 1229 θρόνον
1101 1179 1173 1230 τῆς
1199 1172 1684 1218 Κωνσταντινουπόλεως

183 1246 358 1293 Παῦλος
389 1246 414 1287 ὁ
445 1246 717 1301 ὄμολογητής.
788 1245 1036 1287 ἐπανελθὼν
1068 1242 1105 1286 δ’
1139 1244 1164 1286 ὅ
1196 1242 1488 1288 Κωνστάντιος
1520 1241 1566 1289 ἕξ
1590 1240 1682 1283 Ἀν-
1697 1240 1744 1275 22

124 1315 169 1352 15
182 1316 358 1371 τιοχείας
400 1315 617 1370 μεθίστησι
659 1319 733 1356 τοῦ
778 1314 941 1368 θρόνου
982 1313 1110 1355 αὐτὸν
1146 1312 1217 1354 καὶ
1261 1311 1570 1365 ἀντικαθίστησι
1612 1309 1685 1352 τὸν

182 1384 472 1439 Νικομηὸείας
509 1383 727 1438 Εὐσέβιον,
776 1383 1022 1437 αῖρεσιώτην
1052 1382 1215 1436 Ἀρείου
1252 1380 1519 1434 τυγχάνοντα.
1582 1379 1607 1420 ὁ
1639 1379 1685 1420 δὲ
1699 1378 1744 1413 23

183 1455 300 1508 ἅγιος
331 1453 507 1499 Παῦλος
544 1458 606 1507 τῷ
647 1453 768 1506 πάπᾳ
807 1456 879 1507 τῆς
911 1451 1079 1506 Ῥώμης
1122 1449 1376 1504 προσελθὼν
1408 1448 1571 1502 Ἰουλίῳ
1614 1447 1686 1489 καὶ

182 1520 253 1566 ὑπ’
277 1522 406 1564 αὐτοῦ
438 1522 496 1569 εἷς
526 1520 597 1564 τὸν
628 1521 790 1576 θρόνον
820 1519 1029 1567 καταστὰς
1050 1517 1539 1563 Κωνσταντινουπόλεως
1561 1515 1687 1563 αὖθις
1702 1516 1730 1553 C

183 1591 268 1634 ὑπὸ
299 1590 594 1633 Κωνσταντίου
628 1591 822 1632 διώκεται
853 1590 923 1632 καὶ
956 1589 1112 1636 σταλεὶς
1150 1587 1377 1642 ὑπερόριος
1414 1585 1499 1628 ὕπὸ
1525 1585 1686 1640 Ἀρεια-

185 1735 208 1770 5
232 1735 310 1781 περὶ
333 1740 392 1779 τῆς
419 1736 493 1776 (τοῦ
520 1734 612 1769 add.
639 1734 685 1774 Ε)
707 1734 839 1778 Ἀρείου
865 1733 1067 1779 διαφθορᾶς
1093 1731 1156 1768 CE
1284 1733 1326 1768 11
1352 1730 1431 1775 περὶ
1457 1733 1688 1775 πατριαρχῶν

187 1782 250 1819 OE
348 1783 393 1818 19
419 1783 468 1817 ὅτι
495 1783 516 1818 ό
539 1782 767 1821 Μακεδόνιος
792 1781 829 1816 τὸ
855 1786 959 1826 σῶμα
991 1786 1050 1817 τοῦ
1081 1781 1234 1826 μεγάλου
1260 1779 1528 1816 Κωνσταντίνου
1554 1779 1604 1817 εἷς
1630 1777 1688 1812 τὸν

186 1831 269 1867 ναὸν
294 1835 354 1867 τοῦ
380 1831 480 1876 ἇγιόυ
505 1831 717 1875 μετήνεγκεν
738 1830 916 1866 Ἆκακίου.
949 1829 1054 1868 αὖθις
1080 1830 1119 1865 δὲ
1144 1831 1164 1866 ό
1182 1829 1425 1867 Κωνστάντιος
1450 1827 1498 1866 εἷς
1522 1826 1580 1862 τὸν
1605 1825 1689 1862 ναὸν

187 1884 259 1915 τῶν
284 1879 395 1926 ἁγίων
419 1878 625 1914 ἀποστόλων
650 1877 735 1914 αὐτὸ
759 1879 991 1923 μετεκόμισεν
1017 1876 1046 1914 C

259 2011 282 2047 2
306 2011 424 2056 πρηνὴ
450 2009 484 2046 Α
511 2013 709 2046 mutatum
737 2010 789 2045 ab
817 2010 905 2045 ead.
931 2020 1038 2044 man.
1065 2010 1105 2044 in
1131 2008 1251 2054 πρινὴ,
1288 2006 1404 2052 πρηνὴ
1433 2007 1475 2051 Ε,
1515 2011 1622 2052 πρινῆ
1647 2006 1688 2050 B,

258 2059 364 2104 πρινὴ
392 2059 439 2102 D,
469 2064 586 2104 πρηνῆ
612 2056 838 2103 CwapDi
919 2057 942 2093 6
971 2060 1065 2092 ante
1091 2058 1111 2091 ὁ
1136 2056 1229 2091 add.
1254 2056 1315 2091 καὶ
1341 2055 1439 2100 pr
1531 2055 1554 2089 8
1578 2055 1690 2099 περίτ-

260 2122 367 2151 τευμα
394 2107 495 2147 Dwn
624 2106 647 2141 9
672 2107 844 2151 συνερρύη
876 2105 904 2141 C
1042 2105 1085 2140 11
1113 2108 1208 2140 ante
1234 2104 1343 2148 τρισὶν
1373 2103 1464 2138 add.
1492 2108 1561 2141 τοῖς
1587 2103 1689 2147 pr

262 2156 306 2191 17
330 2155 454 2190 πάππα
472 2154 542 2189 DE
638 2153 850 2198 προσελθὼν
876 2154 990 2189 initio
1018 2164 1121 2189 vers.
1151 2163 1224 2188 om.
1251 2151 1279 2188 C
1379 2151 1425 2187 18
1449 2150 1691 2190 ἀποκαταστὰς

261 2203 359 2249 pr
459 2210 554 2238 ante
579 2202 685 2241 αὖθις
711 2201 803 2237 add.
830 2201 891 2237 καὶ
916 2201 1013 2247 Bwp

189 2345 315 2377 traret
340 2341 438 2376 “aut
463 2351 528 2375 me,
555 2341 693 2386 prius''
720 2340 850 2384 inquit
875 2340 925 2374 “e
953 2339 1037 2374 vita
1064 2338 1197 2373 tollo-'1
1248 2338 1359 2373 Haec
1396 2337 1544 2371 anxius
1580 2336 1691 2371 obse·
1713 2331 1752 2367 17

191 2389 332 2424 orabat
359 2399 448 2424 eum
477 2388 661 2423 lacrimis.
712 2387 830 2422 Mane
857 2388 982 2430 initur
1010 2386 1178 2421 coneilio
1205 2386 1283 2420 iam
1318 2387 1542 2420 convocato
1570 2382 1691 2418 Arius
1708 2380 1752 2414 18

131 2449 137 2454 ·
191 2437 290 2472 abiit
316 2437 421 2472 elato
449 2437 594 2471 animo.
647 2435 779 2480 Atque
806 2436 846 2470 in
874 2435 962 2480 ipsa
990 2435 1057 2468 via
1076 2436 1218 2468 ventre
1240 2436 1464 2478 torquetur,
1491 2435 1535 2466 ut
1555 2431 1690 2466 alvum
1709 2428 1752 2462 19

192 2489 232 2520 ot
258 2485 435 2519 vesicam
463 2487 723 2527 exonerarem
757 2483 965 2517 declinans
994 2482 1043 2517 de
1071 2482 1138 2516 via
1165 2481 1278 2525 sedit,
1306 2484 1349 2515 ut
1378 2482 1598 2515 evacuaret
1626 2476 1754 2514 (ax-20

193 2535 453 2575 crementum,
488 2532 559 2567 sed
587 2532 830 2567 effluxerunt
857 2541 940 2565 una
967 2540 1057 2565 cum
1087 2533 1266 2564 stercore
1294 2529 1381 2573 ipsa
1408 2527 1599 2562 intestina
1626 2527 1692 2562 ho-

193 2580 308 2615 minis
335 2580 440 2614 illius
468 2580 613 2623 miseri,
641 2580 696 2614 ita
723 2583 767 2614 ut
794 2579 992 2613 violenter
1020 2578 1251 2623 privaretur
1277 2577 1372 2611 vita.

313 2627 547 2663 Patriarcha
574 2630 707 2662 autem
738 2626 970 2661 Alexander
1002 2636 1073 2671 per
1101 2624 1244 2669 vig-inti
1281 2627 1320 2658 (είς
1348 2627 1430 2659 tres
1464 2622 1691 2657 sacerdotio
1708 2619 1750 2654 21

193 2677 356 2711 functus
389 2685 518 2710 annos
551 2678 718 2710 mortem
760 2685 849 2709 eum
890 2675 973 2709 vita
1014 2672 1287 2714 commutavit,
1327 2672 1364 2706 in
1407 2671 1522 2706 cuius
1560 2670 1691 2705 locum

194 2724 346 2758 accitus
374 2727 432 2758 ost
460 2723 511 2757 ab
539 2723 776 2758 orthodoxis
802 2722 854 2757 ad
878 2722 1012 2757 sedem
1034 2719 1522 2764 constantinopolitanam
1542 2717 1693 2753 Paulus

194 2772 412 2806 eonsessor.
464 2770 515 2805 At
541 2781 730 2806 reversus
753 2770 1013 2805 Constantius
1034 2767 1247 2803 Antiochia
1275 2767 1382 2812 penit
1410 2766 1506 2802 sede
1533 2776 1624 2800 eum
1653 2766 1692 2800 in
1708 2763 1755 2798 22

0 2821 34 2861 εἱ
195 2819 363 2863 eiusque
392 2818 523 2853 locum
550 2819 654 2853 accit
680 2818 938 2853 Nicomediae
959 2817 1188 2856 Eusebium,
1217 2818 1457 2850 sectatorem
1472 2813 1569 2849 Arii.
1613 2812 1692 2849 Sed
1709 2812 1754 2846 223

14 2867 38 2915 Ἐ
195 2865 233 2902 S.
260 2866 411 2901 Paulus
438 2876 527 2901 cum
557 2876 702 2911 papam
731 2865 882 2900 Romae
909 2865 1074 2900 adiisset
1104 2864 1248 2898 Iulium
1275 2863 1327 2897 ab
1354 2872 1486 2908 eoquo
1517 2861 1601 2896 sodi
1636 2872 1693 2896 re-

17 2914 33 2939 ³2
196 2914 358 2951 stitutus
391 2917 496 2951 esset
525 2912 1011 2961 Constantinopolitanae,
1053 2912 1186 2949 denuo
1214 2921 1239 2946 a
1265 2909 1500 2948 Constantio
1534 2909 1694 2957 pellitur
