2054 3282
355 210 592 252 SYNODVS
619 209 826 251 CONTRA
851 206 1274 249 MONOTHELITAS.
1325 204 1570 247 BVLGARI.
1643 205 1714 246 227

215 337 472 392 ἐκστρατεύει
510 336 647 378 τοίνυν
685 336 778 378 κατ’
809 335 950 377 αὐτῶν
981 334 1006 377 ὁ
1036 332 1229 389 βασιλεὺς
1259 333 1577 380 Κωνσταντΐνος
1607 333 1714 376 κατὰ
1732 336 1774 371 11

216 411 293 462 γῆν
312 422 355 448 τε
375 406 446 448 καὶ
467 405 697 453 θάλασσαν,
730 404 876 447 στόλον
896 403 1028 446 πολὺν
1049 403 1097 445 ἐκ
1128 406 1200 458 τῆς
1231 402 1449 458 θαλάσσης
1479 402 1716 457 εἰσαγαγὼν

215 477 273 522 εἷς
303 475 374 517 τὸν
406 475 627 529 Δάνουβιν.
691 475 731 516 οἱ
762 474 807 516 δὲ
838 474 1049 556 βάρβαροι
1086 471 1160 527 τὴν
1190 475 1276 514 τῶν
1306 471 1530 526 Ῥωμαίων
1561 471 1718 518 ἰδόντες
1733 474 1777 509 12
1802 473 1832 509 B

215 544 489 599 παρασκευὴν
520 543 749 586 ἕδειλίασαν
779 542 851 584 καὶ
882 543 939 588 εἰς
970 541 1180 597 ὂχύρωμά
1205 557 1240 582 τι
1260 544 1465 595 ποταμοῖς
1486 540 1716 595 στεφανού-

181 619 344 668 5μενον
374 613 445 655 καὶ
475 613 657 666 τενάγεσι
689 611 1028 657 κατακλείσαντες
1058 609 1232 656 εαυτοὺς
1263 610 1469 665 ἠρέμουν
1502 606 1590 651 ἀλλ’
1624 609 1715 651 οὐδ
1735 612 1778 647 13

0 689 43 729 D
61 683 242 736 11132Οὴ
266 681 480 736 Ῥωμαϊκὴ
515 680 680 735 στρατιὰ
713 680 872 726 τούτοις
901 679 1172 733 προσέβαλεν.
1235 676 1302 733 ἐφ’
1325 679 1502 733 ἡμέραις
1523 677 1600 720 οὖν
1620 694 1719 721 τισιν
1735 680 1779 716 14

218 751 331 792 οὕτω
364 749 666 804 διατιθεμένων
686 752 772 790 τῶν
793 748 991 790 ἐναντίων
1012 748 1184 802 ἀμφοῖν,
1217 747 1428 802 μαλακίαν
1449 748 1489 788 οἱ
1508 747 1719 802 βαρβαροι

216 822 302 860 τῶν
332 818 556 872 Ῥωμαίων
593 818 818 871 κατέγνων.
881 817 1191 871 ἕπισυιιβέβηκε
1235 816 1280 858 δὲ
1323 816 1398 857 καί
1432 831 1467 857 τι
1498 817 1523 857 ὃ
1553 816 1719 870 θαρσος
1734 819 1779 853 15

219 887 389 933 ἐκείνοις
421 887 543 941 ἐνῆκε
573 891 645 941 τῆς
675 886 884 940 προτέρας
916 885 1066 931 δειλίας
1095 885 1317 926 ἀντίθετον.
1380 885 1405 926 ὅ
1427 884 1507 939 γὰρ
1528 884 1720 939 βασιλεὺς
1735 889 1779 923 16

160 962 206 997 10
218 956 266 997 ἐκ
305 955 534 1009 ποδαλγίας
570 955 753 1009 νοσήσας
791 953 862 996 καὶ
901 953 1165 1008 δριμυτέραις
1208 954 1407 1008 ἀλγηδόσι
1449 953 1720 1008 βαλλόμενος,

218 1025 408 1079 λουτροῖς
450 1023 714 1078 χρησόμενος
757 1022 833 1064 σὺν
869 1024 989 1064 πέντε
1027 1023 1219 1077 δρόμωσι
1255 1022 1358 1077 μετὰ
1390 1027 1462 1078 τῆς
1492 1023 1721 1076 θεραπείας

219 1094 276 1139 εἷς
306 1092 590 1147 Μεσημβρίαν
630 1091 768 1146 (χώρα
808 1089 845 1133 δ’
878 1091 962 1133 ὑπὸ
993 1090 1228 1146 Ῥωμαίους
1264 1091 1437 1133 τελοῦσα
1477 1092 1580 1146 αὕτη
1621 1090 1718 1145 ἐστί)

218 1161 290 1204 τὸν
322 1162 504 1204 ἔκπλουν
533 1161 745 1215 πεποίητο,
777 1160 852 1215 τὴν
882 1160 1074 1215 στρατιὰν
1100 1160 1171 1202 καὶ
1191 1159 1289 1206 τοὺς
1309 1159 1570 1214 στρατάρχας
1591 1161 1722 1201 ἐκεῖσε

0 1039 14 1213 now-‘vv‘sv’
0 1015 3 1029 Ὗ
0 1005 2 1008 -

0 1234 13 1302 ξ
220 1230 461 1272 καταλιπὼν
492 1230 563 1272 καὶ
584 1230 823 1285 ἐπισκήψας
842 1229 951 1283 πρὸς
971 1229 1068 1275 τοὺς
1088 1229 1336 1284 βαρβάρους
1357 1229 1720 1283 ἀκροβολίζεσθαι,
1736 1232 1765 1269 C

162 1305 207 1340 15
221 1296 270 1340 ἵν’
305 1299 441 1345 οὕτως
472 1297 625 1344 αὐτοὺς
656 1299 713 1344 εἷς
743 1298 927 1352 πόλεμον
959 1298 1276 1339 ἐπισπάσωνται.
1339 1298 1487 1352 φήμης
1519 1297 1565 1339 δὲ
1604 1313 1719 1351 γενο-
1737 1302 1780 1337 17

220 1367 351 1422 μένης
386 1367 443 1413 εἷς
481 1366 527 1408 τὸ
565 1366 846 1421 στρατόπεδον
885 1366 1014 1421 φόβῳ
1051 1370 1137 1408 τῶν
1167 1367 1382 1421 πολεμίων
1414 1366 1722 1421 διαδιδράσκειν

221 1435 292 1478 τὸν
323 1435 626 1489 αὐτοκράτορα,
659 1437 846 1490 αἰσχρῶς
877 1436 1054 1482 ἅπαντες
1073 1434 1258 1490 μηδενὸς
1280 1435 1509 1481 διώκοντος
1531 1436 1721 1490 ἔφευγον.

220 1509 342 1546 τοῦτο
362 1508 446 1550 τοῖς
467 1504 730 1558 Βουλγάροις
752 1503 1086 1558 ἀπροσδοκήτως
1109 1504 1333 1559 γενόμενον
1353 1505 1481 1558 μένος
1507 1504 1722 1546 ἐνέπνευσε
1740 1508 1782 1543 18

220 1573 291 1615 καὶ
329 1565 570 1629 παρέθηξεν
608 1573 665 1619 εἰς
704 1573 848 1628 ἀλκήν,
894 1573 964 1614 καὶ
1004 1573 1139 1615 ὀπίσω
1181 1573 1404 1619 διώκοντες
1434 1571 1615 1620 πολλοὺς
1644 1572 1908 1627 μὲνΨΙΙΙἹῦ

293 1712 312 1747 1
339 1711 444 1748 αὐτὸν
469 1712 502 1748 Ε
637 1711 659 1747 2
686 1715 776 1758 post
800 1712 860 1747 καὶ
887 1712 979 1747 add.
1006 1711 1095 1748 κατὰ
1121 1711 1288 1758 prDi,
1316 1724 1353 1747 v.
1383 1711 1435 1747 ad
1463 1711 1553 1747 XIV
1581 1711 1638 1756 27,
1667 1712 1722 1756 11,

0 1769 24 1787 ἃ
292 1771 379 1807 arg.
407 1760 460 1795 ad
484 1759 556 1796 XV
583 1760 615 1804 1,
629 1759 687 1803 23,
714 1759 830 1796 Cedr.
857 1759 1047 1806 (Seylitz.)
1075 1760 1112 1796 II
1138 1772 1175 1807 p.
1203 1761 1260 1805 82,
1287 1760 1333 1795 22
1460 1759 1666 1805 συναγαγὼν
1693 1759 1722 1795 C

0 1812 27 1842 {²²3³
291 1808 314 1844 3
339 1809 528 1854 δάννουβιν
553 1807 595 1852 Β,
622 1809 793 1854 δανουβιν
819 1807 906 1853 (sit)
933 1807 990 1842 w*
985 1818 1019 1854 'p
1139 1809 1162 1844 4
1188 1808 1361 1854 ὀχύρωμά
1388 1807 1431 1853 τι]
1458 1808 1662 1853 ὀχυρώματι
1692 1808 1722 1842 Ε

291 1856 325 1891 4.
339 1856 362 1891 ἴ)
387 1870 447 1891 και
466 1856 617 1901 τενάγεσι
636 1856 918 1902 στεφανούμενον
937 1855 968 1891 O
1061 1857 1083 1892 9
1104 1857 1229 1902 ἐνῆκεν
1246 1857 1393 1896 ἐκείνοις
1411 1855 1442 1890 Β
1537 1856 1580 1891 12
1604 1855 1720 1901 χώρα]

0 1929 20 1946 ‚5
293 1915 331 1940 v.
339 1903 411 1940 XV
427 1905 492 1948 1,1
566 1904 690 1949 χώραν
703 1905 727 1949 ἤ
741 1903 774 1938 δ’
783 1903 818 1938 D
893 1904 924 1939 δ’
942 1915 1017 1939 0111.
1027 1904 1056 1940 C
1130 1906 1216 1950 αὕτη
1234 1905 1378 1940 τελοῦσα
1392 1904 1422 1939 Β
1497 1905 1583 1948 αὕτη
1601 1903 1722 1938 om.D

0 1939 30 1983 ξ
339 1953 426 1997 αὕτη
453 1952 522 1987 ἔστι
540 1952 684 1987 τελοῦσα
703 1951 732 1988 C
832 1952 876 1987 15
901 1953 995 1987 οὕτω
1015 1952 1101 1999 wssp
1121 1954 1259 1988 invitis
1277 1952 1359 1997 AR,
1386 1963 1423 1987 v.
1443 1951 1495 1987 ad
1515 1951 1610 1987 XIII
1629 1952 1662 1996 G,
1681 1953 1723 1986 16

295 2000 340 2035 18
364 2001 546 2046 γενόμενον
564 1999 732 2046 prDi,
758 2001 938 2045 γινόμενον
956 2003 995 2035 et-
1012 2002 1198 2045 γενόμενον
1215 2012 1287 2047 pel·
1306 2001 1470 2047 dittogr.
1500 1999 1535 2035 A
1629 2003 1722 2035 ante

290 2048 395 2094 μένος
421 2048 514 2083 add.
539 2048 588 2087 εἷς
615 2048 680 2086 Em

224 2177 480 2213 vastantibus
523 2187 595 2212 rex
639 2175 926 2213 Constantinus
968 2181 1077 2213 terra
1116 2178 1300 2223 marique
1336 2187 1551 2213 occurrere
1594 2180 1722 2223 parat,
1739 2176 1781 2210 11

223 2235 375 2271 magna
401 2225 528 2260 classe
565 2235 587 2260 e
612 2226 712 2259 mari
753 2226 792 2260 in
821 2224 1055 2261 Danubium
1082 2225 1282 2260 traducta.
1333 2224 1420 2267 Quo
1449 2225 1722 2261 Romanorum
1739 2224 1784 2259 12

225 2277 426 2319 apparatu
453 2274 580 2308 territi
613 2273 776 2308 barbari
803 2273 1027 2309 munitione
1066 2273 1242 2318 quadam
1271 2276 1481 2319 occupata,
1521 2283 1626 2319 quae
1653 2273 1724 2308 flu-

224 2321 400 2356 minibus
442 2324 481 2356 ct
524 2321 615 2356 limo
655 2320 909 2366 cingebatur,
948 2321 1172 2366 quiescunt.
1224 2320 1365 2366 Neque
1404 2331 1501 2356 vero
1541 2320 1783 2367 legionesl3

225 2368 433 2405 Romanae
460 2379 528 2405 eos
555 2370 752 2404 invasere.
805 2367 903 2404 Cum
942 2373 1078 2404 autem
1105 2369 1308 2414 utrimque
1347 2368 1432 2404 dies
1459 2369 1614 2414 aliquot
1651 2379 1724 2414 per
1740 2367 1783 2402 14

227 2418 350 2452 otium
384 2417 441 2452 ita
466 2417 770 2463 transegissent,
797 2416 961 2451 barbari
976 2416 1179 2452 Romanos
1207 2417 1380 2461 ignavos
1407 2427 1494 2452 esse
1510 2426 1724 2462 perspexe-

226 2468 331 2500 runt.
381 2464 551 2510 Insuper
578 2464 753 2510 quodam
794 2468 944 2500 eventu
982 2464 1146 2499 barbari
1182 2474 1320 2510 parem
1360 2465 1483 2510 priori
1521 2464 1724 2500 timiditati
1740 2463 1785 2498 15

225 2513 414 2548 fiduciam
442 2516 695 2558 receperunt.
745 2511 846 2548 Nam
874 2522 945 2547 rex
973 2513 1137 2547 summis
1164 2512 1312 2558 pedum
1339 2512 1548 2548 doloribus
1574 2512 1785 2547 crucia-16

226 2564 291 2596 tus
318 2570 408 2596 cum
448 2561 627 2606 quinque
658 2560 834 2595 navibus
872 2560 1072 2606 expeditis
1098 2569 1255 2605 suoque
1283 2561 1476 2595 comitatu
1502 2560 1543 2595 in
1561 2559 1725 2595 Mesem—

226 2608 367 2651 briam‚
408 2608 628 2643 Romanam
666 2608 887 2653 regionem,
926 2608 1060 2643 traicit
1097 2607 1252 2643 balneis
1277 2617 1437 2652 usurus,
1477 2608 1659 2643 exercitu
1686 2612 1726 2644 et

227 2655 400 2691 ducibus
438 2656 516 2690 illie
544 2655 703 2699 relictis,
743 2656 891 2700 quibus
917 2655 1143 2700 mandarat,
1181 2658 1227 2690 ut
1253 2655 1556 2691 velitationibus
1591 2655 1725 2691 hostes

228 2703 280 2739 ad
295 2713 475 2749 pugnam
494 2704 695 2739 elicerent.
740 2703 886 2738 Verum
907 2714 1069 2739 rumore
1096 2704 1136 2738 in
1156 2704 1297 2738 castris
1324 2707 1411 2738 orto
1440 2703 1724 2749 imperatorem
1741 2703 1784 2739 17

227 2755 337 2787 metu
364 2751 536 2787 hostium
564 2752 719 2796 cepisse
734 2751 885 2796 sugam,
913 2752 1085 2797 turpiter
1112 2761 1250 2786 omnes
1277 2751 1442 2796 fugiunt
1457 2755 1725 2797 persequente

229 2800 400 2835 nemine.
451 2799 568 2841 Quod
601 2802 762 2844 praeter
788 2810 899 2845 spem
927 2800 1078 2834 factum
1106 2798 1376 2844 Bulgarorum
1417 2800 1572 2835 animos
1611 2800 1726 2834 auxit
1742 2801 1786 2835 18

229 2851 268 2882 et
294 2846 506 2882 audaciam
537 2847 656 2891 acuit,
684 2850 728 2882 ut
754 2848 880 2892 tergis
907 2847 1149 2891 fugientium
1185 2846 1441 2882 inhaerentes
1467 2847 1613 2882 multos
1640 2857 1726 2882 cae-

215 2896 370 2933 -1lerent
400 2905 531 2940 neque
561 2895 772 2940 pauciores
799 2898 991 2941 caperent
1018 2898 1058 2930 et
1084 2894 1184 2930 Istro
1201 2895 1369 2930 traiecto
1398 2896 1569 2932 tentoria
1600 2896 1637 2930 in
1656 2895 1726 2931 lio-
