2054 3282
342 237 415 274 330
752 235 934 274 ZONAR.
962 236 1091 272 EPIT.
1118 236 1190 272 XV
1216 236 1272 281 21,
1299 235 1427 273 6—19.

262 362 328 399 D7
343 359 512 413 ὀλέθρῳ
551 360 693 400 αὐτοῦ.
756 360 781 413 ἡ
816 359 863 399 δέ
893 374 937 411 γε
973 358 1187 412 βασίλισσα
1225 362 1347 399 τοῦτο
1385 363 1540 412 γνοῦσα
1577 359 1651 414 τὴν
1687 363 1837 416 πρᾶξιν

342 427 538 475 ἐκώλυσε,
582 432 642 481 πῇ
671 427 749 481 μὲν
781 427 957 479 δεομένη
990 430 1063 466 τοῦ
1096 427 1337 474 ξυνευνέτου
1369 427 1632 481 ὑπερθέσθαι
1665 428 1731 470 διὰ
1762 430 1836 485 τὴν

341 495 488 549 ἑορτὴν
526 500 599 536 τοῦ
639 495 888 548 κατακρίτου
929 493 1002 547 τὴν
1041 494 1223 547 κόλασιν,
1267 498 1328 549 πῇ
1373 494 1418 535 δὲ
1460 496 1531 536 καὶ
1574 497 1836 551 θρασύτερον

338 565 663 617 προσφερομένη
704 564 821 616 αὐτῷ
857 561 928 603 καὶ
967 562 1098 602 ἄθεον
1129 561 1320 615 λέγουσα,
1367 562 1426 603 ὅτι
1456 562 1516 616 μὴ
1549 564 1834 607 ὑποστέλλεται

337 631 411 686 τὴν
439 636 512 672 τοῦ
545 631 792 685 φρικώδους
821 630 1050 684 μυστηρίου
1083 630 1245 683 ἡμέραν
1275 634 1347 684 τῆς
1377 635 1450 671 τοῦ
1478 636 1669 686 σωτῆρος
1690 633 1869 688 γεννή-ἶ)

302 706 457 744 ὃσεως.
519 700 678 745 τούτοις
714 699 760 739 τὸ
801 697 984 752 σκληρὸν
1017 698 1174 738 ἐκείνου
1206 697 1428 750 μαλάξασα
1459 699 1652 740 πέπεικεν
1683 700 1835 741 ἀνεῖναι

302 767 426 809 9τότε
457 772 518 821 τῷ
542 767 716 821 ΙΙΙιχαηλ
747 767 820 821 την
853 766 1083 807 ἀπώλειαν·
1117 765 1141 805 ὁ
1175 765 1219 806 δὲ
1250 765 1358 819 πρὸς
1388 765 1462 819 τὴν
1493 767 1722 821 εὐνέτειραν
1754 769 1834 822 ἔφη

337 835 465 876 “ἷόοὺ
502 836 728 889 πέπεισμαί
761 851 838 887 σοι,
884 835 985 876 ἄλλά
1030 851 1074 889 γε
1111 834 1161 876 σὺ
1193 835 1335 889 γνώσῃ
1367 835 1438 876 καὶ
1469 835 1517 876 τὰ
1549 837 1670 878 τέκνα
1702 836 1751 878 τὰ
1783 837 1835 878 σὰ

280 902 415 946 1Οὸοα
449 903 547 956 ὑμῖν
586 903 633 943 ἐκ
671 903 820 943 τούτου
860 903 1187 957 συμβήσονται.”
1248 903 1272 944 ὁ
1302 903 1380 957 μὲν
1412 902 1487 945 οὖν
1518 904 1692 958 Μιχαὴλ
1723 905 1834 946 οὕτω

336 970 407 1012 τὸν
447 971 627 1024 ὄλεθρον
665 972 915 1025 ὑπεξέφυγε·
963 971 1229 1025 θαυμάσαιτο
1268 970 1305 1012 δ’
1339 973 1390 1013 ἄν
1430 988 1488 1017 τις
1520 972 1622 1014 ὅθεν
1653 973 1678 1014 ὁ
1708 972 1836 1015 Λέων
1851 983 1896 1018 10

335 1044 508 1093 προεῖπε
550 1039 596 1081 τὸ
641 1039 936 1094 γενησόμενον·
983 1040 1033 1080 οὗ
1073 1039 1152 1093 γὰρ
1191 1040 1360 1087 πάντως
1399 1041 1501 1082 αὑτὸ
1542 1042 1588 1082 ἐκ
1620 1042 1835 1096 θειοτέρας

52 1113 251 1151 PIIl33A
279 1117 320 1150 11
337 1107 550 1153 ἐπιπνοίας
570 1109 829 1161 προέγνωκε.
891 1111 986 1153 πῶς
1018 1107 1097 1161 γὰρ
1129 1109 1362 1163 θεομαχῶν
1393 1110 1564 1163 ἐκεῖνος,
1596 1109 1667 1151 καὶ
1698 1110 1834 1157 ἄλλως

279 1185 324 1221 12
338 1175 444 1230 ἀνὴρ
477 1178 539 1217 ὢν
571 1177 761 1230 αἱμάτων
791 1176 863 1217 καὶ
893 1177 988 1231 βίου
1019 1176 1079 1230 μὴ
1113 1178 1270 1218 παθῶν
1303 1178 1640 1231 καθαρεύοντος,·
1679 1179 1834 1232 λέγεται

336 1245 634 1298 προεγνῶσθαι
665 1246 781 1299 αὐτῷ
811 1245 927 1299 παρά
959 1261 1032 1286 του
1056 1246 1405 1300 χρησμοὸοτηθὲν
1427 1246 1486 1287 ὅτι
1508 1246 1613 1287 κατὰ
1635 1246 1709 1301 τὴν
1730 1247 1832 1301 ἡμέ-

337 1328 416 1366 ραν
446 1318 519 1368 τῆς
550 1314 782 1367 γεννήσεως
812 1318 886 1354 τοῦ
918 1313 1104 1367 Χριστοῦ
1136 1314 1207 1355 καὶ
1236 1319 1308 1369 τῆς
1340 1315 1474 1369 ἀρχῆς
1507 1316 1732 1356 ἐκπεσεῖται
1763 1315 1834 1356 καὶ
1850 1324 1894 1360 15

279 1386 324 1421 13
336 1386 408 1436 τῆς
445 1383 570 1436 ζωῆς.
632 1381 734 1423 ἀλλὰ
771 1382 846 1423 καί
878 1383 916 1423 τί
950 1398 1051 1435 φασι
1091 1387 1140 1437 τῇ
1179 1386 1264 1424 τῶν
1302 1384 1550 1438 ἀνακτόρων
1580 1384 1831 1439 βιβλιοθήκῃ

335 1451 494 1506 βιβλίον
537 1451 845 1505 ἐναποκεῖσθαι,
892 1451 935 1492 ἓν
971 1449 1010 1506 ᾦ
1041 1451 1112 1492 καὶ
1150 1451 1334 1506 χρησμοὶ
1370 1452 1464 1506 περὶ
1504 1455 1589 1494 τῶν
1626 1452 1833 1507 βασιλέων

337 1592 358 1628 7
384 1593 447 1628 ὅσα
470 1598 636 1637 προεῖπεν
661 1593 682 1626 ὅ
705 1592 810 1628 Λέων
833 1592 911 1638 περὶ
937 1598 996 1628 τοῦ
1022 1593 1170 1637 τραυλοῦ
1198 1594 1288 1634 (om.
1317 1592 1360 1634 C)
1386 1594 1534 1639 ΙίῙιχαήλ
1559 1592 1671 1638 ACE,
1710 1594 1831 1638 σημεί-

336 1653 426 1675 ωσαι
453 1639 485 1674 Β
591 1640 634 1675 16
659 1641 739 1685 περὶ
765 1645 834 1675 τῶν
859 1641 896 1675 ἒν
921 1647 970 1685 τῷ
996 1641 1124 1686 βιβλίῳ
1149 1646 1199 1685 τῷ
1225 1641 1261 1675 ἓν
1287 1647 1357 1679 τοῖς
1383 1641 1591 1686 ἀνακτόροις
1614 1641 1674 1676 καὶ
1700 1646 1771 1676 τῶν
1795 1641 1832 1676 ἒν

335 1688 461 1734 ἐκείνῳ
486 1688 736 1733 εἰκονισμένων
760 1688 820 1724 καὶ
845 1690 940 1728 ὅπως
966 1689 1244 1734 ἡρμηνεύθησαν
1269 1689 1386 1724 ἐκεῖνα
1412 1689 1471 1724 καὶ
1496 1688 1589 1734 παρὰ
1616 1690 1705 1728 τίνος
1732 1688 1761 1725 C

409 1820 427 1855 1
454 1821 581 1865 πρᾶξιν
607 1821 703 1866 Ewp
801 1820 823 1855 2
847 1820 982 1855 ἐκώλυε
1007 1820 1053 1864 Ι),
1082 1820 1340 1865 prohibebat:
1374 1821 1440 1855 Wo
1459 1820 1524 1855 lat.
1611 1821 1777 1861 ξυνεύνου
1801 1821 1832 1856 Ε

407 1869 430 1902 4
457 1868 675 1913 ὄνομάζουσα
702 1867 733 1904 Ο
831 1868 853 1903 5
879 1868 1012 1913 ἡμέραν
1040 1871 1130 1913 post
1155 1867 1217 1913 τὴν
1244 1867 1274 1903 Ο
1373 1869 1395 1903 6
1421 1868 1478 1903 τὸν
1504 1868 1551 1912 D,
1578 1867 1616 1902 τὸ
1642 1878 1743 1903 corr.
1763 1868 1832 1907 Dw

409 1918 429 1952 7
455 1916 585 1961 ἔφησεν
612 1915 708 1961 pr
828 1917 850 1951 8
875 1930 913 1960 γε
941 1927 1016 1950 om.
1043 1915 1176 1960 DEWJ)
1291 1914 1331 1950 τὰ
1358 1915 1400 1950 σὰ
1426 1916 1529 1951 τέκνα
1555 1915 1586 1950 Β
1700 1915 1722 1950 9
1747 1929 1832 1960 συμ-

407 1964 573 2010 βήσονται
589 1963 668 2008 ΑΕ,
684 1963 713 1999 C
729 1974 829 1998 corr.
846 1973 896 1998 ex
911 1963 1137 2009 συμβήσεται,
1157 1963 1370 2009 συμβήσεται
1385 1963 1483 2008 pr
1555 1964 1600 1998 10
1613 1963 1832 2008 θαυμάσαιτο

408 2011 444 2046 Α
471 2018 522 2055 (v.
549 2010 653 2046 Ann.
681 2011 816 2047 Comn.
845 2011 862 2045 I
889 2011 1021 2056 p.354‚
1038 2011 1092 2054 19,
1119 2011 1233 2046 Psell.
1254 2011 1340 2046 hist.
1369 2022 1404 2056 p.
1422 2011 1588 2055 280‚13),
1614 2011 1831 2056 θαυμάσεται

409 2059 452 2103 R,
471 2059 650 2103 θαυμάσαι
670 2057 791 2104 wpDz'
865 2059 906 2093 11
925 2064 1091 2102 προεῖπεν
1110 2059 1217 2104 Ewp,
1237 2069 1273 2094 V.
1295 2059 1347 2093 ad
1373 2058 1469 2093 XIII
1489 2059 1519 2102 1,
1534 2058 1557 2093 5
1629 2060 1833 2104 γεννησόμε-

407 2120 468 2142 νον
487 2106 516 2142 C
591 2106 636 2140 12
661 2107 860 2151 προέγνωσε
887 2106 974 2152 w*p
1001 2107 1137 2141 invitis
1163 2106 1234 2141 AR
1309 2106 1353 2141 13
1380 2109 1470 2151 post
1495 2106 1625 2151 λέγεται
1653 2106 1744 2141 add.
1771 2106 1834 2141 οὖν

409 2155 517 2200 Ewp,
531 2160 616 2199 γοῦν
628 2154 672 2199 R,
687 2154 753 2199 γὰρ
768 2153 798 2188 Β
867 2154 910 2189 16
926 2154 1143 2200 βιβλιοθήκῃ
1166 2165 1240 2189 om.
1261 2153 1345 2199 W*p
1365 2155 1452 2195 (WO
1470 2154 1555 2189 lat.:
1574 2154 1832 2197 bibliotheca)

302 2290 576 2328 7laetabatur.
626 2291 680 2327 At
705 2292 848 2337 regina
875 2302 922 2327 eo
950 2292 1114 2337 cognito
1140 2291 1181 2326 id
1207 2291 1365 2325 facinus
1398 2291 1613 2336 prohibuit,
1646 2291 1832 2326 maritum

337 2341 482 2386 partim
498 2350 629 2384 orans,
656 2343 701 2375 ut
720 2339 898 2374 damnati
920 2339 1160 2384 supplicium
1181 2342 1346 2384 propter
1364 2339 1509 2374 festum
1530 2338 1718 2382 differret,
1745 2349 1833 2383 par-

336 2389 407 2423 tim
446 2388 564 2423 etiam
605 2388 801 2422 audacius
839 2387 1054 2432 increpans
1087 2390 1126 2422 et
1157 2387 1321 2431 impium
1360 2386 1579 2430 appellans,
1621 2386 1688 2430 qui
1728 2385 1832 2420 diem

302 2435 560 2470 Svenerandi
587 2435 766 2480 mysterii
793 2434 1016 2469 nativitatis
1042 2433 1261 2469 servatoris
1287 2444 1365 2468 non
1395 2436 1613 2468 vereretur.
1656 2432 1727 2467 His
1748 2443 1832 2468 ver-

337 2483 408 2527 bis,
448 2483 553 2518 illius
579 2484 798 2528 asperitate
823 2482 1017 2526 mitigata,
1058 2485 1289 2523 commotus,
1323 2484 1367 2515 ut
1400 2479 1602 2515 Michaelis
1629 2481 1832 2515 interitum

302 2531 527 2574 9differret,
573 2530 624 2565 ad
657 2531 870 2575 coniugem
911 2529 1076 2564 “Eece’'
1106 2529 1235 2573 inquit
1269 2529 1370 2562 “tibi
1405 2529 1654 2572 obtemptu-03
1692 2528 1763 2562 sed
1788 2530 1833 2562 tu

280 2578 324 2613 10
338 2579 534 2623 liberique
552 2579 610 2613 tui
630 2578 894 2622 cognoscetis,
922 2586 1027 2621 quae
1046 2577 1161 2611 vobis
1181 2586 1231 2611 ex
1252 2586 1298 2610 eo
1318 2574 1543 2610 eveniant.’'
1588 2574 1641 2610 At
1666 2575 1833 2610 Michael

338 2626 412 2660 hoc
440 2629 557 2670 pacto
585 2636 724 2660 necem
752 2625 910 2669 effugit3
938 2624 1104 2659 miretur
1129 2627 1263 2658 autom
1283 2623 1437 2667 aliquis,
1464 2622 1573 2657 unde
1591 2622 1675 2658 Leo
1695 2623 1832 2657 futura

281 2674 319 2707 11
338 2673 597 2718 praedixerit,
626 2683 730 2717 quae
756 2673 897 2717 utique
923 2682 1004 2706 non
1031 2682 1081 2706 ex
1110 2671 1245 2705 divino
1273 2671 1414 2704 afflatu
1441 2675 1648 2715 cognorat,
1684 2671 1833 2715 quippe

338 2721 455 2755 homo
483 2721 653 2756 infestus
680 2720 756 2755 deo
783 2723 823 2755 et
849 2719 1136 2764 sanguinarius
1163 2719 1369 2762 vitamque
1396 2717 1549 2762 degens
1568 2718 1833 2762 perturbatio-

282 2768 457 2802 1⁶-2nibus
483 2769 644 2802 minime
670 2778 825 2813 puram,
875 2767 1018 2802 Fertur
1046 2766 1252 2801 oraculum
1272 2776 1296 2799 a
1315 2764 1488 2809 quodam
1516 2765 1720 2809 accepisse
1746 2765 1834 2800 fore

282 2815 326 2849 13
339 2819 383 2849 ut
410 2815 474 2850 die
499 2815 721 2850 nativitatis
748 2814 892 2850 Christ-i
919 2817 958 2849 et
983 2814 1194 2858 imperium
1221 2816 1260 2847 et
1287 2813 1409 2847 vitam
1441 2813 1650 2846 amitteret.
1700 2812 1833 2847 Perhi-

341 2863 457 2897 betur
495 2863 614 2897 etiam
652 2863 694 2897 in
733 2863 848 2907 regia
880 2861 1123 2896 bibliotheca
1154 2860 1278 2895 fuisse
1312 2860 1423 2903 liber,
1462 2870 1541 2904 quo
1582 2860 1746 2894 oracula
1783 2859 1832 2894 de

339 2910 506 2956 regibus
534 2911 838 2947 continerentur
866 2910 1100 2955 formaeque
1127 2911 1166 2943 et
1192 2908 1395 2943 hominum
1422 2910 1462 2942 et
1487 2907 1665 2942 ferarum
1696 2907 1833 2952 pinge-
