2054 3282
525 254 874 292 POLYEVCTVS.
925 254 1161 292 AGARENI
1188 254 1494 292 CRETENSES.
1689 257 1759 292 487

260 376 406 417 αὐτοῦ·
438 375 510 417 καὶ
540 379 662 418 τοῦτο
693 380 777 423 τοῖς
807 376 1158 431 φιλοσκώμμοσιν
1189 377 1342 432 εὕρητο
1371 376 1477 419 κατὰ
1510 382 1583 419 τοῦ
1614 394 1758 432 πατρι-

34 512 54 562 ξῖἷ
78 517 116 555 D
134 519 187 556 1v
201 520 248 556 70
261 513 427 568 ὁρομὴν
465 514 689 568 ἐποιήσατο
726 517 812 555 τῶν
850 517 1064 568 συγγενῶν
1100 518 1173 556 τοῦ
1214 515 1408 568 γέροντος
1434 514 1657 570 Ῥωμανοῦ
1688 516 1760 557 καὶ

40 575 42 578 ’
259 582 487 623 ἀναστεῖλαι
531 582 606 637 τὴν
649 582 810 624 τούτων
845 582 1085 631 πλεονεξίαν
1121 583 1308 638 παρῄνει.
1371 583 1475 638 ὅπερ
1515 581 1601 626 οὔτ’
1634 584 1760 631 αὐτὸς
1778 588 1821 623 10

223 650 516 705 5ἀνεπαχθῶς
552 651 710 705 ἤκουσε
749 650 821 692 καὶ
852 652 877 705 ἡ
908 650 1068 705 βασιλὶς
1093 650 1251 706 Ἑλένη,
1296 650 1413 705 παρὰ
1452 656 1526 694 τοῦ
1563 652 1760 707 ἕκτομίου

259 718 494 772 Βασιλείου,
526 719 575 765 ὃς
594 719 807 773 μετέπειτα
828 720 1219 773 παρακοιμώμενος
1240 720 1396 774 γέγονε,
1425 711 1759 775 προβιβασθεῖσα

259 786 428 841 ἠρέθισε
459 786 564 828 κατὰ
597 791 670 828 τοῦ
702 787 964 842 πατριάρχου
995 787 1067 828 τὸν
1099 788 1390 842 αὐτοκράτορα
1423 788 1494 830 καὶ
1526 780 1656 844 ἐζήτει
1686 790 1759 831 λα-

257 855 351 910 βήν,
397 851 448 896 δι’
482 854 532 910 ἧς
563 855 691 896 αὐτὸν
725 855 800 910 τὴν
839 856 1156 910 ἀρχιερωσύνην
1193 857 1406 911 ἀφέληται.
1467 857 1556 899 τότε
1601 857 1647 899 δὲ
1689 858 1818 900 καὶ11

259 924 285 978 ἡ
316 924 426 977 τιμία
458 923 546 978 χεὶρ
575 927 649 965 τοῦ
672 923 941 978 Προόρόμου
973 925 1029 970 εἰς
1059 924 1134 979 τὴν
1164 925 1465 980 ὑπερκειμένην
1491 926 1758 982 ἀπεκομίσθη

200 998 245 1034 10
258 994 343 1033 τῶν
371 991 540 1033 πόλεων
569 992 614 1040 ἐξ
638 991 886 1046 Ἀντιοχείας
919 993 985 1034 διά
1017 1008 1126 1039 τινος
1158 993 1358 1035 διακόνου
1385 993 1495 1048 Ἰώβ.

381 1059 477 1102 Τῶν
508 1057 546 1102 δ’
570 1061 614 1102 ἐν
638 1065 688 1115 τῇ
710 1060 857 1115 Κρήτῃ
875 1060 1122 1115 Ἀγαρηνῶν
1153 1061 1202 1102 τά
1233 1062 1415 1116 παράλια
1447 1067 1520 1117 τῆς
1535 1062 1760 1117 Ῥωμαίων
1778 1067 1820 1102 12

256 1129 482 1183 ἡγεμονίας
501 1129 762 1184 ληιζομένων
783 1129 808 1170 ὁ
829 1129 1022 1183 βασιλεὺς
1046 1130 1192 1171 στόλον
1214 1131 1551 1185 ἑτοιμασάμενος,
1579 1133 1628 1173 ὃν
1647 1132 1758 1174 πλεῖ-

256 1212 346 1239 σται
383 1198 585 1239 συνίστων
623 1202 719 1253 νῆες
760 1198 1080 1252 πολεμιστήριοι,
1123 1196 1214 1240 κατ’
1260 1199 1433 1240 ἐκείνων
1472 1200 1758 1255 ἕκπέπομφεν.
1774 1203 1804 1240 C

257 1262 343 1307 ἀλλ’
378 1265 619 1321 ἐσφάλησαν
648 1265 697 1307 τὰ
734 1270 808 1307 τοῦ
847 1266 995 1308 στόλου
1035 1271 1085 1322 τῇ
1121 1271 1194 1309 τοῦ
1239 1272 1552 1322 ναυαρχοῦντος
1595 1269 1759 1323 ἀπειρίᾳ
1775 1273 1819 1308 13

199 1341 243 1378 15
255 1334 327 1376 καὶ
357 1334 539 1389 ἀμελείᾳ.
603 1334 674 1375 καὶ
704 1333 751 1375 τὸ
782 1334 860 1387 μὲν
899 1336 1041 1377 πλεῖον
1079 1339 1152 1377 τοῦ
1188 1335 1474 1390 πληρώματος
1515 1339 1600 1378 τῶν
1643 1340 1759 1391 νηῶν
1775 1342 1819 1377 14

256 1402 460 1456 ἀπώλετο,
505 1402 552 1444 τὸ
587 1403 667 1458 μὲν
703 1403 907 1457 ἑαλωκός,
951 1403 998 1445 τὸ
1038 1404 1084 1446 δὲ
1120 1405 1333 1458 μαχαίρας
1364 1405 1489 1458 ἔργον
1520 1404 1756 1459 γενόμενον,

254 1471 484 1514 πολλοστὸν
517 1471 560 1513 δὲ
594 1471 863 1513 ὀιασέσωστο.
925 1472 996 1513 καὶ
1027 1472 1154 1519 αὐτὸς
1185 1469 1223 1513 ‹5'
1247 1474 1299 1514 ἂν
1329 1473 1441 1515 ἑάλω
1473 1473 1498 1514 ὁ
1529 1473 1754 1528 ναύαρχος,
1772 1479 1816 1514 15

254 1540 293 1581 εἰ
326 1538 387 1594 μὴ
426 1538 521 1594 περὶ
564 1539 692 1582 αὐτὸν
735 1539 953 1588 συστάντες
992 1541 1033 1582 οἶ
1069 1542 1199 1583 αὐτοῦ
1243 1542 1501 1595 θεράποντες
1544 1542 1615 1583 καὶ
1658 1558 1755 1585 συν-

254 1694 278 1731 8
300 1694 381 1739 περὶ
406 1699 466 1740 τῆς
490 1695 603 1739 τιμίας
627 1699 688 1730 τοῦ
706 1695 927 1740 Προὸρόμου
951 1696 1071 1741 χειρός
1097 1698 1145 1741 (χ.
1172 1700 1232 1731 τοῦ
1256 1709 1315 1741 πρ.
1337 1693 1380 1738 C)
1408 1694 1509 1732 ACE
1608 1696 1650 1731 11
1677 1696 1756 1742 περὶ

255 1747 325 1778 τῶν
346 1742 547 1788 Ἄγαρηνῶν
573 1742 603 1779 C

330 1881 346 1915 1
374 1880 684 1926 φιλοσκώμμωσιν
710 1879 753 1925 Β,
782 1881 1050 1926 φιλοσχώμοσιν
1077 1881 1120 1924 Ε,
1146 1881 1420 1927 φιλοσκώμασιν
1448 1881 1483 1915 D
1607 1882 1630 1917 2
1655 1882 1694 1917 δὲ
1720 1882 1755 1916 D

325 1929 349 1965 3
372 1928 579 1973 ἐποιήσαντο
604 1927 639 1963 D
759 1927 782 1963 4
807 1928 987 1964 ἀναστεῒλε
1012 1929 1055 1972 Ε,
1082 1939 1184 1964 corr.
1212 1929 1275 1966 Ew
1397 1928 1476 1964 οὔτε
1503 1929 1538 1963 D
1651 1929 1674 1964 5
1699 1930 1752 1964 ἀν·

325 1975 494 2021 επαχθὼς
520 1975 562 2020 Ε,
590 1986 691 2011 corr.
719 1976 793 2019 Ew,
818 1976 984 2022 ἀνεχθῶς
1010 1975 1058 2020 Ι),
1086 1987 1187 2012 corr.
1215 1975 1284 2014 Dw
1425 1977 1524 2022 ἐλένη
1550 1975 1630 2020 ΑΕ,
1656 1978 1753 2022 ἑλένη

327 2022 483 2066 Οδννῦἰ,
512 2034 549 2058 v.
576 2023 629 2058 ad
655 2023 751 2058 XIII
780 2025 811 2067 1,
836 2023 859 2059 2
1004 2024 1026 2059 6
1049 2024 1228 2070 βασιλείου
1257 2034 1332 2059 om.
1360 2023 1390 2058 B
1536 2025 1559 2059 8
1583 2025 1679 2069 αὐτῷ
1708 2025 1754 2067 Ι),

326 2082 427 2107 corr.
443 2070 511 2109 Dw
608 2070 647 2106 δὲ
665 2081 739 2106 om.
756 2071 787 2106 Ο
885 2071 908 2106 9
932 2071 1152 2117 ἀνεκομίσθη
1172 2071 1203 2106 Β
1295 2071 1327 2107 9.
1346 2071 1390 2106 10
1415 2076 1484 2107 τῶν
1500 2073 1580 2107 πόλ.
1598 2072 1702 2107 ἀπεκ.
1718 2072 1753 2107 D

328 2119 382 2154 ll.
400 2118 443 2154 12
468 2123 527 2164 τῆς
549 2118 722 2163 ῥωμαίων
739 2119 925 2164 ἡγεμονίας
943 2118 1088 2165 AEwp‚
1115 2124 1186 2154 τῶν
1202 2119 1376 2164 ῥωμαίων
1394 2118 1426 2155 Ο
1533 2119 1577 2155 12
1601 2120 1754 2155 πλεῖστοι

326 2166 374 2211 D,
401 2177 502 2203 corr.
520 2165 586 2204 Dw
686 2166 731 2202 15
755 2166 915 2202 πλεῖστον
940 2166 1076 2213 DEwp
1176 2166 1229 2202 15.
1251 2167 1293 2202 16
1318 2167 1477 2203 ἀπώλετο
1504 2172 1599 2203 ante
1626 2172 1696 2202 τῶν
1722 2167 1754 2203 Ο

253 2312 377 2349 nandi
416 2312 687 2358 patriarcham
726 2321 865 2347 ansam
906 2310 1248 2347 obtrectatoribus
1292 2311 1494 2356 praebuit.
1544 2309 1622 2347 Sed
1662 2310 1790 2346 cumo

253 2361 508 2396 renuntiatus
541 2363 656 2403 esset,
695 2369 832 2405 regem
866 2359 1056 2394 convenit
1093 2359 1361 2404 cognatisque
1387 2358 1557 2394 senioris
1583 2358 1752 2394 Romani

252 2408 454 2444 accusatis
479 2407 681 2451 monebat,
720 2412 765 2442 ut
799 2416 939 2442 eorum
966 2406 1179 2441 avaritiam
1208 2410 1425 2442 coerceret.
1477 2405 1594 2448 Quod
1620 2416 1753 2451 neque
1771 2405 1814 2440 10

256 2456 342 2502 ipsc
368 2456 454 2491 sine
480 2455 663 2491 molestia
690 2454 846 2489 audivit
869 2458 907 2489 et
926 2455 1069 2499 regina
1087 2453 1252 2497 Helena,
1280 2453 1427 2489 Basilio
1446 2453 1628 2499 spadone
1646 2454 1753 2489 insti·

0 2504 2 2523 '
252 2507 388 2550 ganto,
415 2503 485 2549 qui
510 2507 601 2549 post
628 2502 883 2549 praepositus
910 2501 1084 2537 cubiculi
1113 2502 1277 2545 exstitit,
1307 2501 1589 2547 imperatorem
1611 2505 1753 2536 contra

252 2550 525 2597 patriarcham
551 2550 745 2593 incitavit,
773 2559 935 2585 causam
956 2549 1201 2594 quaeritans,
1229 2558 1310 2594 qua
1329 2549 1606 2594 pontificatum
1626 2549 1661 2584 ei
1681 2549 1753 2583 cri-

253 2603 377 2645 peret.
427 2597 531 2633 Tum
550 2607 713 2644 quoque
739 2596 973 2632 veneranda
992 2606 1135 2632 manus
1155 2596 1437 2631 Praccursoris
1458 2606 1530 2642 per
1549 2595 1751 2642 quendam
1769 2595 1810 2631 11

253 2646 468 2682 diaconum
495 2645 636 2681 Iobum
662 2644 876 2681 Antiochia
903 2643 1056 2690 Cpoliin
1084 2647 1143 2679 est
1170 2644 1375 2679 translata.

372 2692 632 2730 Cretensibus
650 2696 783 2729 autem
801 2692 1002 2738 Agarenis
1021 2692 1258 2727 maritimam
1278 2691 1433 2738 imperii
1451 2691 1619 2726 Romani
1640 2701 1750 2726 oram
1771 2691 1813 2726 12

252 2741 549 2783 infestantibus,
587 2751 661 2777 rex
699 2741 916 2775 maximam
950 2739 1184 2775 bellicarum
1219 2739 1382 2774 navium
1416 2738 1583 2774 classem
1611 2742 1752 2774 contra

253 2798 322 2824 cos
359 2788 476 2824 misit.
526 2788 674 2824 Verum
706 2798 755 2823 ca
781 2787 974 2823 navarchi
1003 2787 1202 2832 imperitia
1233 2790 1271 2822 ot
1298 2786 1551 2832 negligentia
1578 2787 1618 2821 in
1645 2786 1751 2822 mala
1770 2786 1812 2821 13

253 2835 403 2879 incidit,
429 2836 606 2871 maxima
633 2839 747 2882 parte
774 2835 1071 2870 classiariorum
1099 2834 1162 2869 vel
1181 2834 1394 2870 interfecta
1413 2834 1476 2869 vel
1496 2837 1629 2879 capta,
1655 2844 1751 2880 pau-
1768 2833 1812 2869 14

253 2883 421 2919 cissimis
440 2883 598 2929 elapsis.
647 2882 782 2929 Atque
808 2883 894 2928 lpse
921 2882 1039 2917 etiam
1067 2881 1298 2917 navarchus
1325 2885 1467 2927 captus
1495 2882 1648 2926 fuisset,
1675 2881 1750 2917 nisi
1768 2880 1812 2917 15

253 2931 340 2967 eius
365 2930 556 2967 satellites
582 2940 674 2967 eum
701 2930 933 2977 conglobati
962 2930 1320 2966 circumstetissent
1339 2939 1387 2965 ac
1408 2929 1531 2976 pulsis
1548 2929 1751 2976 Agarenis

259 444 396 499 ἄρχου
418 445 596 499 αἰτίαμα.
659 445 744 486 ἐπεὶ
767 445 805 487 δ’
829 445 1141 500 ἐχειροτονήθη,
1163 451 1226 500 τῷ
1244 445 1406 501 βασιλεῖ
1425 446 1609 501 ἐντυχὼν
1630 463 1757 488 κατα-
1773 451 1795 486 9
1822 450 1852 486 Β
1903 481 1910 486 .
