<?xml version="1.0" encoding="UTF-8"?>
<!DOCTYPE html PUBLIC "-//W3C//DTD XHTML 1.0 Transitional//EN"
    "http://www.w3.org/TR/xhtml1/DTD/xhtml1-transitional.dtd">
<html xmlns="http://www.w3.org/1999/xhtml" xml:lang="en" lang="en">
 <head>
  <title>
</title>
<meta http-equiv="Content-Type" content="text/html;charset=utf-8" />
  <meta name='ocr-system' content='tesseract 3.04.00' />
  <meta name='ocr-capabilities' content='ocr_page ocr_carea ocr_par ocr_line ocrx_word'/>
</head>
<body>
  <div class='ocr_page' id='page_1' title='image "./corpusscriptorum31niebuoft/corpusscriptorum31niebuoft_0645.png"; bbox 0 0 2054 3282; ppageno 0'>
   <div class='ocr_carea' id='block_1_1' title="bbox 512 248 1742 302">
    <p class='ocr_par' dir='ltr' id='par_1_1' title="bbox 512 248 1742 302">
     <span class='ocr_line' id='line_1_1' title="bbox 512 248 1742 302; baseline -0.004 -7"><span class='ocrx_word' id='word_1_1' title='bbox 512 255 819 295; x_wconf 85' lang='lat' dir='ltr'><strong>SCLERAENA</strong></span> <span class='ocrx_word' id='word_1_2' title='bbox 847 257 912 294; x_wconf 79' lang='grc' dir='ltr'>ΕΤ</span> <span class='ocrx_word' id='word_1_3' title='bbox 937 248 1044 302; x_wconf 71' lang='grc' dir='ltr'><strong>ΖΟΕ,</strong></span> <span class='ocrx_word' id='word_1_4' title='bbox 1073 254 1228 293; x_wconf 81' lang='lat' dir='ltr'><strong>REGIS</strong></span> <span class='ocrx_word' id='word_1_5' title='bbox 1253 253 1469 292; x_wconf 85' lang='lat' dir='ltr'><strong>VXORES.</strong></span> <span class='ocrx_word' id='word_1_6' title='bbox 1671 253 1742 290; x_wconf 88' lang='grc'>619</span> 
     </span>
    </p>
   </div>
   <div class='ocr_carea' id='block_1_2' title="bbox 15 375 1804 982">
    <p class='ocr_par' dir='ltr' id='par_1_2' title="bbox 15 375 1804 982">
     <span class='ocr_line' id='line_1_2' title="bbox 244 375 1787 435; baseline -0.004 -13"><span class='ocrx_word' id='word_1_7' title='bbox 244 381 411 435; x_wconf 82' lang='grc' dir='ltr'><em>εἴρηται,</em></span> <span class='ocrx_word' id='word_1_8' title='bbox 442 379 789 421; x_wconf 78' lang='grc' dir='ltr'><em>καταδικασθέντι</em></span> <span class='ocrx_word' id='word_1_9' title='bbox 818 378 955 433; x_wconf 86' lang='grc' dir='ltr'><em>τούτῳ</em></span> <span class='ocrx_word' id='word_1_10' title='bbox 984 383 1047 433; x_wconf 81' lang='grc' dir='ltr'>τῷ</span> <span class='ocrx_word' id='word_1_11' title='bbox 1076 377 1238 434; x_wconf 80' lang='grc' dir='ltr'><em>βασιλεῖ</em></span> <span class='ocrx_word' id='word_1_12' title='bbox 1262 377 1433 432; x_wconf 87' lang='grc' dir='ltr'><em>κάκείνη</em></span> <span class='ocrx_word' id='word_1_13' title='bbox 1465 379 1551 418; x_wconf 84' lang='grc' dir='ltr'>τῶν</span> <span class='ocrx_word' id='word_1_14' title='bbox 1571 376 1742 418; x_wconf 88' lang='grc' dir='ltr'><em>πάντων</em></span> <span class='ocrx_word' id='word_1_15' title='bbox 1757 375 1787 414; x_wconf 89' lang='lat' dir='ltr'>C</span> 
     </span>
     <span class='ocr_line' id='line_1_3' title="bbox 244 443 1740 503; baseline -0.003 -13"><span class='ocrx_word' id='word_1_16' title='bbox 244 448 396 503; x_wconf 79' lang='grc' dir='ltr'><em>ἑαυτὴν</em></span> <span class='ocrx_word' id='word_1_17' title='bbox 416 448 689 502; x_wconf 85' lang='grc' dir='ltr'><em>ὗπερώρισεν,</em></span> <span class='ocrx_word' id='word_1_18' title='bbox 712 447 762 489; x_wconf 83' lang='grc' dir='ltr'>ἵν’</span> <span class='ocrx_word' id='word_1_19' title='bbox 785 447 904 502; x_wconf 81' lang='grc' dir='ltr'><em>ὁρῴη</em></span> <span class='ocrx_word' id='word_1_20' title='bbox 927 446 999 489; x_wconf 84' lang='grc' dir='ltr'>τὸν</span> <span class='ocrx_word' id='word_1_21' title='bbox 1020 445 1181 501; x_wconf 80' lang='grc' dir='ltr'><em>ἐρῶντά</em></span> <span class='ocrx_word' id='word_1_22' title='bbox 1202 462 1244 488; x_wconf 85' lang='grc' dir='ltr'>τε</span> <span class='ocrx_word' id='word_1_23' title='bbox 1263 445 1336 488; x_wconf 81' lang='grc' dir='ltr'><em>καὶ</em></span> <span class='ocrx_word' id='word_1_24' title='bbox 1356 445 1573 501; x_wconf 78' lang='grc' dir='ltr'><em>ἐρώμενον</em></span> <span class='ocrx_word' id='word_1_25' title='bbox 1590 444 1661 486; x_wconf 86' lang='grc' dir='ltr'><em>καὶ</em></span> <span class='ocrx_word' id='word_1_26' title='bbox 1680 443 1740 498; x_wconf 89' lang='grc' dir='ltr'>μὴ</span> 
     </span>
     <span class='ocr_line' id='line_1_4' title="bbox 244 513 1803 572; baseline -0.004 -13"><span class='ocrx_word' id='word_1_27' title='bbox 244 519 305 572; x_wconf 90' lang='grc' dir='ltr'>εἴη</span> <span class='ocrx_word' id='word_1_28' title='bbox 328 517 458 559; x_wconf 80' lang='grc' dir='ltr'><em>αὐτοῦ</em></span> <span class='ocrx_word' id='word_1_29' title='bbox 479 516 719 571; x_wconf 80' lang='grc' dir='ltr'><em>ὑπερόριος·</em></span> <span class='ocrx_word' id='word_1_30' title='bbox 750 516 822 558; x_wconf 84' lang='grc' dir='ltr'><em>καὶ</em></span> <span class='ocrx_word' id='word_1_31' title='bbox 843 517 1044 571; x_wconf 80' lang='grc' dir='ltr'><em>συναπῄει</em></span> <span class='ocrx_word' id='word_1_32' title='bbox 1064 514 1220 568; x_wconf 71' lang='grc' dir='ltr'><em>τάνδρί,</em></span> <span class='ocrx_word' id='word_1_33' title='bbox 1251 514 1385 556; x_wconf 84' lang='grc' dir='ltr'><em>πάντα</em></span> <span class='ocrx_word' id='word_1_34' title='bbox 1408 513 1602 568; x_wconf 80' lang='grc' dir='ltr'><em>γινομένη</em></span> <span class='ocrx_word' id='word_1_35' title='bbox 1625 513 1743 566; x_wconf 80' lang='grc' dir='ltr'><em>αὐτῷ</em></span> <span class='ocrx_word' id='word_1_36' title='bbox 1759 513 1803 548; x_wconf 91' lang='grc'>14</span> 
     </span>
     <span class='ocr_line' id='line_1_5' title="bbox 245 581 1744 639; baseline -0.003 -13"><span class='ocrx_word' id='word_1_37' title='bbox 245 584 316 626; x_wconf 84' lang='grc' dir='ltr'><em>καὶ</em></span> <span class='ocrx_word' id='word_1_38' title='bbox 336 584 411 639; x_wconf 89' lang='grc' dir='ltr'>τὴν</span> <span class='ocrx_word' id='word_1_39' title='bbox 432 583 659 638; x_wconf 83' lang='grc' dir='ltr'><em>συμφορὰν</em></span> <span class='ocrx_word' id='word_1_40' title='bbox 681 583 743 630; x_wconf 89' lang='grc' dir='ltr'>ὡς</span> <span class='ocrx_word' id='word_1_41' title='bbox 764 583 853 626; x_wconf 89' lang='grc' dir='ltr'><em>οἷόν</em></span> <span class='ocrx_word' id='word_1_42' title='bbox 873 599 915 625; x_wconf 86' lang='grc' dir='ltr'>τε</span> <span class='ocrx_word' id='word_1_43' title='bbox 936 583 1342 638; x_wconf 86' lang='grc' dir='ltr'><em>συνεπικουφίζουσα</em></span> <span class='ocrx_word' id='word_1_44' title='bbox 1364 582 1448 624; x_wconf 83' lang='grc' dir='ltr'>κάκ</span> <span class='ocrx_word' id='word_1_45' title='bbox 1469 585 1555 623; x_wconf 87' lang='grc' dir='ltr'>τῶν</span> <span class='ocrx_word' id='word_1_46' title='bbox 1577 581 1744 623; x_wconf 82' lang='grc' dir='ltr'><em>οἰκείων</em></span> 
     </span>
     <span class='ocr_line' id='line_1_6' title="bbox 15 650 1742 714; baseline -0.002 -19"><span class='ocrx_word' id='word_1_47' title='bbox 15 685 26 714; x_wconf 54' lang='lat'>4</span> <span class='ocrx_word' id='word_1_48' title='bbox 208 658 231 694; x_wconf 84' lang='lat'>5</span> <span class='ocrx_word' id='word_1_49' title='bbox 245 657 490 708; x_wconf 86' lang='grc' dir='ltr'><em>χορηγοῦσα</em></span> <span class='ocrx_word' id='word_1_50' title='bbox 503 652 652 707; x_wconf 84' lang='grc' dir='ltr'><em>τούτῳ,</em></span> <span class='ocrx_word' id='word_1_51' title='bbox 663 653 728 694; x_wconf 84' lang='grc' dir='ltr'>ἵνα</span> <span class='ocrx_word' id='word_1_52' title='bbox 741 652 801 707; x_wconf 85' lang='grc' dir='ltr'>μὴ</span> <span class='ocrx_word' id='word_1_53' title='bbox 816 651 924 707; x_wconf 89' lang='grc' dir='ltr'><em>πρὸς</em></span> <span class='ocrx_word' id='word_1_54' title='bbox 936 656 1021 698; x_wconf 86' lang='grc' dir='ltr'><em>τοῖς</em></span> <span class='ocrx_word' id='word_1_55' title='bbox 1034 652 1172 698; x_wconf 81' lang='grc' dir='ltr'><em>ἄλλοις</em></span> <span class='ocrx_word' id='word_1_56' title='bbox 1184 652 1386 706; x_wconf 88' lang='grc' dir='ltr'><em>λυπηροῖς</em></span> <span class='ocrx_word' id='word_1_57' title='bbox 1399 651 1534 705; x_wconf 77' lang='grc' dir='ltr'><em>ἐνδείᾳ</em></span> <span class='ocrx_word' id='word_1_58' title='bbox 1546 650 1725 699; x_wconf 87' lang='grc' dir='ltr'><em>πιέζοιτο</em></span> <span class='ocrx_word' id='word_1_59' title='bbox 1734 661 1742 669; x_wconf 93' lang='grc'>·</span> 
     </span>
     <span class='ocr_line' id='line_1_7' title="bbox 29 717 1804 776; baseline -0.004 -9.045"><span class='ocrx_word' id='word_1_60' title='bbox 29 730 73 767; x_wconf 36' lang='grc' dir='ltr'>ΑΙ)</span> <span class='ocrx_word' id='word_1_61' title='bbox 92 730 145 767; x_wconf 92' lang='lat' dir='ltr'>IV</span> <span class='ocrx_word' id='word_1_62' title='bbox 165 729 233 766; x_wconf 87' lang='lat'>159</span> <span class='ocrx_word' id='word_1_63' title='bbox 247 723 393 776; x_wconf 80' lang='grc' dir='ltr'><em>ἔτρεφε</em></span> <span class='ocrx_word' id='word_1_64' title='bbox 415 721 495 776; x_wconf 83' lang='grc' dir='ltr'>γὰρ</span> <span class='ocrx_word' id='word_1_65' title='bbox 516 721 714 776; x_wconf 83' lang='grc' dir='ltr'><em>κάκείνην</em></span> <span class='ocrx_word' id='word_1_66' title='bbox 734 721 958 776; x_wconf 78' lang='grc' dir='ltr'><em>ἡγεμονίας</em></span> <span class='ocrx_word' id='word_1_67' title='bbox 979 721 1104 767; x_wconf 78' lang='grc' dir='ltr'><em>ἐλπίς.</em></span> <span class='ocrx_word' id='word_1_68' title='bbox 1152 720 1239 762; x_wconf 76' lang='grc' dir='ltr'><em>ἐπεὶ</em></span> <span class='ocrx_word' id='word_1_69' title='bbox 1261 717 1298 762; x_wconf 89' lang='grc' dir='ltr'>δ’</span> <span class='ocrx_word' id='word_1_70' title='bbox 1322 720 1479 766; x_wconf 81' lang='grc' dir='ltr'><em>ἐκεῖνος</em></span> <span class='ocrx_word' id='word_1_71' title='bbox 1500 719 1558 765; x_wconf 84' lang='grc' dir='ltr'>εἰς</span> <span class='ocrx_word' id='word_1_72' title='bbox 1577 717 1652 773; x_wconf 85' lang='grc' dir='ltr'>τὴν</span> <span class='ocrx_word' id='word_1_73' title='bbox 1672 722 1744 773; x_wconf 89' lang='grc' dir='ltr'>τῆς</span> <span class='ocrx_word' id='word_1_74' title='bbox 1761 719 1804 755; x_wconf 88' lang='grc'>15</span> 
     </span>
     <span class='ocr_line' id='line_1_8' title="bbox 21 780 1744 846; baseline -0.003 -13"><span class='ocrx_word' id='word_1_75' title='bbox 21 780 28 790; x_wconf 25' lang='lat'>‘¹</span> <span class='ocrx_word' id='word_1_76' title='bbox 248 790 457 846; x_wconf 85' lang='grc' dir='ltr'><em>βασιλείας</em></span> <span class='ocrx_word' id='word_1_77' title='bbox 478 790 592 845; x_wconf 74' lang='grc' dir='ltr'><em>ἤρθη</em></span> <span class='ocrx_word' id='word_1_78' title='bbox 615 790 846 844; x_wconf 84' lang='grc' dir='ltr'><em>περιωπήν,</em></span> <span class='ocrx_word' id='word_1_79' title='bbox 869 794 918 844; x_wconf 86' lang='grc' dir='ltr'>τῇ</span> <span class='ocrx_word' id='word_1_80' title='bbox 941 789 986 831; x_wconf 86' lang='grc' dir='ltr'>δὲ</span> <span class='ocrx_word' id='word_1_81' title='bbox 1008 790 1052 830; x_wconf 82' lang='grc' dir='ltr'><em>αἱ</em></span> <span class='ocrx_word' id='word_1_82' title='bbox 1072 789 1232 835; x_wconf 77' lang='grc' dir='ltr'><em>ἐλπίδες</em></span> <span class='ocrx_word' id='word_1_83' title='bbox 1249 789 1328 830; x_wconf 78' lang='grc' dir='ltr'><em>οὐκ</em></span> <span class='ocrx_word' id='word_1_84' title='bbox 1346 788 1642 843; x_wconf 77' lang='grc' dir='ltr'><em>ἕκβεβήκεσαν,</em></span> <span class='ocrx_word' id='word_1_85' title='bbox 1664 787 1744 828; x_wconf 80' lang='grc' dir='ltr'><em>οὐκ</em></span> 
     </span>
     <span class='ocr_line' id='line_1_9' title="bbox 250 854 1745 914; baseline -0.003 -14"><span class='ocrx_word' id='word_1_86' title='bbox 250 858 522 914; x_wconf 84' lang='grc' dir='ltr'><em>ἠμνημόνησε</em></span> <span class='ocrx_word' id='word_1_87' title='bbox 551 862 624 912; x_wconf 87' lang='grc' dir='ltr'>τῆς</span> <span class='ocrx_word' id='word_1_88' title='bbox 656 857 853 911; x_wconf 86' lang='grc' dir='ltr'><em>γυναικὸς</em></span> <span class='ocrx_word' id='word_1_89' title='bbox 884 854 976 899; x_wconf 80' lang='grc' dir='ltr'><em>οὐδ’</em></span> <span class='ocrx_word' id='word_1_90' title='bbox 1000 859 1044 899; x_wconf 80' lang='grc' dir='ltr'>ἐν</span> <span class='ocrx_word' id='word_1_91' title='bbox 1065 862 1114 912; x_wconf 84' lang='grc' dir='ltr'>τῇ</span> <span class='ocrx_word' id='word_1_92' title='bbox 1135 857 1325 911; x_wconf 77' lang='grc' dir='ltr'><em>εὐκαιρίᾳ</em></span> <span class='ocrx_word' id='word_1_93' title='bbox 1352 857 1376 898; x_wconf 86' lang='grc' dir='ltr'>ὁ</span> <span class='ocrx_word' id='word_1_94' title='bbox 1402 855 1609 911; x_wconf 79' lang='grc' dir='ltr'><em>βασιλεύς,</em></span> <span class='ocrx_word' id='word_1_95' title='bbox 1642 854 1745 897; x_wconf 84' lang='grc' dir='ltr'><em>ἀλλὰ</em></span> 
     </span>
     <span class='ocr_line' id='line_1_10' title="bbox 247 924 1751 982; baseline -0.002 -14"><span class='ocrx_word' id='word_1_96' title='bbox 247 927 449 982; x_wconf 88' lang='grc' dir='ltr'><em>προσάγει</em></span> <span class='ocrx_word' id='word_1_97' title='bbox 468 926 620 980; x_wconf 81' lang='grc' dir='ltr'><em>λόγους</em></span> <span class='ocrx_word' id='word_1_98' title='bbox 645 931 695 981; x_wconf 85' lang='grc' dir='ltr'>τῇ</span> <span class='ocrx_word' id='word_1_99' title='bbox 725 926 901 981; x_wconf 78' lang='grc' dir='ltr'><em>βασιλίδι</em></span> <span class='ocrx_word' id='word_1_100' title='bbox 931 926 1026 980; x_wconf 88' lang='grc' dir='ltr'><em>περὶ</em></span> <span class='ocrx_word' id='word_1_101' title='bbox 1057 927 1186 981; x_wconf 81' lang='grc' dir='ltr'><em>αὐτῆς</em></span> <span class='ocrx_word' id='word_1_102' title='bbox 1215 925 1287 967; x_wconf 82' lang='grc' dir='ltr'><em>καὶ</em></span> <span class='ocrx_word' id='word_1_103' title='bbox 1318 926 1430 974; x_wconf 84' lang='grc' dir='ltr'><em>ἀξιοῖ</em></span> <span class='ocrx_word' id='word_1_104' title='bbox 1456 924 1751 980; x_wconf 76' lang='grc' dir='ltr'><em>ἀνακληθῆναί</em></span> 
     </span>
    </p>
   </div>
   <div class='ocr_carea' id='block_1_3' title="bbox 0 0 195 3282">
    <p class='ocr_par' dir='ltr' id='par_1_3' title="bbox 0 0 195 3282">
     <span class='ocr_line' id='line_1_11' title="bbox 0 0 195 3282; baseline 0 -2594"><span class='ocrx_word' id='word_1_105' title='bbox 0 0 195 3282; x_wconf 95' lang='lat' dir='ltr'>   </span> 
     </span>
    </p>
   </div>
   <div class='ocr_carea' id='block_1_4' title="bbox 191 993 1972 1531">
    <p class='ocr_par' dir='ltr' id='par_1_4' title="bbox 191 993 1972 1531">
     <span class='ocr_line' id='line_1_12' title="bbox 191 993 1806 1051; baseline -0.001 -15"><span class='ocrx_word' id='word_1_106' title='bbox 191 1001 236 1036; x_wconf 93' lang='grc'>10</span> <span class='ocrx_word' id='word_1_107' title='bbox 248 1012 290 1038; x_wconf 88' lang='grc' dir='ltr'>τε</span> <span class='ocrx_word' id='word_1_108' title='bbox 319 995 394 1051; x_wconf 86' lang='grc' dir='ltr'>τὴν</span> <span class='ocrx_word' id='word_1_109' title='bbox 425 999 601 1050; x_wconf 83' lang='grc' dir='ltr'><em>γυναῖκα</em></span> <span class='ocrx_word' id='word_1_110' title='bbox 633 994 704 1036; x_wconf 84' lang='grc' dir='ltr'><em>καὶ</em></span> <span class='ocrx_word' id='word_1_111' title='bbox 725 999 860 1049; x_wconf 83' lang='grc' dir='ltr'><em>τυχεῖν</em></span> <span class='ocrx_word' id='word_1_112' title='bbox 881 995 1093 1050; x_wconf 78' lang='grc' dir='ltr'><em>εὐετηρίας</em></span> <span class='ocrx_word' id='word_1_113' title='bbox 1113 995 1231 1041; x_wconf 84' lang='grc' dir='ltr'><em>τινός.</em></span> <span class='ocrx_word' id='word_1_114' title='bbox 1293 995 1318 1049; x_wconf 84' lang='grc' dir='ltr'>ἡ</span> <span class='ocrx_word' id='word_1_115' title='bbox 1343 994 1388 1036; x_wconf 86' lang='grc' dir='ltr'>δὲ</span> <span class='ocrx_word' id='word_1_116' title='bbox 1410 994 1490 1036; x_wconf 78' lang='grc' dir='ltr'><em>οὒκ</em></span> <span class='ocrx_word' id='word_1_117' title='bbox 1513 993 1744 1035; x_wconf 84' lang='grc' dir='ltr'><em>ἀνένευσεν·</em></span> <span class='ocrx_word' id='word_1_118' title='bbox 1761 994 1806 1030; x_wconf 84' lang='grc'>16</span> 
     </span>
     <span class='ocr_line' id='line_1_13' title="bbox 249 1062 1796 1119; baseline -0.003 -12"><span class='ocrx_word' id='word_1_119' title='bbox 249 1066 277 1108; x_wconf 86' lang='grc' dir='ltr'>ὅ</span> <span class='ocrx_word' id='word_1_120' title='bbox 305 1081 347 1107; x_wconf 88' lang='grc' dir='ltr'>τε</span> <span class='ocrx_word' id='word_1_121' title='bbox 378 1063 458 1119; x_wconf 81' lang='grc' dir='ltr'>γὰρ</span> <span class='ocrx_word' id='word_1_122' title='bbox 489 1063 643 1118; x_wconf 84' lang='grc' dir='ltr'><em>χρόνος</em></span> <span class='ocrx_word' id='word_1_123' title='bbox 673 1064 935 1118; x_wconf 85' lang='grc' dir='ltr'><em>παρήνεγκεν</em></span> <span class='ocrx_word' id='word_1_124' title='bbox 966 1065 1071 1119; x_wconf 77' lang='grc' dir='ltr'><em>αὐτῇ</em></span> <span class='ocrx_word' id='word_1_125' title='bbox 1101 1063 1148 1105; x_wconf 85' lang='grc' dir='ltr'>τὸ</span> <span class='ocrx_word' id='word_1_126' title='bbox 1186 1063 1430 1118; x_wconf 83' lang='grc' dir='ltr'><em>ζηλότυπον,</em></span> <span class='ocrx_word' id='word_1_127' title='bbox 1474 1063 1556 1117; x_wconf 84' lang='grc' dir='ltr'>ἤδη</span> <span class='ocrx_word' id='word_1_128' title='bbox 1594 1062 1796 1116; x_wconf 82' lang='grc' dir='ltr'><em>τυγχα-Ῑ)</em></span> 
     </span>
     <span class='ocr_line' id='line_1_14' title="bbox 250 1130 1972 1188; baseline -0.005 -12"><span class='ocrx_word' id='word_1_129' title='bbox 250 1134 381 1188; x_wconf 89' lang='grc' dir='ltr'><em>νούσῃ</em></span> <span class='ocrx_word' id='word_1_130' title='bbox 412 1133 621 1188; x_wconf 81' lang='grc' dir='ltr'><em>παρήλικι,</em></span> <span class='ocrx_word' id='word_1_131' title='bbox 661 1131 733 1173; x_wconf 84' lang='grc' dir='ltr'><em>καὶ</em></span> <span class='ocrx_word' id='word_1_132' title='bbox 764 1133 804 1174; x_wconf 87' lang='grc' dir='ltr'><em>οἱ</em></span> <span class='ocrx_word' id='word_1_133' title='bbox 835 1132 1147 1187; x_wconf 82' lang='grc' dir='ltr'><em>συμβεβηκότες</em></span> <span class='ocrx_word' id='word_1_134' title='bbox 1178 1132 1282 1187; x_wconf 77' lang='grc' dir='ltr'><em>αὐτῇ</em></span> <span class='ocrx_word' id='word_1_135' title='bbox 1314 1131 1538 1185; x_wconf 83' lang='grc' dir='ltr'><em>πειρασμοὶ</em></span> <span class='ocrx_word' id='word_1_136' title='bbox 1567 1131 1883 1185; x_wconf 60' lang='grc' dir='ltr'><em>μετριω-ῚΝΙΙΙ</em></span> <span class='ocrx_word' id='word_1_137' title='bbox 1903 1130 1972 1166; x_wconf 87' lang='grc'>198</span> 
     </span>
     <span class='ocr_line' id='line_1_15' title="bbox 249 1199 1807 1257; baseline -0.003 -13"><span class='ocrx_word' id='word_1_138' title='bbox 249 1204 372 1257; x_wconf 88' lang='grc' dir='ltr'><em>τέραν</em></span> <span class='ocrx_word' id='word_1_139' title='bbox 403 1201 658 1255; x_wconf 79' lang='grc' dir='ltr'><em>εἰργάσαντο.</em></span> <span class='ocrx_word' id='word_1_140' title='bbox 722 1201 914 1255; x_wconf 81' lang='grc' dir='ltr'><em>ἀνάγεται</em></span> <span class='ocrx_word' id='word_1_141' title='bbox 944 1201 1081 1242; x_wconf 84' lang='grc' dir='ltr'><em>τοίνυν</em></span> <span class='ocrx_word' id='word_1_142' title='bbox 1106 1201 1154 1242; x_wconf 82' lang='grc' dir='ltr'>ἔκ</span> <span class='ocrx_word' id='word_1_143' title='bbox 1176 1200 1419 1255; x_wconf 65' lang='grc' dir='ltr'><em>ΛΙιτυλήνης</em></span> <span class='ocrx_word' id='word_1_144' title='bbox 1440 1201 1465 1254; x_wconf 85' lang='grc' dir='ltr'><em>ἡ</em></span> <span class='ocrx_word' id='word_1_145' title='bbox 1487 1199 1746 1254; x_wconf 87' lang='grc' dir='ltr'><em>Σκλήραινα,</em></span> <span class='ocrx_word' id='word_1_146' title='bbox 1763 1201 1807 1238; x_wconf 82' lang='grc'>17</span> 
     </span>
     <span class='ocr_line' id='line_1_16' title="bbox 250 1265 1748 1324; baseline -0.003 -11"><span class='ocrx_word' id='word_1_147' title='bbox 250 1271 322 1313; x_wconf 85' lang='grc' dir='ltr'><em>καὶ</em></span> <span class='ocrx_word' id='word_1_148' title='bbox 353 1270 432 1312; x_wconf 73' lang='grc' dir='ltr'><em>οὐκ</em></span> <span class='ocrx_word' id='word_1_149' title='bbox 464 1269 594 1316; x_wconf 73' lang='grc' dir='ltr'><em>εὐθὺς</em></span> <span class='ocrx_word' id='word_1_150' title='bbox 625 1270 730 1324; x_wconf 76' lang='grc' dir='ltr'><em>αὐτῇ</em></span> <span class='ocrx_word' id='word_1_151' title='bbox 761 1269 996 1324; x_wconf 73' lang='grc' dir='ltr'><em>περιφανὴς</em></span> <span class='ocrx_word' id='word_1_152' title='bbox 1027 1269 1215 1311; x_wconf 84' lang='grc' dir='ltr'><em>κατοικία</em></span> <span class='ocrx_word' id='word_1_153' title='bbox 1248 1267 1486 1323; x_wconf 80' lang='grc' dir='ltr'><em>ἡτοίμαστο,</em></span> <span class='ocrx_word' id='word_1_154' title='bbox 1527 1265 1613 1309; x_wconf 81' lang='grc' dir='ltr'><em>ἀλλ’</em></span> <span class='ocrx_word' id='word_1_155' title='bbox 1647 1267 1748 1308; x_wconf 81' lang='grc' dir='ltr'><em>οὐδὲ</em></span> 
     </span>
     <span class='ocr_line' id='line_1_17' title="bbox 193 1336 1809 1394; baseline -0.001 -15"><span class='ocrx_word' id='word_1_156' title='bbox 193 1339 454 1394; x_wconf 77' lang='grc' dir='ltr'><em>15θεραπεία</em></span> <span class='ocrx_word' id='word_1_157' title='bbox 493 1338 617 1393; x_wconf 83' lang='grc' dir='ltr'><em>ἇβρά.</em></span> <span class='ocrx_word' id='word_1_158' title='bbox 678 1342 752 1380; x_wconf 88' lang='grc' dir='ltr'><em>τοῦ</em></span> <span class='ocrx_word' id='word_1_159' title='bbox 789 1338 946 1392; x_wconf 87' lang='grc' dir='ltr'><em>χρόνου</em></span> <span class='ocrx_word' id='word_1_160' title='bbox 979 1338 1025 1379; x_wconf 85' lang='grc' dir='ltr'>δὲ</span> <span class='ocrx_word' id='word_1_161' title='bbox 1055 1337 1276 1391; x_wconf 86' lang='grc' dir='ltr'><em>προϊόντος</em></span> <span class='ocrx_word' id='word_1_162' title='bbox 1306 1336 1378 1378; x_wconf 85' lang='grc' dir='ltr'><em>καὶ</em></span> <span class='ocrx_word' id='word_1_163' title='bbox 1407 1336 1612 1391; x_wconf 84' lang='grc' dir='ltr'><em>βασίλειος</em></span> <span class='ocrx_word' id='word_1_164' title='bbox 1643 1336 1748 1390; x_wconf 81' lang='grc' dir='ltr'><em>αὓτῇ</em></span> <span class='ocrx_word' id='word_1_165' title='bbox 1766 1338 1809 1374; x_wconf 90' lang='grc'>18</span> 
     </span>
     <span class='ocr_line' id='line_1_18' title="bbox 252 1404 1748 1463; baseline -0.003 -13"><span class='ocrx_word' id='word_1_166' title='bbox 252 1407 490 1463; x_wconf 83' lang='grc' dir='ltr'><em>δορυφορία</em></span> <span class='ocrx_word' id='word_1_167' title='bbox 512 1407 710 1462; x_wconf 85' lang='grc' dir='ltr'><em>νενέμητο</em></span> <span class='ocrx_word' id='word_1_168' title='bbox 737 1406 808 1448; x_wconf 80' lang='grc' dir='ltr'><em>καὶ</em></span> <span class='ocrx_word' id='word_1_169' title='bbox 839 1407 864 1448; x_wconf 87' lang='grc' dir='ltr'>ὁ</span> <span class='ocrx_word' id='word_1_170' title='bbox 896 1406 1013 1453; x_wconf 84' lang='grc' dir='ltr'><em>οἶκος</em></span> <span class='ocrx_word' id='word_1_171' title='bbox 1043 1407 1148 1462; x_wconf 85' lang='grc' dir='ltr'><em>αὐτῇ</em></span> <span class='ocrx_word' id='word_1_172' title='bbox 1179 1405 1528 1461; x_wconf 82' lang='grc' dir='ltr'><em>μετεσχημάτιστο</em></span> <span class='ocrx_word' id='word_1_173' title='bbox 1559 1406 1616 1451; x_wconf 84' lang='grc' dir='ltr'>εἷς</span> <span class='ocrx_word' id='word_1_174' title='bbox 1647 1404 1748 1446; x_wconf 77' lang='grc' dir='ltr'><em>ἀνά·</em></span> 
     </span>
     <span class='ocr_line' id='line_1_19' title="bbox 250 1473 1810 1531; baseline -0.004 -13"><span class='ocrx_word' id='word_1_175' title='bbox 250 1475 418 1531; x_wconf 80' lang='grc' dir='ltr'><em>κτορον.</em></span> <span class='ocrx_word' id='word_1_176' title='bbox 480 1475 598 1518; x_wconf 87' lang='grc' dir='ltr'><em>οἷκον</em></span> <span class='ocrx_word' id='word_1_177' title='bbox 620 1475 700 1530; x_wconf 84' lang='grc' dir='ltr'>γὰρ</span> <span class='ocrx_word' id='word_1_178' title='bbox 722 1476 875 1517; x_wconf 85' lang='grc' dir='ltr'><em>οἰκεῖον</em></span> <span class='ocrx_word' id='word_1_179' title='bbox 897 1475 1138 1530; x_wconf 80' lang='grc' dir='ltr'><em>οἰκοδομεῖν</em></span> <span class='ocrx_word' id='word_1_180' title='bbox 1159 1475 1461 1530; x_wconf 83' lang='grc' dir='ltr'><em>ἓσχηματίσατο</em></span> <span class='ocrx_word' id='word_1_181' title='bbox 1486 1473 1560 1529; x_wconf 84' lang='grc' dir='ltr'>τὴν</span> <span class='ocrx_word' id='word_1_182' title='bbox 1591 1473 1750 1528; x_wconf 78' lang='grc' dir='ltr'><em>ἐκείνης</em></span> <span class='ocrx_word' id='word_1_183' title='bbox 1766 1476 1810 1511; x_wconf 84' lang='grc'>19</span> 
     </span>
    </p>
   </div>
   <div class='ocr_carea' id='block_1_5' title="bbox 251 1603 1750 1700">
    <p class='ocr_par' dir='ltr' id='par_1_5' title="bbox 251 1603 1750 1700">
     <span class='ocr_line' id='line_1_20' title="bbox 251 1603 1750 1651; baseline -0.002 -9"><span class='ocrx_word' id='word_1_184' title='bbox 251 1606 275 1643; x_wconf 86' lang='grc'><strong>6</strong></span> <span class='ocrx_word' id='word_1_185' title='bbox 299 1607 350 1642; x_wconf 83' lang='grc' dir='ltr'><em>ὅτι</em></span> <span class='ocrx_word' id='word_1_186' title='bbox 375 1607 410 1648; x_wconf 88' lang='grc' dir='ltr'>(δ</span> <span class='ocrx_word' id='word_1_187' title='bbox 435 1605 480 1649; x_wconf 84' lang='grc' dir='ltr'>Ε)</span> <span class='ocrx_word' id='word_1_188' title='bbox 505 1605 690 1651; x_wconf 72' lang='grc' dir='ltr'><em>ἐπανήχθη</em></span> <span class='ocrx_word' id='word_1_189' title='bbox 717 1605 873 1651; x_wconf 76' lang='grc' dir='ltr'><em>(ἀνήχθη</em></span> <span class='ocrx_word' id='word_1_190' title='bbox 901 1605 946 1647; x_wconf 86' lang='grc' dir='ltr'>Ε)</span> <span class='ocrx_word' id='word_1_191' title='bbox 973 1605 1013 1640; x_wconf 82' lang='grc' dir='ltr'>ἐκ</span> <span class='ocrx_word' id='word_1_192' title='bbox 1046 1609 1107 1650; x_wconf 84' lang='grc' dir='ltr'>τῆς</span> <span class='ocrx_word' id='word_1_193' title='bbox 1139 1605 1230 1649; x_wconf 85' lang='lat' dir='ltr'>(om.</span> <span class='ocrx_word' id='word_1_194' title='bbox 1257 1605 1302 1648; x_wconf 84' lang='lat' dir='ltr'>E)</span> <span class='ocrx_word' id='word_1_195' title='bbox 1336 1604 1543 1650; x_wconf 75' lang='grc' dir='ltr'><em>ΙΙῙιτυλήνης</em></span> <span class='ocrx_word' id='word_1_196' title='bbox 1576 1603 1598 1650; x_wconf 85' lang='grc' dir='ltr'><em>ἦ</em></span> <span class='ocrx_word' id='word_1_197' title='bbox 1629 1603 1750 1648; x_wconf 83' lang='grc' dir='ltr'><em>Σκλή-</em></span> 
     </span>
     <span class='ocr_line' id='line_1_21' title="bbox 252 1652 1201 1700; baseline -0.002 -10"><span class='ocrx_word' id='word_1_198' title='bbox 252 1667 366 1700; x_wconf 86' lang='grc' dir='ltr'><em>ραινα,</em></span> <span class='ocrx_word' id='word_1_199' title='bbox 391 1653 451 1689; x_wconf 80' lang='grc' dir='ltr'><em>καὶ</em></span> <span class='ocrx_word' id='word_1_200' title='bbox 476 1654 573 1693; x_wconf 85' lang='grc' dir='ltr'><em>ὅπως</em></span> <span class='ocrx_word' id='word_1_201' title='bbox 597 1653 685 1699; x_wconf 86' lang='grc' dir='ltr'><em>αὐτῇ</em></span> <span class='ocrx_word' id='word_1_202' title='bbox 708 1653 882 1699; x_wconf 74' lang='grc' dir='ltr'><em>ἐχρήσατο</em></span> <span class='ocrx_word' id='word_1_203' title='bbox 907 1654 928 1688; x_wconf 85' lang='grc' dir='ltr'>ὁ</span> <span class='ocrx_word' id='word_1_204' title='bbox 949 1653 1112 1699; x_wconf 83' lang='grc' dir='ltr'><em>βασιλεύς</em></span> <span class='ocrx_word' id='word_1_205' title='bbox 1138 1652 1201 1689; x_wconf 86' lang='lat' dir='ltr'>CE</span> 
     </span>
    </p>
   </div>
   <div class='ocr_carea' id='block_1_6' title="bbox 325 1770 1754 2200">
    <p class='ocr_par' dir='ltr' id='par_1_6' title="bbox 325 1770 1754 2200">
     <span class='ocr_line' id='line_1_22' title="bbox 332 1770 1751 1832; baseline -0.001 -24"><span class='ocrx_word' id='word_1_206' title='bbox 332 1772 347 1808; x_wconf 90' lang='lat' dir='ltr'>l</span> <span class='ocrx_word' id='word_1_207' title='bbox 374 1771 521 1819; x_wconf 81' lang='grc' dir='ltr'><em>εἴρηται]</em></span> <span class='ocrx_word' id='word_1_208' title='bbox 546 1772 659 1808; x_wconf 89' lang='lat' dir='ltr'>XVII</span> <span class='ocrx_word' id='word_1_209' title='bbox 672 1772 729 1817; x_wconf 80' lang='lat'>20,</span> <span class='ocrx_word' id='word_1_210' title='bbox 745 1772 790 1808; x_wconf 85' lang='lat'>14</span> <span class='ocrx_word' id='word_1_211' title='bbox 862 1772 1027 1832; x_wconf 62' lang='grc' dir='ltr'><em>ἁπάντων</em></span> <span class='ocrx_word' id='word_1_212' title='bbox 1053 1771 1247 1832; x_wconf 61' lang='lat' dir='ltr'>DEpri</span> <span class='ocrx_word' id='word_1_213' title='bbox 1332 1772 1355 1807; x_wconf 82' lang='lat'><strong>2</strong></span> <span class='ocrx_word' id='word_1_214' title='bbox 1379 1770 1488 1817; x_wconf 83' lang='grc' dir='ltr'><em>αὐτὴν</em></span> <span class='ocrx_word' id='word_1_215' title='bbox 1514 1770 1550 1806; x_wconf 90' lang='lat' dir='ltr'>D</span> <span class='ocrx_word' id='word_1_216' title='bbox 1636 1770 1658 1807; x_wconf 88' lang='lat'>5</span> <span class='ocrx_word' id='word_1_217' title='bbox 1682 1770 1751 1825; x_wconf 62' lang='grc' dir='ltr'><em>ἑπι-</em></span> 
     </span>
     <span class='ocr_line' id='line_1_23' title="bbox 325 1818 1752 1914; baseline -0.002 -10"><span class='ocrx_word' id='word_1_218' title='bbox 325 1820 651 1911; x_wconf 50' lang='grc' dir='ltr'><em>ξοιιῗῨγΧῗσῖεΡὲἭ</em></span> <span class='ocrx_word' id='word_1_219' title='bbox 679 1823 867 1914; x_wconf 47' lang='grc' dir='ltr'><em>Ρεειῖῗῃῐξῗ</em></span> <span class='ocrx_word' id='word_1_220' title='bbox 884 1819 1333 1912; x_wconf 50' lang='grc' dir='ltr'>ἷέῗίῖρῗᾶῗὶῷαᾝήέζῖἓ</span> <span class='ocrx_word' id='word_1_221' title='bbox 1353 1881 1388 1902; x_wconf 62' lang='grc' dir='ltr'><em>τε</em></span> <span class='ocrx_word' id='word_1_222' title='bbox 1414 1818 1752 1911; x_wconf 45' lang='grc' dir='ltr'>ιαξξῖηῗάιξῖἶὲἶιξῇἔ</span> 
     </span>
     <span class='ocr_line' id='line_1_24' title="bbox 327 1913 1753 1961; baseline -0.001 -11"><span class='ocrx_word' id='word_1_223' title='bbox 327 1916 387 1951; x_wconf 78' lang='grc' dir='ltr'><em>καὶ</em></span> <span class='ocrx_word' id='word_1_224' title='bbox 412 1921 482 1951; x_wconf 84' lang='grc' dir='ltr'>τῶν</span> <span class='ocrx_word' id='word_1_225' title='bbox 504 1917 658 1960; x_wconf 79' lang='grc' dir='ltr'><em>μετρίων</em></span> <span class='ocrx_word' id='word_1_226' title='bbox 683 1922 798 1961; x_wconf 84' lang='grc' dir='ltr'><em>τυχεῖν</em></span> <span class='ocrx_word' id='word_1_227' title='bbox 932 1916 972 1950; x_wconf 92' lang='grc'>11</span> <span class='ocrx_word' id='word_1_228' title='bbox 1000 1930 1036 1950; x_wconf 81' lang='grc' dir='ltr'>τε</span> <span class='ocrx_word' id='word_1_229' title='bbox 1063 1926 1137 1951; x_wconf 88' lang='lat' dir='ltr'>om.</span> <span class='ocrx_word' id='word_1_230' title='bbox 1164 1913 1221 1951; x_wconf 81' lang='lat' dir='ltr'>Di</span> <span class='ocrx_word' id='word_1_231' title='bbox 1247 1916 1383 1950; x_wconf 79' lang='lat' dir='ltr'>invitis</span> <span class='ocrx_word' id='word_1_232' title='bbox 1409 1914 1491 1958; x_wconf 84' lang='lat' dir='ltr'>AR,</span> <span class='ocrx_word' id='word_1_233' title='bbox 1518 1914 1656 1949; x_wconf 78' lang='lat' dir='ltr'>Haasii</span> <span class='ocrx_word' id='word_1_234' title='bbox 1685 1924 1753 1948; x_wconf 78' lang='lat' dir='ltr'>an-</span> 
     </span>
     <span class='ocr_line' id='line_1_25' title="bbox 328 1961 1754 2009; baseline -0.001 -11"><span class='ocrx_word' id='word_1_235' title='bbox 328 1964 538 1999; x_wconf 75' lang='lat' dir='ltr'><strong>notatione</strong></span> <span class='ocrx_word' id='word_1_236' title='bbox 564 1963 616 1998; x_wconf 81' lang='lat' dir='ltr'>ad</span> <span class='ocrx_word' id='word_1_237' title='bbox 644 1974 701 1998; x_wconf 91' lang='lat' dir='ltr'>vs.</span> <span class='ocrx_word' id='word_1_238' title='bbox 730 1964 776 1998; x_wconf 91' lang='lat'>10</span> <span class='ocrx_word' id='word_1_239' title='bbox 802 1964 1028 2009; x_wconf 77' lang='lat' dir='ltr'>pertinente</span> <span class='ocrx_word' id='word_1_240' title='bbox 1054 1973 1268 2009; x_wconf 81' lang='lat' dir='ltr'>perperam</span> <span class='ocrx_word' id='word_1_241' title='bbox 1296 1963 1374 1998; x_wconf 83' lang='lat' dir='ltr'>huc</span> <span class='ocrx_word' id='word_1_242' title='bbox 1401 1963 1529 1998; x_wconf 81' lang='lat' dir='ltr'>relata</span> <span class='ocrx_word' id='word_1_243' title='bbox 1665 1961 1754 2007; x_wconf 78' lang='grc' dir='ltr'><em>αὐτῇ</em></span> 
     </span>
     <span class='ocr_line' id='line_1_26' title="bbox 326 2009 1752 2056; baseline -0.002 -10"><span class='ocrx_word' id='word_1_244' title='bbox 326 2011 545 2056; x_wconf 78' lang='grc' dir='ltr'><em>παρήνεγκεν</em></span> <span class='ocrx_word' id='word_1_245' title='bbox 559 2009 614 2046; x_wconf 66' lang='lat' dir='ltr'>Da·</span> <span class='ocrx_word' id='word_1_246' title='bbox 632 2011 767 2046; x_wconf 85' lang='lat' dir='ltr'>invitis</span> <span class='ocrx_word' id='word_1_247' title='bbox 782 2010 863 2054; x_wconf 71' lang='lat' dir='ltr'>AR,</span> <span class='ocrx_word' id='word_1_248' title='bbox 881 2011 1020 2046; x_wconf 82' lang='lat' dir='ltr'>Haasii</span> <span class='ocrx_word' id='word_1_249' title='bbox 1040 2011 1303 2046; x_wconf 76' lang='lat' dir='ltr'>annotatione</span> <span class='ocrx_word' id='word_1_250' title='bbox 1317 2010 1370 2046; x_wconf 87' lang='lat' dir='ltr'>ad</span> <span class='ocrx_word' id='word_1_251' title='bbox 1385 2021 1443 2045; x_wconf 77' lang='lat' dir='ltr'>vs,</span> <span class='ocrx_word' id='word_1_252' title='bbox 1460 2010 1504 2045; x_wconf 83' lang='lat'>12</span> <span class='ocrx_word' id='word_1_253' title='bbox 1523 2010 1752 2055; x_wconf 79' lang='lat' dir='ltr'>pertinente</span> 
     </span>
     <span class='ocr_line' id='line_1_27' title="bbox 328 2056 1753 2105; baseline -0.002 -11"><span class='ocrx_word' id='word_1_254' title='bbox 328 2059 431 2105; x_wconf 77' lang='grc' dir='ltr'><em>(αὐτῇ</em></span> <span class='ocrx_word' id='word_1_255' title='bbox 447 2058 555 2103; x_wconf 82' lang='grc' dir='ltr'><em>πειρ.)</em></span> <span class='ocrx_word' id='word_1_256' title='bbox 574 2058 675 2093; x_wconf 78' lang='lat' dir='ltr'>falso</span> <span class='ocrx_word' id='word_1_257' title='bbox 695 2059 773 2094; x_wconf 84' lang='lat' dir='ltr'>huc</span> <span class='ocrx_word' id='word_1_258' title='bbox 798 2058 927 2094; x_wconf 82' lang='lat' dir='ltr'>relata</span> <span class='ocrx_word' id='word_1_259' title='bbox 1024 2059 1220 2103; x_wconf 83' lang='grc' dir='ltr'><em>ζηρότυπον</em></span> <span class='ocrx_word' id='word_1_260' title='bbox 1238 2057 1279 2103; x_wconf 90' lang='lat' dir='ltr'>C,</span> <span class='ocrx_word' id='word_1_261' title='bbox 1307 2068 1408 2093; x_wconf 83' lang='lat' dir='ltr'>corr.</span> <span class='ocrx_word' id='word_1_262' title='bbox 1424 2057 1486 2096; x_wconf 85' lang='lat' dir='ltr'>Cw</span> <span class='ocrx_word' id='word_1_263' title='bbox 1586 2057 1630 2092; x_wconf 84' lang='lat'>12</span> <span class='ocrx_word' id='word_1_264' title='bbox 1654 2056 1753 2092; x_wconf 81' lang='grc' dir='ltr'><em>αὐτοὶ</em></span> 
     </span>
     <span class='ocr_line' id='line_1_28' title="bbox 328 2103 1751 2152; baseline -0.001 -11"><span class='ocrx_word' id='word_1_265' title='bbox 328 2106 375 2152; x_wconf 79' lang='lat' dir='ltr'>p*</span> <span class='ocrx_word' id='word_1_266' title='bbox 474 2106 519 2141; x_wconf 81' lang='lat'>14</span> <span class='ocrx_word' id='word_1_267' title='bbox 544 2107 706 2141; x_wconf 80' lang='grc' dir='ltr'><em>κατοίκια</em></span> <span class='ocrx_word' id='word_1_268' title='bbox 732 2106 817 2152; x_wconf 80' lang='lat' dir='ltr'>w*p</span> <span class='ocrx_word' id='word_1_269' title='bbox 845 2107 982 2142; x_wconf 81' lang='lat' dir='ltr'>invitis</span> <span class='ocrx_word' id='word_1_270' title='bbox 999 2105 1070 2141; x_wconf 89' lang='lat' dir='ltr'>AR</span> <span class='ocrx_word' id='word_1_271' title='bbox 1166 2105 1241 2141; x_wconf 81' lang='grc' dir='ltr'><em>ἀλλ’</em></span> <span class='ocrx_word' id='word_1_272' title='bbox 1264 2116 1339 2141; x_wconf 89' lang='lat' dir='ltr'>om.</span> <span class='ocrx_word' id='word_1_273' title='bbox 1360 2105 1395 2140; x_wconf 94' lang='lat' dir='ltr'>D</span> <span class='ocrx_word' id='word_1_274' title='bbox 1495 2105 1539 2141; x_wconf 85' lang='lat'>15</span> <span class='ocrx_word' id='word_1_275' title='bbox 1565 2103 1605 2140; x_wconf 82' lang='grc' dir='ltr'>δὲ</span> <span class='ocrx_word' id='word_1_276' title='bbox 1626 2115 1702 2140; x_wconf 88' lang='lat' dir='ltr'>om.</span> <span class='ocrx_word' id='word_1_277' title='bbox 1720 2104 1751 2139; x_wconf 89' lang='lat' dir='ltr'>B</span> 
     </span>
     <span class='ocr_line' id='line_1_29' title="bbox 330 2152 1236 2200; baseline -0.002 -10"><span class='ocrx_word' id='word_1_278' title='bbox 330 2155 373 2190; x_wconf 83' lang='grc'>17</span> <span class='ocrx_word' id='word_1_279' title='bbox 400 2157 490 2200; x_wconf 79' lang='lat' dir='ltr'>post</span> <span class='ocrx_word' id='word_1_280' title='bbox 515 2154 629 2189; x_wconf 79' lang='grc' dir='ltr'><em>οἶκοδ.</em></span> <span class='ocrx_word' id='word_1_281' title='bbox 657 2153 748 2189; x_wconf 83' lang='lat' dir='ltr'>add.</span> <span class='ocrx_word' id='word_1_282' title='bbox 775 2154 796 2189; x_wconf 85' lang='grc' dir='ltr'>ὁ</span> <span class='ocrx_word' id='word_1_283' title='bbox 818 2154 1023 2199; x_wconf 86' lang='grc' dir='ltr'><em>μονομάχος</em></span> <span class='ocrx_word' id='word_1_284' title='bbox 1047 2152 1236 2200; x_wconf 80' lang='lat' dir='ltr'>BprDi</span> 
     </span>
    </p>
   </div>
   <div class='ocr_carea' id='block_1_7' title="bbox 255 2259 1815 2973">
    <p class='ocr_par' dir='ltr' id='par_1_7' title="bbox 255 2259 1815 2973">
     <span class='ocr_line' id='line_1_30' title="bbox 255 2259 1754 2307; baseline -0.002 -10"><span class='ocrx_word' id='word_1_285' title='bbox 255 2263 296 2298; x_wconf 90' lang='lat' dir='ltr'>in</span> <span class='ocrx_word' id='word_1_286' title='bbox 329 2261 504 2306; x_wconf 79' lang='lat' dir='ltr'>exilium,</span> <span class='ocrx_word' id='word_1_287' title='bbox 543 2261 659 2297; x_wconf 79' lang='lat' dir='ltr'>euius</span> <span class='ocrx_word' id='word_1_288' title='bbox 691 2271 815 2307; x_wconf 84' lang='lat' dir='ltr'>supra</span> <span class='ocrx_word' id='word_1_289' title='bbox 847 2261 957 2297; x_wconf 84' lang='lat' dir='ltr'>facta</span> <span class='ocrx_word' id='word_1_290' title='bbox 991 2264 1050 2297; x_wconf 85' lang='lat' dir='ltr'>est</span> <span class='ocrx_word' id='word_1_291' title='bbox 1083 2261 1245 2304; x_wconf 86' lang='lat' dir='ltr'>mentio,</span> <span class='ocrx_word' id='word_1_292' title='bbox 1284 2260 1432 2296; x_wconf 81' lang='lat' dir='ltr'>relictis</span> <span class='ocrx_word' id='word_1_293' title='bbox 1469 2259 1656 2296; x_wconf 86' lang='lat' dir='ltr'>omnibus</span> <span class='ocrx_word' id='word_1_294' title='bbox 1694 2262 1754 2295; x_wconf 85' lang='lat' dir='ltr'>est</span> 
     </span>
     <span class='ocr_line' id='line_1_31' title="bbox 257 2307 1752 2354; baseline -0.002 -9"><span class='ocrx_word' id='word_1_295' title='bbox 257 2312 487 2353; x_wconf 85' lang='lat' dir='ltr'>consecuta,</span> <span class='ocrx_word' id='word_1_296' title='bbox 512 2313 558 2344; x_wconf 85' lang='lat' dir='ltr'>ut</span> <span class='ocrx_word' id='word_1_297' title='bbox 583 2319 726 2344; x_wconf 74' lang='lat' dir='ltr'>amans</span> <span class='ocrx_word' id='word_1_298' title='bbox 752 2309 1028 2345; x_wconf 85' lang='lat' dir='ltr'>redamantem</span> <span class='ocrx_word' id='word_1_299' title='bbox 1056 2308 1212 2344; x_wconf 79' lang='lat' dir='ltr'>videret</span> <span class='ocrx_word' id='word_1_300' title='bbox 1238 2318 1371 2354; x_wconf 88' lang='lat' dir='ltr'>neque</span> <span class='ocrx_word' id='word_1_301' title='bbox 1398 2307 1536 2343; x_wconf 82' lang='lat' dir='ltr'>abillo</span> <span class='ocrx_word' id='word_1_302' title='bbox 1556 2307 1752 2343; x_wconf 80' lang='lat' dir='ltr'>exularet.</span> 
     </span>
     <span class='ocr_line' id='line_1_32' title="bbox 257 2350 1813 2402; baseline -0.004 -8"><span class='ocrx_word' id='word_1_303' title='bbox 257 2356 456 2394; x_wconf 81' lang='lat' dir='ltr'>Comitata</span> <span class='ocrx_word' id='word_1_304' title='bbox 483 2357 607 2402; x_wconf 83' lang='lat' dir='ltr'>igitur</span> <span class='ocrx_word' id='word_1_305' title='bbox 634 2357 764 2392; x_wconf 85' lang='lat' dir='ltr'>virum</span> <span class='ocrx_word' id='word_1_306' title='bbox 793 2357 979 2391; x_wconf 83' lang='lat' dir='ltr'>omnibus</span> <span class='ocrx_word' id='word_1_307' title='bbox 1009 2356 1213 2402; x_wconf 83' lang='lat' dir='ltr'>obsequiis</span> <span class='ocrx_word' id='word_1_308' title='bbox 1240 2355 1459 2391; x_wconf 84' lang='lat' dir='ltr'>deliniebat</span> <span class='ocrx_word' id='word_1_309' title='bbox 1486 2358 1526 2391; x_wconf 85' lang='lat' dir='ltr'>et</span> <span class='ocrx_word' id='word_1_310' title='bbox 1552 2354 1753 2390; x_wconf 79' lang='lat' dir='ltr'>calamita·</span> <span class='ocrx_word' id='word_1_311' title='bbox 1770 2350 1813 2387; x_wconf 88' lang='grc'>14</span> 
     </span>
     <span class='ocr_line' id='line_1_33' title="bbox 257 2402 1752 2451; baseline -0.003 -10"><span class='ocrx_word' id='word_1_312' title='bbox 257 2409 336 2441; x_wconf 89' lang='lat' dir='ltr'>tem</span> <span class='ocrx_word' id='word_1_313' title='bbox 364 2415 436 2451; x_wconf 83' lang='lat' dir='ltr'>pro</span> <span class='ocrx_word' id='word_1_314' title='bbox 464 2404 619 2439; x_wconf 82' lang='lat' dir='ltr'>viribus</span> <span class='ocrx_word' id='word_1_315' title='bbox 653 2404 906 2448; x_wconf 83' lang='lat' dir='ltr'>sublevabat,</span> <span class='ocrx_word' id='word_1_316' title='bbox 947 2403 997 2439; x_wconf 91' lang='lat' dir='ltr'>de</span> <span class='ocrx_word' id='word_1_317' title='bbox 1023 2414 1096 2439; x_wconf 90' lang='lat' dir='ltr'>suo</span> <span class='ocrx_word' id='word_1_318' title='bbox 1130 2403 1399 2450; x_wconf 84' lang='lat' dir='ltr'>suppeditatis</span> <span class='ocrx_word' id='word_1_319' title='bbox 1424 2402 1662 2448; x_wconf 74' lang='lat' dir='ltr'>sumptibus,</span> <span class='ocrx_word' id='word_1_320' title='bbox 1701 2413 1752 2438; x_wconf 90' lang='lat' dir='ltr'>ne</span> 
     </span>
     <span class='ocr_line' id='line_1_34' title="bbox 258 2451 1752 2499; baseline -0.002 -11"><span class='ocrx_word' id='word_1_321' title='bbox 258 2458 420 2499; x_wconf 82' lang='lat' dir='ltr'>praeter</span> <span class='ocrx_word' id='word_1_322' title='bbox 458 2452 559 2487; x_wconf 84' lang='lat' dir='ltr'>alias</span> <span class='ocrx_word' id='word_1_323' title='bbox 597 2452 799 2488; x_wconf 77' lang='lat' dir='ltr'>molestias</span> <span class='ocrx_word' id='word_1_324' title='bbox 837 2452 974 2497; x_wconf 84' lang='lat' dir='ltr'>inopia</span> <span class='ocrx_word' id='word_1_325' title='bbox 1013 2452 1331 2495; x_wconf 79' lang='lat' dir='ltr'>conflictaretur3</span> <span class='ocrx_word' id='word_1_326' title='bbox 1369 2461 1463 2486; x_wconf 80' lang='lat' dir='ltr'>nam</span> <span class='ocrx_word' id='word_1_327' title='bbox 1501 2454 1541 2486; x_wconf 86' lang='lat' dir='ltr'>et</span> <span class='ocrx_word' id='word_1_328' title='bbox 1567 2451 1654 2495; x_wconf 83' lang='lat' dir='ltr'>ipsa</span> <span class='ocrx_word' id='word_1_329' title='bbox 1681 2460 1752 2495; x_wconf 86' lang='lat' dir='ltr'>spe</span> 
     </span>
     <span class='ocr_line' id='line_1_35' title="bbox 257 2495 1813 2546; baseline -0.002 -11"><span class='ocrx_word' id='word_1_330' title='bbox 257 2500 507 2546; x_wconf 80' lang='lat' dir='ltr'>principatus</span> <span class='ocrx_word' id='word_1_331' title='bbox 545 2499 612 2535; x_wconf 88' lang='lat' dir='ltr'>illa</span> <span class='ocrx_word' id='word_1_332' title='bbox 650 2504 735 2535; x_wconf 85' lang='lat' dir='ltr'>tum</span> <span class='ocrx_word' id='word_1_333' title='bbox 773 2500 989 2535; x_wconf 78' lang='lat' dir='ltr'>nitebatur.</span> <span class='ocrx_word' id='word_1_334' title='bbox 1056 2498 1109 2535; x_wconf 86' lang='lat' dir='ltr'>Ut</span> <span class='ocrx_word' id='word_1_335' title='bbox 1142 2509 1238 2534; x_wconf 85' lang='lat' dir='ltr'>vero</span> <span class='ocrx_word' id='word_1_336' title='bbox 1272 2498 1335 2534; x_wconf 87' lang='lat' dir='ltr'>ille</span> <span class='ocrx_word' id='word_1_337' title='bbox 1366 2499 1407 2534; x_wconf 88' lang='lat' dir='ltr'>in</span> <span class='ocrx_word' id='word_1_338' title='bbox 1445 2498 1602 2533; x_wconf 78' lang='lat' dir='ltr'>culinen</span> <span class='ocrx_word' id='word_1_339' title='bbox 1636 2497 1753 2543; x_wconf 85' lang='lat' dir='ltr'>regni</span> <span class='ocrx_word' id='word_1_340' title='bbox 1770 2495 1813 2532; x_wconf 83' lang='lat'>15</span> 
     </span>
     <span class='ocr_line' id='line_1_36' title="bbox 257 2545 1754 2592; baseline -0.002 -9"><span class='ocrx_word' id='word_1_341' title='bbox 257 2547 440 2583; x_wconf 78' lang='lat' dir='ltr'>sublatus</span> <span class='ocrx_word' id='word_1_342' title='bbox 479 2547 566 2591; x_wconf 85' lang='lat' dir='ltr'>fuit,</span> <span class='ocrx_word' id='word_1_343' title='bbox 604 2557 655 2583; x_wconf 86' lang='lat' dir='ltr'>nc</span> <span class='ocrx_word' id='word_1_344' title='bbox 693 2548 733 2582; x_wconf 91' lang='lat' dir='ltr'>in</span> <span class='ocrx_word' id='word_1_345' title='bbox 772 2547 894 2582; x_wconf 89' lang='lat' dir='ltr'>rebus</span> <span class='ocrx_word' id='word_1_346' title='bbox 927 2546 1116 2582; x_wconf 81' lang='lat' dir='ltr'>secundis</span> <span class='ocrx_word' id='word_1_347' title='bbox 1148 2546 1309 2592; x_wconf 84' lang='lat' dir='ltr'>quidem</span> <span class='ocrx_word' id='word_1_348' title='bbox 1343 2545 1522 2582; x_wconf 86' lang='lat' dir='ltr'>mulieris</span> <span class='ocrx_word' id='word_1_349' title='bbox 1548 2546 1655 2581; x_wconf 88' lang='lat' dir='ltr'>omni</span> <span class='ocrx_word' id='word_1_350' title='bbox 1682 2554 1754 2591; x_wconf 86' lang='lat' dir='ltr'>spe</span> 
     </span>
     <span class='ocr_line' id='line_1_37' title="bbox 258 2594 1755 2639; baseline -0.002 -8"><span class='ocrx_word' id='word_1_351' title='bbox 258 2595 426 2632; x_wconf 77' lang='lat' dir='ltr'>orbatae</span> <span class='ocrx_word' id='word_1_352' title='bbox 460 2604 531 2630; x_wconf 86' lang='lat' dir='ltr'>rex</span> <span class='ocrx_word' id='word_1_353' title='bbox 567 2599 627 2630; x_wconf 85' lang='lat' dir='ltr'>est</span> <span class='ocrx_word' id='word_1_354' title='bbox 663 2595 820 2638; x_wconf 88' lang='lat' dir='ltr'>oblitus,</span> <span class='ocrx_word' id='word_1_355' title='bbox 861 2594 932 2630; x_wconf 88' lang='lat' dir='ltr'>sed</span> <span class='ocrx_word' id='word_1_356' title='bbox 965 2604 1053 2629; x_wconf 84' lang='lat' dir='ltr'>cum</span> <span class='ocrx_word' id='word_1_357' title='bbox 1089 2594 1232 2639; x_wconf 82' lang='lat' dir='ltr'>regina</span> <span class='ocrx_word' id='word_1_358' title='bbox 1272 2594 1367 2639; x_wconf 82' lang='lat' dir='ltr'>egit,</span> <span class='ocrx_word' id='word_1_359' title='bbox 1408 2597 1454 2629; x_wconf 89' lang='lat' dir='ltr'>ut</span> <span class='ocrx_word' id='word_1_360' title='bbox 1491 2596 1755 2629; x_wconf 84' lang='lat' dir='ltr'>revocaretur</span> 
     </span>
     <span class='ocr_line' id='line_1_38' title="bbox 257 2638 1814 2688; baseline -0.003 -10"><span class='ocrx_word' id='word_1_361' title='bbox 257 2643 428 2688; x_wconf 84' lang='lat' dir='ltr'>eiusque</span> <span class='ocrx_word' id='word_1_362' title='bbox 467 2642 686 2679; x_wconf 83' lang='lat' dir='ltr'>commodis</span> <span class='ocrx_word' id='word_1_363' title='bbox 724 2642 1015 2678; x_wconf 76' lang='lat' dir='ltr'>consuleretur.</span> <span class='ocrx_word' id='word_1_364' title='bbox 1073 2641 1213 2687; x_wconf 80' lang='lat' dir='ltr'>Neque</span> <span class='ocrx_word' id='word_1_365' title='bbox 1256 2652 1354 2676; x_wconf 85' lang='lat' dir='ltr'>vero</span> <span class='ocrx_word' id='word_1_366' title='bbox 1394 2650 1443 2676; x_wconf 82' lang='lat' dir='ltr'>ea</span> <span class='ocrx_word' id='word_1_367' title='bbox 1485 2640 1627 2676; x_wconf 87' lang='lat' dir='ltr'>abnuit</span> <span class='ocrx_word' id='word_1_368' title='bbox 1670 2644 1752 2675; x_wconf 88' lang='lat' dir='ltr'>tum</span> <span class='ocrx_word' id='word_1_369' title='bbox 1770 2638 1814 2674; x_wconf 84' lang='lat'>16</span> 
     </span>
     <span class='ocr_line' id='line_1_39' title="bbox 258 2687 1754 2736; baseline -0.003 -10"><span class='ocrx_word' id='word_1_370' title='bbox 258 2690 460 2736; x_wconf 78' lang='lat' dir='ltr'>zelotypia</span> <span class='ocrx_word' id='word_1_371' title='bbox 508 2690 559 2726; x_wconf 93' lang='lat' dir='ltr'>ob</span> <span class='ocrx_word' id='word_1_372' title='bbox 603 2690 897 2736; x_wconf 80' lang='lat' dir='ltr'>provectiorem</span> <span class='ocrx_word' id='word_1_373' title='bbox 941 2693 1113 2725; x_wconf 81' lang='lat' dir='ltr'>aetatem</span> <span class='ocrx_word' id='word_1_374' title='bbox 1163 2688 1324 2732; x_wconf 83' lang='lat' dir='ltr'>abolita,</span> <span class='ocrx_word' id='word_1_375' title='bbox 1374 2692 1457 2724; x_wconf 87' lang='lat' dir='ltr'>tum</span> <span class='ocrx_word' id='word_1_376' title='bbox 1502 2687 1754 2734; x_wconf 75' lang='lat' dir='ltr'>experientia</span> 
     </span>
     <span class='ocr_line' id='line_1_40' title="bbox 257 2734 1813 2781; baseline -0.002 -8"><span class='ocrx_word' id='word_1_377' title='bbox 257 2737 453 2773; x_wconf 80' lang='lat' dir='ltr'>malorum</span> <span class='ocrx_word' id='word_1_378' title='bbox 492 2738 599 2773; x_wconf 80' lang='lat' dir='ltr'>facta</span> <span class='ocrx_word' id='word_1_379' title='bbox 642 2737 898 2773; x_wconf 79' lang='lat' dir='ltr'>moderatior.</span> <span class='ocrx_word' id='word_1_380' title='bbox 949 2735 1014 2773; x_wconf 87' lang='lat' dir='ltr'>Sic</span> <span class='ocrx_word' id='word_1_381' title='bbox 1053 2735 1268 2772; x_wconf 76' lang='lat' dir='ltr'>Scleraena</span> <span class='ocrx_word' id='word_1_382' title='bbox 1306 2735 1496 2781; x_wconf 76' lang='lat' dir='ltr'>Mitylene</span> <span class='ocrx_word' id='word_1_383' title='bbox 1535 2734 1753 2779; x_wconf 84' lang='lat' dir='ltr'>reducitur,</span> <span class='ocrx_word' id='word_1_384' title='bbox 1770 2734 1813 2770; x_wconf 81' lang='lat'>17</span> 
     </span>
     <span class='ocr_line' id='line_1_41' title="bbox 258 2783 1752 2831; baseline -0.003 -10"><span class='ocrx_word' id='word_1_385' title='bbox 258 2785 321 2821; x_wconf 88' lang='lat' dir='ltr'>cui</span> <span class='ocrx_word' id='word_1_386' title='bbox 349 2795 430 2821; x_wconf 88' lang='lat' dir='ltr'>non</span> <span class='ocrx_word' id='word_1_387' title='bbox 456 2786 588 2821; x_wconf 82' lang='lat' dir='ltr'>statim</span> <span class='ocrx_word' id='word_1_388' title='bbox 616 2785 870 2831; x_wconf 84' lang='lat' dir='ltr'>splendidum</span> <span class='ocrx_word' id='word_1_389' title='bbox 889 2784 1132 2820; x_wconf 84' lang='lat' dir='ltr'>domicilium</span> <span class='ocrx_word' id='word_1_390' title='bbox 1155 2787 1225 2819; x_wconf 86' lang='lat' dir='ltr'>aut</span> <span class='ocrx_word' id='word_1_391' title='bbox 1247 2783 1462 2819; x_wconf 85' lang='lat' dir='ltr'>delicatum</span> <span class='ocrx_word' id='word_1_392' title='bbox 1489 2783 1752 2819; x_wconf 89' lang='lat' dir='ltr'>ministerium</span> 
     </span>
     <span class='ocr_line' id='line_1_42' title="bbox 258 2829 1815 2879; baseline -0.002 -11"><span class='ocrx_word' id='word_1_393' title='bbox 258 2836 318 2869; x_wconf 84' lang='lat' dir='ltr'>est</span> <span class='ocrx_word' id='word_1_394' title='bbox 356 2836 553 2879; x_wconf 81' lang='lat' dir='ltr'>paratum,</span> <span class='ocrx_word' id='word_1_395' title='bbox 592 2833 662 2868; x_wconf 80' lang='lat' dir='ltr'>sed</span> <span class='ocrx_word' id='word_1_396' title='bbox 692 2842 911 2878; x_wconf 77' lang='lat' dir='ltr'>progressu</span> <span class='ocrx_word' id='word_1_397' title='bbox 939 2832 1130 2877; x_wconf 82' lang='lat' dir='ltr'>temporis</span> <span class='ocrx_word' id='word_1_398' title='bbox 1160 2835 1199 2866; x_wconf 85' lang='lat' dir='ltr'>et</span> <span class='ocrx_word' id='word_1_399' title='bbox 1232 2831 1346 2877; x_wconf 82' lang='lat' dir='ltr'>regia</span> <span class='ocrx_word' id='word_1_400' title='bbox 1376 2830 1562 2866; x_wconf 80' lang='lat' dir='ltr'>custodia</span> <span class='ocrx_word' id='word_1_401' title='bbox 1596 2833 1656 2866; x_wconf 88' lang='lat' dir='ltr'>cst</span> <span class='ocrx_word' id='word_1_402' title='bbox 1688 2829 1815 2865; x_wconf 75' lang='lat' dir='ltr'>ati-18</span> 
     </span>
     <span class='ocr_line' id='line_1_43' title="bbox 258 2877 1814 2925; baseline -0.001 -10"><span class='ocrx_word' id='word_1_403' title='bbox 258 2879 384 2916; x_wconf 82' lang='lat' dir='ltr'>hibita</span> <span class='ocrx_word' id='word_1_404' title='bbox 422 2883 462 2915; x_wconf 87' lang='lat' dir='ltr'>et</span> <span class='ocrx_word' id='word_1_405' title='bbox 498 2879 641 2915; x_wconf 78' lang='lat' dir='ltr'>domus</span> <span class='ocrx_word' id='word_1_406' title='bbox 679 2881 767 2915; x_wconf 78' lang='lat' dir='ltr'>eius</span> <span class='ocrx_word' id='word_1_407' title='bbox 805 2881 844 2915; x_wconf 91' lang='lat' dir='ltr'>in</span> <span class='ocrx_word' id='word_1_408' title='bbox 886 2879 1077 2925; x_wconf 76' lang='lat' dir='ltr'>palatium</span> <span class='ocrx_word' id='word_1_409' title='bbox 1118 2879 1416 2914; x_wconf 80' lang='lat' dir='ltr'>transformata.</span> <span class='ocrx_word' id='word_1_410' title='bbox 1467 2878 1567 2914; x_wconf 78' lang='lat' dir='ltr'>Nam</span> <span class='ocrx_word' id='word_1_411' title='bbox 1605 2887 1649 2913; x_wconf 84' lang='lat' dir='ltr'>se</span> <span class='ocrx_word' id='word_1_412' title='bbox 1678 2877 1814 2913; x_wconf 73' lang='lat' dir='ltr'>sibili)</span> 
     </span>
     <span class='ocr_line' id='line_1_44' title="bbox 258 2926 1755 2973; baseline -0.002 -9"><span class='ocrx_word' id='word_1_413' title='bbox 258 2926 381 2964; x_wconf 78' lang='lat' dir='ltr'>aedes</span> <span class='ocrx_word' id='word_1_414' title='bbox 413 2931 624 2964; x_wconf 80' lang='lat' dir='ltr'>exstruere</span> <span class='ocrx_word' id='word_1_415' title='bbox 662 2927 878 2964; x_wconf 78' lang='lat' dir='ltr'>simulabat</span> <span class='ocrx_word' id='word_1_416' title='bbox 914 2937 961 2963; x_wconf 89' lang='lat' dir='ltr'>co</span> <span class='ocrx_word' id='word_1_417' title='bbox 997 2926 1097 2972; x_wconf 87' lang='lat' dir='ltr'>loco,</span> <span class='ocrx_word' id='word_1_418' title='bbox 1138 2936 1217 2973; x_wconf 84' lang='lat' dir='ltr'>quo</span> <span class='ocrx_word' id='word_1_419' title='bbox 1257 2926 1323 2962; x_wconf 89' lang='lat' dir='ltr'>illa</span> <span class='ocrx_word' id='word_1_420' title='bbox 1349 2926 1570 2971; x_wconf 76' lang='lat' dir='ltr'>habitabat,</span> <span class='ocrx_word' id='word_1_421' title='bbox 1608 2928 1653 2961; x_wconf 80' lang='lat' dir='ltr'>ut</span> <span class='ocrx_word' id='word_1_422' title='bbox 1683 2935 1755 2973; x_wconf 85' lang='lat' dir='ltr'>per</span> 
     </span>
    </p>
   </div>
  </div>
 </body>
</html>
