<?xml version="1.0" encoding="UTF-8"?>
<!DOCTYPE html PUBLIC "-//W3C//DTD XHTML 1.0 Transitional//EN"
    "http://www.w3.org/TR/xhtml1/DTD/xhtml1-transitional.dtd">
<html xmlns="http://www.w3.org/1999/xhtml" xml:lang="en" lang="en">
 <head>
  <title>
</title>
<meta http-equiv="Content-Type" content="text/html;charset=utf-8" />
  <meta name='ocr-system' content='tesseract 3.04.00' />
  <meta name='ocr-capabilities' content='ocr_page ocr_carea ocr_par ocr_line ocrx_word'/>
</head>
<body>
  <div class='ocr_page' id='page_1' title='image "./corpusscriptorum31niebuoft/corpusscriptorum31niebuoft_0846.png"; bbox 0 0 2020 3230; ppageno 0'>
   <div class='ocr_carea' id='block_1_1' title="bbox 394 251 467 287">
    <p class='ocr_par' dir='ltr' id='par_1_1' title="bbox 394 251 467 287">
     <span class='ocr_line' id='line_1_1' title="bbox 394 251 467 287; baseline 0 0"><span class='ocrx_word' id='word_1_1' title='bbox 394 251 467 287; x_wconf 88' lang='lat'><strong>820</strong></span> 
     </span>
    </p>
   </div>
   <div class='ocr_carea' id='block_1_2' title="bbox 383 374 1102 2988">
    <p class='ocr_par' dir='ltr' id='par_1_2' title="bbox 432 374 1102 1275">
     <span class='ocr_line' id='line_1_2' title="bbox 437 374 1102 417; baseline -0.002 -11"><span class='ocrx_word' id='word_1_2' title='bbox 437 374 682 417; x_wconf 82' lang='lat' dir='ltr'><strong>terpretatur</strong></span> <span class='ocrx_word' id='word_1_3' title='bbox 713 381 837 416; x_wconf 85' lang='lat' dir='ltr'><strong>seque</strong></span> <span class='ocrx_word' id='word_1_4' title='bbox 873 375 911 407; x_wconf 85' lang='lat' dir='ltr'><strong>et</strong></span> <span class='ocrx_word' id='word_1_5' title='bbox 937 378 1017 406; x_wconf 86' lang='lat' dir='ltr'><strong>tres</strong></span> <span class='ocrx_word' id='word_1_6' title='bbox 1044 381 1102 406; x_wconf 89' lang='lat' dir='ltr'><strong>so-</strong></span> 
     </span>
     <span class='ocr_line' id='line_1_3' title="bbox 437 419 1100 454; baseline 0.002 -1"><span class='ocrx_word' id='word_1_7' title='bbox 437 419 519 454; x_wconf 90' lang='lat' dir='ltr'><strong>cios</strong></span> <span class='ocrx_word' id='word_1_8' title='bbox 559 419 634 454; x_wconf 83' lang='lat' dir='ltr'><strong>hac</strong></span> <span class='ocrx_word' id='word_1_9' title='bbox 669 430 711 454; x_wconf 90' lang='lat' dir='ltr'><strong>rc</strong></span> <span class='ocrx_word' id='word_1_10' title='bbox 747 424 883 454; x_wconf 82' lang='lat' dir='ltr'><strong>servat</strong></span> <span class='ocrx_word' id='word_1_11' title='bbox 921 420 972 453; x_wconf 90' lang='lat' dir='ltr'><strong>ib.</strong></span> <span class='ocrx_word' id='word_1_12' title='bbox 1013 419 1057 453; x_wconf 92' lang='lat'><strong>23</strong></span> <span class='ocrx_word' id='word_1_13' title='bbox 1072 430 1100 454; x_wconf 89' lang='lat' dir='ltr'><strong>s.</strong></span> 
     </span>
     <span class='ocr_line' id='line_1_4' title="bbox 438 467 1101 511; baseline -0.002 -10"><span class='ocrx_word' id='word_1_14' title='bbox 438 467 493 511; x_wconf 84' lang='lat'><strong>10,</strong></span> <span class='ocrx_word' id='word_1_15' title='bbox 521 467 575 501; x_wconf 93' lang='lat'><strong>10.</strong></span> <span class='ocrx_word' id='word_1_16' title='bbox 637 477 660 501; x_wconf 89' lang='lat' dir='ltr'><strong>a</strong></span> <span class='ocrx_word' id='word_1_17' title='bbox 703 467 1101 501; x_wconf 88' lang='lat' dir='ltr'><strong>Nabuchodonosore</strong></span> 
     </span>
     <span class='ocr_line' id='line_1_5' title="bbox 435 514 1100 559; baseline 0 -11"><span class='ocrx_word' id='word_1_18' title='bbox 435 514 656 559; x_wconf 86' lang='lat' dir='ltr'><strong>Babylonis</strong></span> <span class='ocrx_word' id='word_1_19' title='bbox 675 514 718 549; x_wconf 87' lang='lat' dir='ltr'><strong>fit</strong></span> <span class='ocrx_word' id='word_1_20' title='bbox 738 514 922 549; x_wconf 89' lang='lat' dir='ltr'><strong>dominus</strong></span> <span class='ocrx_word' id='word_1_21' title='bbox 949 514 1029 557; x_wconf 90' lang='lat'><strong>215,</strong></span> <span class='ocrx_word' id='word_1_22' title='bbox 1047 515 1100 549; x_wconf 91' lang='lat'><strong>17.</strong></span> 
     </span>
     <span class='ocr_line' id='line_1_6' title="bbox 439 562 1102 607; baseline 0.002 -11"><span class='ocrx_word' id='word_1_23' title='bbox 439 565 519 596; x_wconf 87' lang='lat' dir='ltr'><strong>tres</strong></span> <span class='ocrx_word' id='word_1_24' title='bbox 546 562 662 606; x_wconf 87' lang='lat' dir='ltr'><strong>pueri</strong></span> <span class='ocrx_word' id='word_1_25' title='bbox 688 562 729 596; x_wconf 94' lang='lat' dir='ltr'><strong>in</strong></span> <span class='ocrx_word' id='word_1_26' title='bbox 754 562 851 607; x_wconf 83' lang='lat' dir='ltr'><strong>igne</strong></span> <span class='ocrx_word' id='word_1_27' title='bbox 878 572 902 596; x_wconf 87' lang='lat' dir='ltr'><strong>a</strong></span> <span class='ocrx_word' id='word_1_28' title='bbox 921 562 996 597; x_wconf 92' lang='lat' dir='ltr'><strong>deo</strong></span> <span class='ocrx_word' id='word_1_29' title='bbox 1024 572 1102 597; x_wconf 91' lang='lat' dir='ltr'><strong>ser-</strong></span> 
     </span>
     <span class='ocr_line' id='line_1_7' title="bbox 436 609 1100 654; baseline 0.002 -11"><span class='ocrx_word' id='word_1_30' title='bbox 436 610 521 644; x_wconf 84' lang='lat' dir='ltr'><strong>vati</strong></span> <span class='ocrx_word' id='word_1_31' title='bbox 548 612 642 644; x_wconf 85' lang='lat' dir='ltr'><strong>sunt</strong></span> <span class='ocrx_word' id='word_1_32' title='bbox 668 609 754 644; x_wconf 91' lang='lat' dir='ltr'><strong>eius</strong></span> <span class='ocrx_word' id='word_1_33' title='bbox 781 610 945 654; x_wconf 82' lang='lat' dir='ltr'>cognati</span> <span class='ocrx_word' id='word_1_34' title='bbox 971 609 1050 653; x_wconf 97' lang='lat'><strong>216,</strong></span> <span class='ocrx_word' id='word_1_35' title='bbox 1067 609 1100 644; x_wconf 88' lang='grc'><strong>4.</strong></span> 
     </span>
     <span class='ocr_line' id='line_1_8' title="bbox 436 655 1101 692; baseline 0.002 -1"><span class='ocrx_word' id='word_1_36' title='bbox 436 657 634 691; x_wconf 87' lang='lat' dir='ltr'><strong>somnium</strong></span> <span class='ocrx_word' id='word_1_37' title='bbox 690 655 1101 692; x_wconf 71' lang='lat' dir='ltr'><strong>Nabuchodonosor-is</strong></span> 
     </span>
     <span class='ocr_line' id='line_1_9' title="bbox 436 704 1100 750; baseline 0 -11"><span class='ocrx_word' id='word_1_38' title='bbox 436 706 485 739; x_wconf 85' lang='lat' dir='ltr'><strong>de</strong></span> <span class='ocrx_word' id='word_1_39' title='bbox 512 705 598 739; x_wconf 85' lang='lat' dir='ltr'><strong>eius</strong></span> <span class='ocrx_word' id='word_1_40' title='bbox 624 705 707 739; x_wconf 85' lang='lat' dir='ltr'><strong>fato</strong></span> <span class='ocrx_word' id='word_1_41' title='bbox 734 704 1022 750; x_wconf 76' lang='lat' dir='ltr'><strong>interpretatur</strong></span> <span class='ocrx_word' id='word_1_42' title='bbox 1048 705 1100 740; x_wconf 88' lang='lat' dir='ltr'><strong>ib.</strong></span> 
     </span>
     <span class='ocr_line' id='line_1_10' title="bbox 435 752 1100 797; baseline 0.002 -11"><span class='ocrx_word' id='word_1_43' title='bbox 435 752 479 786; x_wconf 89' lang='lat'><strong>16</strong></span> <span class='ocrx_word' id='word_1_44' title='bbox 493 762 523 786; x_wconf 85' lang='lat' dir='ltr'><strong>s.</strong></span> <span class='ocrx_word' id='word_1_45' title='bbox 566 752 652 786; x_wconf 89' lang='lat' dir='ltr'><strong>eius</strong></span> <span class='ocrx_word' id='word_1_46' title='bbox 683 752 838 787; x_wconf 86' lang='lat' dir='ltr'><strong>somnia</strong></span> <span class='ocrx_word' id='word_1_47' title='bbox 864 752 944 796; x_wconf 93' lang='lat'><strong>222,</strong></span> <span class='ocrx_word' id='word_1_48' title='bbox 960 752 991 787; x_wconf 91' lang='lat'><strong>9.</strong></span> <span class='ocrx_word' id='word_1_49' title='bbox 1019 752 1100 797; x_wconf 89' lang='lat'><strong>228,</strong></span> 
     </span>
     <span class='ocr_line' id='line_1_11' title="bbox 434 798 1099 844; baseline 0.003 -11"><span class='ocrx_word' id='word_1_50' title='bbox 434 799 490 833; x_wconf 89' lang='lat'><strong>22.</strong></span> <span class='ocrx_word' id='word_1_51' title='bbox 526 798 607 843; x_wconf 91' lang='lat'><strong>230,</strong></span> <span class='ocrx_word' id='word_1_52' title='bbox 628 799 660 834; x_wconf 98' lang='lat'><strong>5.</strong></span> <span class='ocrx_word' id='word_1_53' title='bbox 688 799 733 834; x_wconf 88' lang='lat'><strong>16</strong></span> <span class='ocrx_word' id='word_1_54' title='bbox 748 809 796 834; x_wconf 91' lang='lat' dir='ltr'><strong>ss.</strong></span> <span class='ocrx_word' id='word_1_55' title='bbox 829 799 1099 844; x_wconf 87' lang='lat'><strong>236,19—246,</strong></span> 
     </span>
     <span class='ocr_line' id='line_1_12' title="bbox 434 846 1100 892; baseline 0.003 -12"><span class='ocrx_word' id='word_1_56' title='bbox 434 847 490 881; x_wconf 90' lang='grc'><strong>23.</strong></span> <span class='ocrx_word' id='word_1_57' title='bbox 533 846 731 882; x_wconf 87' lang='lat' dir='ltr'><strong>Baltasari</strong></span> <span class='ocrx_word' id='word_1_58' title='bbox 763 848 1004 892; x_wconf 74' lang='lat' dir='ltr'><strong>scripturam</strong></span> <span class='ocrx_word' id='word_1_59' title='bbox 1033 849 1100 882; x_wconf 88' lang='lat' dir='ltr'><strong>mi-</strong></span> 
     </span>
     <span class='ocr_line' id='line_1_13' title="bbox 434 894 1099 940; baseline 0.003 -12"><span class='ocrx_word' id='word_1_60' title='bbox 434 894 660 929; x_wconf 81' lang='lat' dir='ltr'><strong>raculosam</strong></span> <span class='ocrx_word' id='word_1_61' title='bbox 711 895 887 940; x_wconf 86' lang='lat' dir='ltr'><strong>explicat</strong></span> <span class='ocrx_word' id='word_1_62' title='bbox 935 895 1016 939; x_wconf 88' lang='lat'><strong>219,</strong></span> <span class='ocrx_word' id='word_1_63' title='bbox 1045 895 1099 930; x_wconf 88' lang='lat'><strong>14.</strong></span> 
     </span>
     <span class='ocr_line' id='line_1_14' title="bbox 434 941 1099 987; baseline 0.005 -12"><span class='ocrx_word' id='word_1_64' title='bbox 434 942 512 985; x_wconf 90' lang='lat'><strong>296,</strong></span> <span class='ocrx_word' id='word_1_65' title='bbox 530 942 561 976; x_wconf 92' lang='lat'><strong>1.</strong></span> <span class='ocrx_word' id='word_1_66' title='bbox 598 953 622 976; x_wconf 92' lang='lat' dir='ltr'><strong>a</strong></span> <span class='ocrx_word' id='word_1_67' title='bbox 649 941 835 987; x_wconf 86' lang='lat' dir='ltr'><strong>Cyaxare</strong></span> <span class='ocrx_word' id='word_1_68' title='bbox 861 944 902 977; x_wconf 93' lang='lat' dir='ltr'><strong>in</strong></span> <span class='ocrx_word' id='word_1_69' title='bbox 928 943 1099 978; x_wconf 80' lang='lat' dir='ltr'>Mediam</span> 
     </span>
     <span class='ocr_line' id='line_1_15' title="bbox 433 989 1099 1026; baseline 0.002 -2"><span class='ocrx_word' id='word_1_70' title='bbox 433 989 652 1025; x_wconf 87' lang='lat' dir='ltr'><strong>translatus</strong></span> <span class='ocrx_word' id='word_1_71' title='bbox 686 991 728 1024; x_wconf 88' lang='lat' dir='ltr'><strong>in</strong></span> <span class='ocrx_word' id='word_1_72' title='bbox 769 1000 895 1025; x_wconf 87' lang='lat' dir='ltr'><strong>cavea</strong></span> <span class='ocrx_word' id='word_1_73' title='bbox 939 991 1099 1026; x_wconf 87' lang='lat' dir='ltr'><strong>leonum</strong></span> 
     </span>
     <span class='ocr_line' id='line_1_16' title="bbox 435 1037 1100 1082; baseline 0.005 -11"><span class='ocrx_word' id='word_1_74' title='bbox 435 1038 571 1072; x_wconf 83' lang='lat' dir='ltr'><strong>salvus</strong></span> <span class='ocrx_word' id='word_1_75' title='bbox 597 1040 734 1073; x_wconf 88' lang='lat' dir='ltr'><strong>manet</strong></span> <span class='ocrx_word' id='word_1_76' title='bbox 761 1037 944 1082; x_wconf 89' lang='lat' dir='ltr'><strong>220‚19s.</strong></span> <span class='ocrx_word' id='word_1_77' title='bbox 979 1049 1050 1073; x_wconf 89' lang='lat' dir='ltr'><strong>cur</strong></span> <span class='ocrx_word' id='word_1_78' title='bbox 1077 1049 1100 1074; x_wconf 89' lang='lat' dir='ltr'><strong>a</strong></span> 
     </span>
     <span class='ocr_line' id='line_1_17' title="bbox 435 1083 1100 1122; baseline 0.005 -3"><span class='ocrx_word' id='word_1_79' title='bbox 435 1083 623 1120; x_wconf 73' lang='lat' dir='ltr'><strong>Gabriele</strong></span> <span class='ocrx_word' id='word_1_80' title='bbox 639 1085 795 1120; x_wconf 86' lang='lat' dir='ltr'><strong>dicatur</strong></span> <span class='ocrx_word' id='word_1_81' title='bbox 810 1086 871 1120; x_wconf 91' lang='lat' dir='ltr'><strong>vir</strong></span> <span class='ocrx_word' id='word_1_82' title='bbox 887 1086 1100 1122; x_wconf 86' lang='lat' dir='ltr'><strong>desiderio-</strong></span> 
     </span>
     <span class='ocr_line' id='line_1_18' title="bbox 432 1132 1100 1176; baseline 0.003 -9"><span class='ocrx_word' id='word_1_83' title='bbox 432 1143 522 1167; x_wconf 88' lang='lat' dir='ltr'><strong>rum</strong></span> <span class='ocrx_word' id='word_1_84' title='bbox 547 1133 627 1176; x_wconf 88' lang='lat'><strong>237,</strong></span> <span class='ocrx_word' id='word_1_85' title='bbox 642 1132 674 1167; x_wconf 89' lang='lat'><strong>4.</strong></span> <span class='ocrx_word' id='word_1_86' title='bbox 701 1133 732 1168; x_wconf 90' lang='lat'><strong>9.</strong></span> <span class='ocrx_word' id='word_1_87' title='bbox 761 1134 848 1168; x_wconf 88' lang='lat' dir='ltr'><strong>eius</strong></span> <span class='ocrx_word' id='word_1_88' title='bbox 874 1134 1020 1169; x_wconf 89' lang='lat' dir='ltr'><strong>librum</strong></span> <span class='ocrx_word' id='word_1_89' title='bbox 1046 1135 1100 1169; x_wconf 89' lang='lat' dir='ltr'><strong>vi-</strong></span> 
     </span>
     <span class='ocr_line' id='line_1_19' title="bbox 434 1179 1100 1226; baseline 0.003 -11"><span class='ocrx_word' id='word_1_90' title='bbox 434 1180 501 1215; x_wconf 90' lang='lat' dir='ltr'><strong>det</strong></span> <span class='ocrx_word' id='word_1_91' title='bbox 518 1179 752 1216; x_wconf 80' lang='lat' dir='ltr'><strong>Alexander</strong></span> <span class='ocrx_word' id='word_1_92' title='bbox 771 1181 820 1215; x_wconf 92' lang='lat' dir='ltr'><strong>M.</strong></span> <span class='ocrx_word' id='word_1_93' title='bbox 839 1181 919 1226; x_wconf 86' lang='lat'><strong>354,</strong></span> <span class='ocrx_word' id='word_1_94' title='bbox 934 1181 990 1216; x_wconf 92' lang='lat'><strong>22.</strong></span> <span class='ocrx_word' id='word_1_95' title='bbox 1017 1193 1100 1217; x_wconf 92' lang='lat' dir='ltr'><strong>non</strong></span> 
     </span>
     <span class='ocr_line' id='line_1_20' title="bbox 433 1228 1098 1275; baseline 0.003 -13"><span class='ocrx_word' id='word_1_96' title='bbox 433 1228 558 1263; x_wconf 87' lang='lat' dir='ltr'><strong>falsus</strong></span> <span class='ocrx_word' id='word_1_97' title='bbox 593 1232 708 1264; x_wconf 86' lang='lat' dir='ltr'><strong>vates</strong></span> <span class='ocrx_word' id='word_1_98' title='bbox 742 1229 792 1264; x_wconf 91' lang='lat' dir='ltr'><strong>de</strong></span> <span class='ocrx_word' id='word_1_99' title='bbox 830 1230 978 1275; x_wconf 89' lang='lat' dir='ltr'><strong>templo</strong></span> <span class='ocrx_word' id='word_1_100' title='bbox 1018 1230 1098 1274; x_wconf 88' lang='lat'><strong>369,</strong></span> 
     </span>
    </p>

    <p class='ocr_par' dir='ltr' id='par_1_3' title="bbox 384 1323 1096 1417">
     <span class='ocr_line' id='line_1_21' title="bbox 384 1323 1096 1370; baseline 0.003 -12"><span class='ocrx_word' id='word_1_101' title='bbox 384 1323 601 1369; x_wconf 78' lang='grc' dir='ltr'><em>Δάνουβις</em></span> <span class='ocrx_word' id='word_1_102' title='bbox 627 1323 841 1359; x_wconf 84' lang='lat' dir='ltr'><strong>Danubius</strong></span> <span class='ocrx_word' id='word_1_103' title='bbox 868 1325 903 1359; x_wconf 94' lang='lat' dir='ltr'><strong>fl.</strong></span> <span class='ocrx_word' id='word_1_104' title='bbox 932 1325 990 1360; x_wconf 91' lang='lat' dir='ltr'><strong>III</strong></span> <span class='ocrx_word' id='word_1_105' title='bbox 1018 1326 1096 1370; x_wconf 90' lang='lat'><strong>181,</strong></span> 
     </span>
     <span class='ocr_line' id='line_1_22' title="bbox 438 1371 899 1417; baseline 0.004 -12"><span class='ocrx_word' id='word_1_106' title='bbox 438 1371 489 1405; x_wconf 92' lang='lat' dir='ltr'><strong>ll.</strong></span> <span class='ocrx_word' id='word_1_107' title='bbox 517 1372 669 1416; x_wconf 84' lang='grc'><strong>678,10.</strong></span> <span class='ocrx_word' id='word_1_108' title='bbox 698 1382 734 1406; x_wconf 88' lang='lat' dir='ltr'><strong>V.</strong></span> <span class='ocrx_word' id='word_1_109' title='bbox 754 1373 899 1417; x_wconf 83' lang='grc' dir='ltr'><em>Ἴστρος.</em></span> 
     </span>
    </p>

    <p class='ocr_par' dir='ltr' id='par_1_4' title="bbox 385 1419 877 1462">
     <span class='ocr_line' id='line_1_23' title="bbox 385 1419 877 1462; baseline 0.004 -9"><span class='ocrx_word' id='word_1_110' title='bbox 385 1419 506 1462; x_wconf 87' lang='grc' dir='ltr'><em>Δάος,</em></span> <span class='ocrx_word' id='word_1_111' title='bbox 534 1430 570 1454; x_wconf 87' lang='lat' dir='ltr'><strong>V.</strong></span> <span class='ocrx_word' id='word_1_112' title='bbox 593 1419 819 1458; x_wconf 78' lang='grc' dir='ltr'><em>Ἀπολλώνιος</em></span> <span class='ocrx_word' id='word_1_113' title='bbox 845 1421 877 1455; x_wconf 80' lang='grc'><strong>2.</strong></span> 
     </span>
    </p>

    <p class='ocr_par' dir='ltr' id='par_1_5' title="bbox 384 1466 1098 1560">
     <span class='ocr_line' id='line_1_24' title="bbox 384 1466 1098 1513; baseline 0.004 -12"><span class='ocrx_word' id='word_1_114' title='bbox 384 1467 410 1501; x_wconf 90' lang='grc' dir='ltr'><em>Δ</em></span> <span class='ocrx_word' id='word_1_115' title='bbox 421 1468 605 1511; x_wconf 83' lang='grc' dir='ltr'><em>αρδανία</em></span> <span class='ocrx_word' id='word_1_116' title='bbox 620 1466 658 1501; x_wconf 86' lang='lat' dir='ltr'><strong>II</strong></span> <span class='ocrx_word' id='word_1_117' title='bbox 672 1467 752 1509; x_wconf 82' lang='lat'><strong>289,</strong></span> <span class='ocrx_word' id='word_1_118' title='bbox 767 1467 799 1502; x_wconf 88' lang='grc'><strong>3.</strong></span> <span class='ocrx_word' id='word_1_119' title='bbox 826 1468 1002 1513; x_wconf 80' lang='grc' dir='ltr'><em>Δάρδανοι</em></span> <span class='ocrx_word' id='word_1_120' title='bbox 1015 1469 1098 1504; x_wconf 89' lang='lat' dir='ltr'><strong>fini-</strong></span> 
     </span>
     <span class='ocr_line' id='line_1_25' title="bbox 433 1514 1048 1560; baseline 0.003 -11"><span class='ocrx_word' id='word_1_121' title='bbox 433 1515 517 1549; x_wconf 87' lang='lat' dir='ltr'><strong>timi</strong></span> <span class='ocrx_word' id='word_1_122' title='bbox 545 1514 807 1550; x_wconf 83' lang='lat' dir='ltr'><strong>Macedoniae</strong></span> <span class='ocrx_word' id='word_1_123' title='bbox 833 1515 872 1550; x_wconf 92' lang='grc' dir='ltr'><strong>ΙΙ</strong></span> <span class='ocrx_word' id='word_1_124' title='bbox 897 1516 1048 1560; x_wconf 88' lang='grc'><strong>246,17.</strong></span> 
     </span>
    </p>

    <p class='ocr_par' dir='ltr' id='par_1_6' title="bbox 383 1562 1098 1654">
     <span class='ocr_line' id='line_1_26' title="bbox 383 1562 1098 1610; baseline 0.006 -14"><span class='ocrx_word' id='word_1_125' title='bbox 383 1562 619 1606; x_wconf 83' lang='grc' dir='ltr'><em>Δαρδάνιοι</em></span> <span class='ocrx_word' id='word_1_126' title='bbox 647 1562 822 1598; x_wconf 86' lang='lat' dir='ltr'><strong>Moesiae</strong></span> <span class='ocrx_word' id='word_1_127' title='bbox 853 1564 1027 1610; x_wconf 87' lang='lat' dir='ltr'><strong>populus</strong></span> <span class='ocrx_word' id='word_1_128' title='bbox 1059 1564 1098 1599; x_wconf 93' lang='grc' dir='ltr'><strong>ΙΙ</strong></span> 
     </span>
     <span class='ocr_line' id='line_1_27' title="bbox 431 1610 583 1654; baseline -0.007 -9"><span class='ocrx_word' id='word_1_129' title='bbox 431 1610 583 1654; x_wconf 91' lang='grc'>408,10.</span> 
     </span>
    </p>

    <p class='ocr_par' dir='ltr' id='par_1_7' title="bbox 383 1657 1099 2363">
     <span class='ocr_line' id='line_1_28' title="bbox 383 1657 1098 1704; baseline 0.003 -12"><span class='ocrx_word' id='word_1_130' title='bbox 383 1657 410 1692; x_wconf 90' lang='grc' dir='ltr'><em>Δ</em></span> <span class='ocrx_word' id='word_1_131' title='bbox 427 1663 602 1702; x_wconf 83' lang='grc' dir='ltr'><em>αρεῖος</em></span> <span class='ocrx_word' id='word_1_132' title='bbox 629 1657 660 1693; x_wconf 94' lang='grc'><strong>1.</strong></span> <span class='ocrx_word' id='word_1_133' title='bbox 687 1657 717 1692; x_wconf 92' lang='grc' dir='ltr'><strong>Ι.</strong></span> <span class='ocrx_word' id='word_1_134' title='bbox 754 1658 968 1704; x_wconf 85' lang='lat' dir='ltr'><strong>Hystaspis</strong></span> <span class='ocrx_word' id='word_1_135' title='bbox 994 1660 1098 1695; x_wconf 86' lang='lat' dir='ltr'><strong>filius</strong></span> 
     </span>
     <span class='ocr_line' id='line_1_29' title="bbox 433 1704 1098 1749; baseline 0.006 -10"><span class='ocrx_word' id='word_1_136' title='bbox 433 1704 451 1739; x_wconf 94' lang='lat' dir='ltr'>I</span> <span class='ocrx_word' id='word_1_137' title='bbox 493 1704 574 1749; x_wconf 92' lang='lat'><strong>240,</strong></span> <span class='ocrx_word' id='word_1_138' title='bbox 597 1705 629 1740; x_wconf 87' lang='lat'><strong>9.</strong></span> <span class='ocrx_word' id='word_1_139' title='bbox 682 1715 731 1741; x_wconf 91' lang='lat' dir='ltr'><strong>ex</strong></span> <span class='ocrx_word' id='word_1_140' title='bbox 785 1706 951 1743; x_wconf 77' lang='lat' dir='ltr'><strong>Perside</strong></span> <span class='ocrx_word' id='word_1_141' title='bbox 995 1706 1098 1743; x_wconf 82' lang='lat' dir='ltr'><strong>Susa</strong></span> 
     </span>
     <span class='ocr_line' id='line_1_30' title="bbox 432 1753 1098 1798; baseline 0.005 -11"><span class='ocrx_word' id='word_1_142' title='bbox 432 1755 675 1798; x_wconf 89' lang='lat' dir='ltr'><strong>pervenerat</strong></span> <span class='ocrx_word' id='word_1_143' title='bbox 700 1753 719 1788; x_wconf 90' lang='lat' dir='ltr'>I</span> <span class='ocrx_word' id='word_1_144' title='bbox 748 1753 828 1798; x_wconf 86' lang='grc'>308,</span> <span class='ocrx_word' id='word_1_145' title='bbox 843 1753 876 1789; x_wconf 89' lang='grc'><strong>4.</strong></span> <span class='ocrx_word' id='word_1_146' title='bbox 915 1765 1020 1790; x_wconf 92' lang='lat' dir='ltr'><strong>unus</strong></span> <span class='ocrx_word' id='word_1_147' title='bbox 1048 1755 1098 1790; x_wconf 89' lang='lat' dir='ltr'><strong>de</strong></span> 
     </span>
     <span class='ocr_line' id='line_1_31' title="bbox 431 1800 1097 1846; baseline 0.005 -11"><span class='ocrx_word' id='word_1_148' title='bbox 431 1800 505 1836; x_wconf 92' lang='lat' dir='ltr'><strong>VII</strong></span> <span class='ocrx_word' id='word_1_149' title='bbox 522 1800 654 1836; x_wconf 82' lang='lat' dir='ltr'><strong>Persis</strong></span> <span class='ocrx_word' id='word_1_150' title='bbox 681 1802 749 1846; x_wconf 90' lang='lat' dir='ltr'><strong>qui</strong></span> <span class='ocrx_word' id='word_1_151' title='bbox 776 1800 970 1838; x_wconf 87' lang='lat' dir='ltr'><strong>Smerden</strong></span> <span class='ocrx_word' id='word_1_152' title='bbox 998 1804 1097 1838; x_wconf 91' lang='lat' dir='ltr'><strong>occi-</strong></span> 
     </span>
     <span class='ocr_line' id='line_1_32' title="bbox 433 1847 1099 1893; baseline 0.006 -11"><span class='ocrx_word' id='word_1_153' title='bbox 433 1848 534 1883; x_wconf 84' lang='lat' dir='ltr'><strong>dunt</strong></span> <span class='ocrx_word' id='word_1_154' title='bbox 565 1849 646 1892; x_wconf 89' lang='grc'>308,</span> <span class='ocrx_word' id='word_1_155' title='bbox 661 1847 693 1884; x_wconf 88' lang='grc'><strong>3.</strong></span> <span class='ocrx_word' id='word_1_156' title='bbox 732 1848 813 1893; x_wconf 86' lang='grc'>309,</span> <span class='ocrx_word' id='word_1_157' title='bbox 831 1849 864 1884; x_wconf 90' lang='lat'><strong>5.</strong></span> <span class='ocrx_word' id='word_1_158' title='bbox 906 1860 996 1885; x_wconf 90' lang='lat' dir='ltr'><strong>cum</strong></span> <span class='ocrx_word' id='word_1_159' title='bbox 1023 1850 1099 1886; x_wconf 87' lang='lat' dir='ltr'><strong>Go-</strong></span> 
     </span>
     <span class='ocr_line' id='line_1_33' title="bbox 431 1894 1097 1942; baseline 0.003 -11"><span class='ocrx_word' id='word_1_160' title='bbox 431 1896 533 1941; x_wconf 87' lang='lat' dir='ltr'><strong>brya</strong></span> <span class='ocrx_word' id='word_1_161' title='bbox 565 1894 759 1932; x_wconf 85' lang='lat' dir='ltr'><strong>Smerden</strong></span> <span class='ocrx_word' id='word_1_162' title='bbox 790 1900 909 1933; x_wconf 87' lang='lat' dir='ltr'><strong>necat</strong></span> <span class='ocrx_word' id='word_1_163' title='bbox 939 1898 1019 1942; x_wconf 84' lang='lat'><strong>309,</strong></span> <span class='ocrx_word' id='word_1_164' title='bbox 1042 1898 1097 1933; x_wconf 91' lang='lat'><strong>16.</strong></span> 
     </span>
     <span class='ocr_line' id='line_1_34' title="bbox 431 1944 1098 1989; baseline 0.003 -11"><span class='ocrx_word' id='word_1_165' title='bbox 431 1944 766 1989; x_wconf 85' lang='lat' dir='ltr'><strong>proponitregem</strong></span> <span class='ocrx_word' id='word_1_166' title='bbox 778 1954 865 1980; x_wconf 86' lang='lat' dir='ltr'><strong>esse</strong></span> <span class='ocrx_word' id='word_1_167' title='bbox 879 1946 1098 1981; x_wconf 89' lang='lat' dir='ltr'><strong>creandum</strong></span> 
     </span>
     <span class='ocr_line' id='line_1_35' title="bbox 431 1991 1098 2037; baseline 0.004 -11"><span class='ocrx_word' id='word_1_168' title='bbox 431 1991 512 2036; x_wconf 84' lang='lat'><strong>310,</strong></span> <span class='ocrx_word' id='word_1_169' title='bbox 530 1991 564 2026; x_wconf 91' lang='lat'><strong>8.</strong></span> <span class='ocrx_word' id='word_1_170' title='bbox 603 2002 677 2027; x_wconf 89' lang='lat' dir='ltr'><strong>rex</strong></span> <span class='ocrx_word' id='word_1_171' title='bbox 717 1992 760 2027; x_wconf 87' lang='lat' dir='ltr'><strong>fit</strong></span> <span class='ocrx_word' id='word_1_172' title='bbox 794 1992 874 2037; x_wconf 90' lang='lat'><strong>310,</strong></span> <span class='ocrx_word' id='word_1_173' title='bbox 893 1993 1045 2037; x_wconf 85' lang='lat'><strong>5—311,</strong></span> <span class='ocrx_word' id='word_1_174' title='bbox 1064 1994 1098 2029; x_wconf 91' lang='lat'><strong>8.</strong></span> 
     </span>
     <span class='ocr_line' id='line_1_36' title="bbox 430 2039 1098 2086; baseline 0.004 -13"><span class='ocrx_word' id='word_1_175' title='bbox 430 2039 511 2083; x_wconf 87' lang='grc'>231,</span> <span class='ocrx_word' id='word_1_176' title='bbox 528 2039 583 2074; x_wconf 83' lang='grc'><strong>15.</strong></span> <span class='ocrx_word' id='word_1_177' title='bbox 610 2039 782 2084; x_wconf 82' lang='lat' dir='ltr'><strong>spondet</strong></span> <span class='ocrx_word' id='word_1_178' title='bbox 807 2050 850 2076; x_wconf 89' lang='lat' dir='ltr'><strong>se</strong></span> <span class='ocrx_word' id='word_1_179' title='bbox 876 2051 1015 2086; x_wconf 79' lang='lat' dir='ltr'><strong>regem</strong></span> <span class='ocrx_word' id='word_1_180' title='bbox 1042 2042 1098 2076; x_wconf 87' lang='lat' dir='ltr'><strong>fa-</strong></span> 
     </span>
     <span class='ocr_line' id='line_1_37' title="bbox 431 2087 1098 2134; baseline 0.004 -13"><span class='ocrx_word' id='word_1_181' title='bbox 431 2090 539 2121; x_wconf 90' lang='lat' dir='ltr'><strong>ctum</strong></span> <span class='ocrx_word' id='word_1_182' title='bbox 586 2097 685 2122; x_wconf 85' lang='lat' dir='ltr'><strong>vasa</strong></span> <span class='ocrx_word' id='word_1_183' title='bbox 731 2097 848 2123; x_wconf 89' lang='lat' dir='ltr'><strong>sacra</strong></span> <span class='ocrx_word' id='word_1_184' title='bbox 889 2087 1098 2134; x_wconf 83' lang='lat' dir='ltr'><strong>Babylone</strong></span> 
     </span>
     <span class='ocr_line' id='line_1_38' title="bbox 430 2134 1096 2181; baseline 0.005 -12"><span class='ocrx_word' id='word_1_185' title='bbox 430 2135 646 2170; x_wconf 88' lang='lat' dir='ltr'><strong>missurum</strong></span> <span class='ocrx_word' id='word_1_186' title='bbox 687 2134 966 2181; x_wconf 88' lang='lat' dir='ltr'><strong>Hierosolyma</strong></span> <span class='ocrx_word' id='word_1_187' title='bbox 1016 2137 1096 2181; x_wconf 88' lang='lat'><strong>311,</strong></span> 
     </span>
     <span class='ocr_line' id='line_1_39' title="bbox 430 2181 1096 2229; baseline 0.005 -13"><span class='ocrx_word' id='word_1_188' title='bbox 430 2182 463 2217; x_wconf 97' lang='lat'><strong>9.</strong></span> <span class='ocrx_word' id='word_1_189' title='bbox 491 2181 712 2218; x_wconf 86' lang='lat' dir='ltr'><strong>Zorobabel</strong></span> <span class='ocrx_word' id='word_1_190' title='bbox 739 2183 825 2218; x_wconf 91' lang='lat' dir='ltr'><strong>eius</strong></span> <span class='ocrx_word' id='word_1_191' title='bbox 844 2185 998 2219; x_wconf 90' lang='lat' dir='ltr'><strong>amicus</strong></span> <span class='ocrx_word' id='word_1_192' title='bbox 1015 2184 1096 2229; x_wconf 88' lang='lat'><strong>311,</strong></span> 
     </span>
     <span class='ocr_line' id='line_1_40' title="bbox 432 2229 1096 2276; baseline 0.005 -12"><span class='ocrx_word' id='word_1_193' title='bbox 432 2229 487 2264; x_wconf 89' lang='lat'><strong>11.</strong></span> <span class='ocrx_word' id='word_1_194' title='bbox 504 2230 692 2275; x_wconf 88' lang='lat' dir='ltr'><strong>proponit</strong></span> <span class='ocrx_word' id='word_1_195' title='bbox 704 2233 908 2266; x_wconf 89' lang='lat' dir='ltr'><strong>certamen</strong></span> <span class='ocrx_word' id='word_1_196' title='bbox 927 2231 1096 2276; x_wconf 89' lang='lat' dir='ltr'><strong>dicendi,</strong></span> 
     </span>
     <span class='ocr_line' id='line_1_41' title="bbox 431 2277 1097 2363; baseline 0.005 -4"><span class='ocrx_word' id='word_1_197' title='bbox 431 2278 683 2361; x_wconf 57' lang='lat' dir='ltr'><strong>q¹¹312v¹1¹÷⁰i2</strong></span> <span class='ocrx_word' id='word_1_198' title='bbox 701 2277 1097 2363; x_wconf 53' lang='lat' dir='ltr'><strong>{gsssssssssssslesssshlss</strong></span> 
     </span>
    </p>

    <p class='ocr_par' dir='ltr' id='par_1_8' title="bbox 428 2352 1098 2988">
     <span class='ocr_line' id='line_1_42' title="bbox 550 2352 629 2369; baseline 0 -9"><span class='ocrx_word' id='word_1_199' title='bbox 550 2352 558 2369; x_wconf 93' lang='lat'>‚</span> <span class='ocrx_word' id='word_1_200' title='bbox 622 2352 629 2360; x_wconf 95' lang='lat'><strong>.</strong></span> 
     </span>
     <span class='ocr_line' id='line_1_43' title="bbox 431 2372 1098 2411; baseline 0.006 -4"><span class='ocrx_word' id='word_1_201' title='bbox 431 2376 494 2408; x_wconf 89' lang='lat' dir='ltr'><strong>tus</strong></span> <span class='ocrx_word' id='word_1_202' title='bbox 512 2372 687 2408; x_wconf 89' lang='lat' dir='ltr'><strong>Iudaeos</strong></span> <span class='ocrx_word' id='word_1_203' title='bbox 714 2375 820 2408; x_wconf 90' lang='lat' dir='ltr'><strong>omni</strong></span> <span class='ocrx_word' id='word_1_204' title='bbox 846 2374 964 2410; x_wconf 91' lang='lat' dir='ltr'><strong>modo</strong></span> <span class='ocrx_word' id='word_1_205' title='bbox 983 2376 1098 2411; x_wconf 91' lang='lat' dir='ltr'><strong>iuvat</strong></span> 
     </span>
     <span class='ocr_line' id='line_1_44' title="bbox 430 2420 1096 2458; baseline 0.006 -4"><span class='ocrx_word' id='word_1_206' title='bbox 430 2420 482 2455; x_wconf 89' lang='lat' dir='ltr'><strong>ad</strong></span> <span class='ocrx_word' id='word_1_207' title='bbox 508 2421 841 2457; x_wconf 86' lang='lat' dir='ltr'><strong>instaurationem</strong></span> <span class='ocrx_word' id='word_1_208' title='bbox 864 2423 976 2458; x_wconf 89' lang='lat' dir='ltr'><strong>urbis</strong></span> <span class='ocrx_word' id='word_1_209' title='bbox 1001 2425 1096 2458; x_wconf 87' lang='lat' dir='ltr'><strong>tem—</strong></span> 
     </span>
     <span class='ocr_line' id='line_1_45' title="bbox 433 2467 1095 2515; baseline 0.006 -13"><span class='ocrx_word' id='word_1_210' title='bbox 433 2468 569 2513; x_wconf 84' lang='lat' dir='ltr'><strong>plique</strong></span> <span class='ocrx_word' id='word_1_211' title='bbox 593 2467 673 2513; x_wconf 92' lang='lat'><strong>312,</strong></span> <span class='ocrx_word' id='word_1_212' title='bbox 697 2468 873 2515; x_wconf 88' lang='lat'><strong>20-313,</strong></span> <span class='ocrx_word' id='word_1_213' title='bbox 888 2470 920 2505; x_wconf 89' lang='lat'><strong>9.</strong></span> <span class='ocrx_word' id='word_1_214' title='bbox 948 2471 996 2505; x_wconf 89' lang='lat' dir='ltr'><strong>cf.</strong></span> <span class='ocrx_word' id='word_1_215' title='bbox 1015 2470 1095 2515; x_wconf 91' lang='lat'><strong>240,</strong></span> 
     </span>
     <span class='ocr_line' id='line_1_46' title="bbox 432 2516 1096 2563; baseline 0.006 -13"><span class='ocrx_word' id='word_1_216' title='bbox 432 2516 488 2550; x_wconf 92' lang='grc'><strong>12.</strong></span> <span class='ocrx_word' id='word_1_217' title='bbox 528 2516 608 2560; x_wconf 88' lang='lat'><strong>305,</strong></span> <span class='ocrx_word' id='word_1_218' title='bbox 635 2516 669 2551; x_wconf 90' lang='lat'><strong>2.</strong></span> <span class='ocrx_word' id='word_1_219' title='bbox 706 2516 869 2561; x_wconf 90' lang='lat'><strong>314,14.</strong></span> <span class='ocrx_word' id='word_1_220' title='bbox 910 2518 1096 2563; x_wconf 86' lang='lat' dir='ltr'><strong>querelas</strong></span> 
     </span>
     <span class='ocr_line' id='line_1_47' title="bbox 430 2563 1096 2608; baseline 0.008 -11"><span class='ocrx_word' id='word_1_221' title='bbox 430 2563 674 2608; x_wconf 89' lang='lat' dir='ltr'><strong>populorum</strong></span> <span class='ocrx_word' id='word_1_222' title='bbox 712 2563 874 2600; x_wconf 86' lang='lat' dir='ltr'><strong>Iudaeis</strong></span> <span class='ocrx_word' id='word_1_223' title='bbox 913 2566 1096 2602; x_wconf 89' lang='lat' dir='ltr'><strong>finitimo-</strong></span> 
     </span>
     <span class='ocr_line' id='line_1_48' title="bbox 430 2611 1096 2658; baseline 0.006 -13"><span class='ocrx_word' id='word_1_224' title='bbox 430 2621 518 2645; x_wconf 90' lang='lat' dir='ltr'><strong>rum</strong></span> <span class='ocrx_word' id='word_1_225' title='bbox 556 2611 726 2656; x_wconf 87' lang='lat' dir='ltr'><strong>epistola</strong></span> <span class='ocrx_word' id='word_1_226' title='bbox 758 2622 809 2647; x_wconf 91' lang='lat' dir='ltr'><strong>ex</strong></span> <span class='ocrx_word' id='word_1_227' title='bbox 842 2613 965 2658; x_wconf 84' lang='lat' dir='ltr'><strong>regiis</strong></span> <span class='ocrx_word' id='word_1_228' title='bbox 994 2623 1096 2649; x_wconf 89' lang='lat' dir='ltr'><strong>com-</strong></span> 
     </span>
     <span class='ocr_line' id='line_1_49' title="bbox 429 2659 1094 2706; baseline 0.006 -14"><span class='ocrx_word' id='word_1_229' title='bbox 429 2659 635 2693; x_wconf 86' lang='lat' dir='ltr'><strong>mentariis</strong></span> <span class='ocrx_word' id='word_1_230' title='bbox 654 2662 812 2704; x_wconf 87' lang='lat' dir='ltr'><strong>sumpta</strong></span> <span class='ocrx_word' id='word_1_231' title='bbox 838 2661 996 2706; x_wconf 88' lang='lat' dir='ltr'><strong>repellit</strong></span> <span class='ocrx_word' id='word_1_232' title='bbox 1014 2661 1094 2706; x_wconf 88' lang='lat'><strong>315,</strong></span> 
     </span>
     <span class='ocr_line' id='line_1_50' title="bbox 428 2705 1096 2754; baseline 0.007 -15"><span class='ocrx_word' id='word_1_233' title='bbox 428 2705 557 2740; x_wconf 83' lang='grc'>4-14,</span> <span class='ocrx_word' id='word_1_234' title='bbox 604 2705 850 2743; x_wconf 88' lang='lat' dir='ltr'><strong>Iudaeorum</strong></span> <span class='ocrx_word' id='word_1_235' title='bbox 891 2707 1096 2754; x_wconf 84' lang='lat' dir='ltr'><strong>legatione</strong></span> 
     </span>
     <span class='ocr_line' id='line_1_51' title="bbox 430 2752 1095 2792; baseline 0.008 -5"><span class='ocrx_word' id='word_1_236' title='bbox 430 2753 569 2788; x_wconf 90' lang='lat' dir='ltr'><strong>audita</strong></span> <span class='ocrx_word' id='word_1_237' title='bbox 608 2752 881 2791; x_wconf 87' lang='lat' dir='ltr'><strong>Samaritanos</strong></span> <span class='ocrx_word' id='word_1_238' title='bbox 923 2756 975 2791; x_wconf 90' lang='lat' dir='ltr'><strong>ad</strong></span> <span class='ocrx_word' id='word_1_239' title='bbox 1026 2767 1095 2792; x_wconf 91' lang='lat' dir='ltr'><strong>eos</strong></span> 
     </span>
     <span class='ocr_line' id='line_1_52' title="bbox 429 2801 1095 2849; baseline 0.008 -15"><span class='ocrx_word' id='word_1_240' title='bbox 429 2801 631 2836; x_wconf 88' lang='lat' dir='ltr'><strong>iuvandos</strong></span> <span class='ocrx_word' id='word_1_241' title='bbox 668 2805 804 2837; x_wconf 89' lang='lat' dir='ltr'><strong>monet</strong></span> <span class='ocrx_word' id='word_1_242' title='bbox 835 2802 916 2848; x_wconf 85' lang='lat'><strong>316,</strong></span> <span class='ocrx_word' id='word_1_243' title='bbox 930 2803 963 2838; x_wconf 91' lang='lat'><strong>8.</strong></span> <span class='ocrx_word' id='word_1_244' title='bbox 1002 2801 1095 2849; x_wconf 84' lang='lat' dir='ltr'><strong>Scy-</strong></span> 
     </span>
     <span class='ocr_line' id='line_1_53' title="bbox 429 2848 1095 2894; baseline 0.006 -12"><span class='ocrx_word' id='word_1_245' title='bbox 429 2848 518 2883; x_wconf 87' lang='lat' dir='ltr'><strong>thas</strong></span> <span class='ocrx_word' id='word_1_246' title='bbox 556 2849 708 2894; x_wconf 85' lang='lat' dir='ltr'><strong>subigit</strong></span> <span class='ocrx_word' id='word_1_247' title='bbox 745 2849 825 2894; x_wconf 87' lang='lat'><strong>225,</strong></span> <span class='ocrx_word' id='word_1_248' title='bbox 851 2850 885 2885; x_wconf 92' lang='lat'><strong>3.</strong></span> <span class='ocrx_word' id='word_1_249' title='bbox 925 2852 1095 2886; x_wconf 89' lang='lat' dir='ltr'><strong>moritur</strong></span> 
     </span>
     <span class='ocr_line' id='line_1_54' title="bbox 428 2894 1093 2943; baseline 0.008 -14"><span class='ocrx_word' id='word_1_250' title='bbox 428 2894 565 2931; x_wconf 85' lang='lat' dir='ltr'><strong>Xerxe</strong></span> <span class='ocrx_word' id='word_1_251' title='bbox 599 2896 748 2932; x_wconf 91' lang='lat' dir='ltr'><strong>herede</strong></span> <span class='ocrx_word' id='word_1_252' title='bbox 782 2897 920 2933; x_wconf 90' lang='lat' dir='ltr'><strong>relicto</strong></span> <span class='ocrx_word' id='word_1_253' title='bbox 959 2898 1039 2943; x_wconf 90' lang='lat'><strong>225,</strong></span> <span class='ocrx_word' id='word_1_254' title='bbox 1060 2899 1093 2934; x_wconf 87' lang='lat'><strong>5.</strong></span> 
     </span>
     <span class='ocr_line' id='line_1_55' title="bbox 428 2942 1093 2988; baseline 0.008 -12"><span class='ocrx_word' id='word_1_255' title='bbox 428 2942 509 2988; x_wconf 88' lang='lat'><strong>316,</strong></span> <span class='ocrx_word' id='word_1_256' title='bbox 537 2943 592 2978; x_wconf 87' lang='lat'><strong>15.</strong></span> <span class='ocrx_word' id='word_1_257' title='bbox 636 2944 721 2980; x_wconf 89' lang='lat' dir='ltr'><strong>eius</strong></span> <span class='ocrx_word' id='word_1_258' title='bbox 755 2955 820 2980; x_wconf 86' lang='lat' dir='ltr'><strong>res</strong></span> <span class='ocrx_word' id='word_1_259' title='bbox 846 2946 887 2980; x_wconf 91' lang='lat' dir='ltr'><strong>in</strong></span> <span class='ocrx_word' id='word_1_260' title='bbox 912 2946 1093 2982; x_wconf 87' lang='lat' dir='ltr'><strong>Danielis</strong></span> 
     </span>
    </p>
   </div>
   <div class='ocr_carea' id='block_1_3' title="bbox 921 250 1357 298">
    <p class='ocr_par' dir='ltr' id='par_1_9' title="bbox 921 250 1357 298">
     <span class='ocr_line' id='line_1_56' title="bbox 921 250 1357 298; baseline 0 -10"><span class='ocrx_word' id='word_1_261' title='bbox 921 253 946 288; x_wconf 95' lang='grc' dir='ltr'><em>Δ</em></span> <span class='ocrx_word' id='word_1_262' title='bbox 952 252 1092 298; x_wconf 74' lang='grc' dir='ltr'><em>άνουβις</em></span> <span class='ocrx_word' id='word_1_263' title='bbox 1107 271 1151 277; x_wconf 88' lang='grc'><strong>-·</strong></span> <span class='ocrx_word' id='word_1_264' title='bbox 1166 250 1357 291; x_wconf 74' lang='grc' dir='ltr'><em>Δεκίλλιος.</em></span> 
     </span>
    </p>
   </div>
   <div class='ocr_carea' id='block_1_4' title="bbox 1164 372 1887 2992">
    <p class='ocr_par' dir='ltr' id='par_1_10' title="bbox 1221 372 1886 512">
     <span class='ocr_line' id='line_1_57' title="bbox 1223 372 1885 419; baseline 0.005 -13"><span class='ocrx_word' id='word_1_265' title='bbox 1223 373 1377 407; x_wconf 88' lang='lat' dir='ltr'><strong>somnio</strong></span> <span class='ocrx_word' id='word_1_266' title='bbox 1393 372 1620 418; x_wconf 83' lang='lat' dir='ltr'><strong>descriptae</strong></span> <span class='ocrx_word' id='word_1_267' title='bbox 1634 372 1714 418; x_wconf 88' lang='lat'><strong>224,</strong></span> <span class='ocrx_word' id='word_1_268' title='bbox 1732 373 1785 410; x_wconf 87' lang='lat'><strong>15.</strong></span> <span class='ocrx_word' id='word_1_269' title='bbox 1804 373 1885 419; x_wconf 86' lang='lat'><strong>225,</strong></span> 
     </span>
     <span class='ocr_line' id='line_1_58' title="bbox 1221 419 1886 464; baseline 0.006 -10"><span class='ocrx_word' id='word_1_270' title='bbox 1221 419 1254 454; x_wconf 89' lang='lat'><strong>3.</strong></span> <span class='ocrx_word' id='word_1_271' title='bbox 1282 419 1362 464; x_wconf 88' lang='lat'><strong>231,</strong></span> <span class='ocrx_word' id='word_1_272' title='bbox 1389 420 1421 455; x_wconf 92' lang='lat'><strong>9.</strong></span> <span class='ocrx_word' id='word_1_273' title='bbox 1438 440 1480 445; x_wconf 87' lang='lat'>—</span> <span class='ocrx_word' id='word_1_274' title='bbox 1497 420 1533 455; x_wconf 88' lang='lat'><strong>11</strong></span> <span class='ocrx_word' id='word_1_275' title='bbox 1559 420 1712 463; x_wconf 88' lang='lat'><strong>452,12.</strong></span> <span class='ocrx_word' id='word_1_276' title='bbox 1739 433 1776 457; x_wconf 88' lang='lat' dir='ltr'><strong>v.</strong></span> <span class='ocrx_word' id='word_1_277' title='bbox 1794 423 1886 458; x_wconf 85' lang='grc' dir='ltr'><em>Κυα-</em></span> 
     </span>
     <span class='ocr_line' id='line_1_59' title="bbox 1221 467 1340 512; baseline -0.05 -4"><span class='ocrx_word' id='word_1_278' title='bbox 1221 467 1340 512; x_wconf 76' lang='grc' dir='ltr'><strong>ξάρης.</strong></span> 
     </span>
    </p>

    <p class='ocr_par' dir='ltr' id='par_1_11' title="bbox 1175 514 1887 1656">
     <span class='ocr_line' id='line_1_60' title="bbox 1175 514 1887 561; baseline 0.006 -12"><span class='ocrx_word' id='word_1_279' title='bbox 1175 533 1218 538; x_wconf 91' lang='grc'>-</span> <span class='ocrx_word' id='word_1_280' title='bbox 1244 515 1277 549; x_wconf 91' lang='grc'><strong>2.</strong></span> <span class='ocrx_word' id='word_1_281' title='bbox 1296 515 1365 550; x_wconf 92' lang='lat' dir='ltr'><strong>III.</strong></span> <span class='ocrx_word' id='word_1_282' title='bbox 1384 514 1562 551; x_wconf 89' lang='lat' dir='ltr'><strong>Arsamis</strong></span> <span class='ocrx_word' id='word_1_283' title='bbox 1589 517 1614 551; x_wconf 87' lang='lat' dir='ltr'><strong>f.</strong></span> <span class='ocrx_word' id='word_1_284' title='bbox 1641 516 1753 561; x_wconf 90' lang='lat'><strong>1242,</strong></span> <span class='ocrx_word' id='word_1_285' title='bbox 1766 517 1801 552; x_wconf 85' lang='lat'><strong>4.</strong></span> <span class='ocrx_word' id='word_1_286' title='bbox 1827 527 1887 553; x_wconf 86' lang='lat' dir='ltr'><strong>sa-</strong></span> 
     </span>
     <span class='ocr_line' id='line_1_61' title="bbox 1221 563 1885 608; baseline 0.006 -12"><span class='ocrx_word' id='word_1_287' title='bbox 1221 565 1362 608; x_wconf 88' lang='lat' dir='ltr'><strong>trapae</strong></span> <span class='ocrx_word' id='word_1_288' title='bbox 1389 563 1475 598; x_wconf 85' lang='lat' dir='ltr'><strong>eius</strong></span> <span class='ocrx_word' id='word_1_289' title='bbox 1503 563 1555 598; x_wconf 88' lang='lat' dir='ltr'><strong>ad</strong></span> <span class='ocrx_word' id='word_1_290' title='bbox 1582 563 1802 600; x_wconf 84' lang='lat' dir='ltr'><strong>Granicum</strong></span> <span class='ocrx_word' id='word_1_291' title='bbox 1833 566 1885 600; x_wconf 87' lang='lat' dir='ltr'><strong>ab</strong></span> 
     </span>
     <span class='ocr_line' id='line_1_62' title="bbox 1220 609 1886 656; baseline 0.008 -12"><span class='ocrx_word' id='word_1_292' title='bbox 1220 609 1454 646; x_wconf 85' lang='lat' dir='ltr'><strong>Alexandro</strong></span> <span class='ocrx_word' id='word_1_293' title='bbox 1492 611 1588 646; x_wconf 91' lang='lat' dir='ltr'><strong>victi</strong></span> <span class='ocrx_word' id='word_1_294' title='bbox 1625 612 1778 656; x_wconf 87' lang='lat'><strong>333,18.</strong></span> <span class='ocrx_word' id='word_1_295' title='bbox 1816 611 1886 649; x_wconf 88' lang='lat' dir='ltr'><strong>Su-</strong></span> 
     </span>
     <span class='ocr_line' id='line_1_63' title="bbox 1222 657 1886 706; baseline 0.005 -14"><span class='ocrx_word' id='word_1_296' title='bbox 1222 659 1274 693; x_wconf 89' lang='lat' dir='ltr'><strong>sis</strong></span> <span class='ocrx_word' id='word_1_297' title='bbox 1314 662 1454 693; x_wconf 88' lang='lat' dir='ltr'><strong>contra</strong></span> <span class='ocrx_word' id='word_1_298' title='bbox 1484 657 1761 695; x_wconf 83' lang='lat' dir='ltr'><strong>Alexandrum</strong></span> <span class='ocrx_word' id='word_1_299' title='bbox 1799 671 1886 706; x_wconf 90' lang='lat' dir='ltr'><strong>pro-</strong></span> 
     </span>
     <span class='ocr_line' id='line_1_64' title="bbox 1221 706 1885 754; baseline 0.005 -14"><span class='ocrx_word' id='word_1_300' title='bbox 1221 707 1351 741; x_wconf 85' lang='lat' dir='ltr'><strong>fectus</strong></span> <span class='ocrx_word' id='word_1_301' title='bbox 1394 706 1504 751; x_wconf 84' lang='lat' dir='ltr'><strong>apud</strong></span> <span class='ocrx_word' id='word_1_302' title='bbox 1546 706 1673 742; x_wconf 87' lang='lat' dir='ltr'><strong>Issum</strong></span> <span class='ocrx_word' id='word_1_303' title='bbox 1715 709 1885 754; x_wconf 85' lang='lat' dir='ltr'><strong>fugatur</strong></span> 
     </span>
     <span class='ocr_line' id='line_1_65' title="bbox 1220 753 1883 800; baseline 0.005 -13"><span class='ocrx_word' id='word_1_304' title='bbox 1220 753 1301 798; x_wconf 90' lang='lat'><strong>233,</strong></span> <span class='ocrx_word' id='word_1_305' title='bbox 1328 753 1383 788; x_wconf 92' lang='lat'><strong>20.</strong></span> <span class='ocrx_word' id='word_1_306' title='bbox 1423 754 1503 798; x_wconf 90' lang='lat'><strong>329,</strong></span> <span class='ocrx_word' id='word_1_307' title='bbox 1530 754 1563 788; x_wconf 88' lang='lat'><strong>1.</strong></span> <span class='ocrx_word' id='word_1_308' title='bbox 1601 755 1681 798; x_wconf 89' lang='lat'><strong>334,</strong></span> <span class='ocrx_word' id='word_1_309' title='bbox 1709 755 1883 800; x_wconf 86' lang='grc'>16-336,</span> 
     </span>
     <span class='ocr_line' id='line_1_66' title="bbox 1220 802 1885 848; baseline 0.003 -12"><span class='ocrx_word' id='word_1_310' title='bbox 1220 802 1251 836; x_wconf 87' lang='grc'><strong>6.</strong></span> <span class='ocrx_word' id='word_1_311' title='bbox 1305 802 1391 837; x_wconf 89' lang='lat' dir='ltr'><strong>eius</strong></span> <span class='ocrx_word' id='word_1_312' title='bbox 1440 811 1557 846; x_wconf 88' lang='lat' dir='ltr'><strong>uxor,</strong></span> <span class='ocrx_word' id='word_1_313' title='bbox 1607 806 1744 848; x_wconf 89' lang='lat' dir='ltr'><strong>mater,</strong></span> <span class='ocrx_word' id='word_1_314' title='bbox 1779 803 1885 838; x_wconf 85' lang='lat' dir='ltr'><strong>duae</strong></span> 
     </span>
     <span class='ocr_line' id='line_1_67' title="bbox 1220 849 1885 896; baseline 0.005 -13"><span class='ocrx_word' id='word_1_315' title='bbox 1220 849 1326 883; x_wconf 89' lang='lat' dir='ltr'><strong>filiae</strong></span> <span class='ocrx_word' id='word_1_316' title='bbox 1366 852 1510 894; x_wconf 88' lang='lat' dir='ltr'><strong>captae</strong></span> <span class='ocrx_word' id='word_1_317' title='bbox 1553 849 1634 894; x_wconf 90' lang='lat'><strong>335,</strong></span> <span class='ocrx_word' id='word_1_318' title='bbox 1662 850 1716 885; x_wconf 90' lang='lat'><strong>19.</strong></span> <span class='ocrx_word' id='word_1_319' title='bbox 1767 861 1885 896; x_wconf 91' lang='lat' dir='ltr'><strong>pecu-</strong></span> 
     </span>
     <span class='ocr_line' id='line_1_68' title="bbox 1219 897 1884 943; baseline 0.005 -12"><span class='ocrx_word' id='word_1_320' title='bbox 1219 897 1287 931; x_wconf 87' lang='lat' dir='ltr'><strong>nia</strong></span> <span class='ocrx_word' id='word_1_321' title='bbox 1320 902 1359 932; x_wconf 86' lang='lat' dir='ltr'><strong>et</strong></span> <span class='ocrx_word' id='word_1_322' title='bbox 1389 906 1482 942; x_wconf 91' lang='lat' dir='ltr'><strong>pars</strong></span> <span class='ocrx_word' id='word_1_323' title='bbox 1507 897 1884 943; x_wconf 85' lang='lat' dir='ltr'><strong>impedimentorum</strong></span> 
     </span>
     <span class='ocr_line' id='line_1_69' title="bbox 1220 943 1885 992; baseline 0.005 -13"><span class='ocrx_word' id='word_1_324' title='bbox 1220 945 1307 980; x_wconf 83' lang='lat' dir='ltr'><strong>eius</strong></span> <span class='ocrx_word' id='word_1_325' title='bbox 1357 945 1408 979; x_wconf 90' lang='lat' dir='ltr'><strong>ab</strong></span> <span class='ocrx_word' id='word_1_326' title='bbox 1450 943 1683 981; x_wconf 87' lang='lat' dir='ltr'><strong>Alexandro</strong></span> <span class='ocrx_word' id='word_1_327' title='bbox 1741 949 1885 992; x_wconf 85' lang='lat' dir='ltr'><strong>captae</strong></span> 
     </span>
     <span class='ocr_line' id='line_1_70' title="bbox 1218 992 1886 1038; baseline 0.003 -12"><span class='ocrx_word' id='word_1_328' title='bbox 1218 992 1299 1036; x_wconf 86' lang='lat'><strong>336,</strong></span> <span class='ocrx_word' id='word_1_329' title='bbox 1326 992 1358 1027; x_wconf 95' lang='lat'><strong>7.</strong></span> <span class='ocrx_word' id='word_1_330' title='bbox 1402 992 1488 1027; x_wconf 90' lang='lat' dir='ltr'><strong>eius</strong></span> <span class='ocrx_word' id='word_1_331' title='bbox 1515 993 1687 1038; x_wconf 85' lang='lat' dir='ltr'><strong>epistula</strong></span> <span class='ocrx_word' id='word_1_332' title='bbox 1713 993 1765 1028; x_wconf 87' lang='lat' dir='ltr'><strong>ad.</strong></span> <span class='ocrx_word' id='word_1_333' title='bbox 1791 1003 1886 1029; x_wconf 91' lang='lat' dir='ltr'><strong>eun-</strong></span> 
     </span>
     <span class='ocr_line' id='line_1_71' title="bbox 1221 1039 1884 1086; baseline 0.003 -12"><span class='ocrx_word' id='word_1_334' title='bbox 1221 1039 1309 1075; x_wconf 88' lang='lat' dir='ltr'><strong>dem</strong></span> <span class='ocrx_word' id='word_1_335' title='bbox 1373 1039 1422 1074; x_wconf 90' lang='lat' dir='ltr'><strong>de</strong></span> <span class='ocrx_word' id='word_1_336' title='bbox 1480 1050 1608 1086; x_wconf 85' lang='lat' dir='ltr'><strong>regno</strong></span> <span class='ocrx_word' id='word_1_337' title='bbox 1666 1041 1884 1076; x_wconf 89' lang='lat' dir='ltr'><strong>dividendo</strong></span> 
     </span>
     <span class='ocr_line' id='line_1_72' title="bbox 1221 1087 1884 1135; baseline 0.003 -13"><span class='ocrx_word' id='word_1_338' title='bbox 1221 1087 1318 1122; x_wconf 86' lang='lat' dir='ltr'><strong>data</strong></span> <span class='ocrx_word' id='word_1_339' title='bbox 1357 1087 1438 1131; x_wconf 88' lang='lat'><strong>338,</strong></span> <span class='ocrx_word' id='word_1_340' title='bbox 1457 1088 1489 1122; x_wconf 87' lang='lat'><strong>8.</strong></span> <span class='ocrx_word' id='word_1_341' title='bbox 1539 1087 1762 1123; x_wconf 87' lang='lat' dir='ltr'><strong>Alexandri</strong></span> <span class='ocrx_word' id='word_1_342' title='bbox 1801 1089 1884 1135; x_wconf 90' lang='lat' dir='ltr'><strong>epi-</strong></span> 
     </span>
     <span class='ocr_line' id='line_1_73' title="bbox 1220 1135 1885 1180; baseline 0.003 -11"><span class='ocrx_word' id='word_1_343' title='bbox 1220 1135 1324 1170; x_wconf 89' lang='lat' dir='ltr'><strong>stula</strong></span> <span class='ocrx_word' id='word_1_344' title='bbox 1363 1135 1415 1169; x_wconf 91' lang='lat' dir='ltr'><strong>ad</strong></span> <span class='ocrx_word' id='word_1_345' title='bbox 1449 1145 1539 1170; x_wconf 89' lang='lat' dir='ltr'><strong>eum</strong></span> <span class='ocrx_word' id='word_1_346' title='bbox 1577 1135 1657 1180; x_wconf 79' lang='lat'><strong>338,</strong></span> <span class='ocrx_word' id='word_1_347' title='bbox 1685 1136 1740 1171; x_wconf 88' lang='lat'><strong>13.</strong></span> <span class='ocrx_word' id='word_1_348' title='bbox 1779 1146 1885 1172; x_wconf 88' lang='lat' dir='ltr'><strong>uxor</strong></span> 
     </span>
     <span class='ocr_line' id='line_1_74' title="bbox 1220 1183 1885 1219; baseline 0.003 -2"><span class='ocrx_word' id='word_1_349' title='bbox 1220 1184 1306 1218; x_wconf 87' lang='lat' dir='ltr'><strong>eius</strong></span> <span class='ocrx_word' id='word_1_350' title='bbox 1337 1183 1507 1218; x_wconf 88' lang='lat' dir='ltr'><strong>moritur</strong></span> <span class='ocrx_word' id='word_1_351' title='bbox 1541 1186 1581 1218; x_wconf 89' lang='lat' dir='ltr'><strong>et</strong></span> <span class='ocrx_word' id='word_1_352' title='bbox 1606 1184 1885 1219; x_wconf 85' lang='lat' dir='ltr'><strong>honestissime</strong></span> 
     </span>
     <span class='ocr_line' id='line_1_75' title="bbox 1220 1230 1884 1276; baseline 0.002 -10"><span class='ocrx_word' id='word_1_353' title='bbox 1220 1231 1413 1276; x_wconf 86' lang='lat' dir='ltr'><strong>sepelitur</strong></span> <span class='ocrx_word' id='word_1_354' title='bbox 1438 1230 1580 1275; x_wconf 86' lang='grc'>338,14</span> <span class='ocrx_word' id='word_1_355' title='bbox 1593 1241 1623 1267; x_wconf 91' lang='lat' dir='ltr'><strong>s.</strong></span> <span class='ocrx_word' id='word_1_356' title='bbox 1661 1232 1748 1267; x_wconf 89' lang='lat' dir='ltr'><strong>eius</strong></span> <span class='ocrx_word' id='word_1_357' title='bbox 1779 1232 1884 1267; x_wconf 85' lang='lat' dir='ltr'><strong>testi-</strong></span> 
     </span>
     <span class='ocr_line' id='line_1_76' title="bbox 1219 1277 1882 1323; baseline 0.003 -11"><span class='ocrx_word' id='word_1_358' title='bbox 1219 1279 1398 1313; x_wconf 89' lang='lat' dir='ltr'><strong>monium</strong></span> <span class='ocrx_word' id='word_1_359' title='bbox 1438 1278 1488 1314; x_wconf 90' lang='lat' dir='ltr'><strong>de</strong></span> <span class='ocrx_word' id='word_1_360' title='bbox 1529 1277 1764 1315; x_wconf 86' lang='lat' dir='ltr'><strong>Alexandro</strong></span> <span class='ocrx_word' id='word_1_361' title='bbox 1802 1279 1882 1323; x_wconf 88' lang='lat'><strong>339,</strong></span> 
     </span>
     <span class='ocr_line' id='line_1_77' title="bbox 1219 1324 1883 1372; baseline 0.003 -12"><span class='ocrx_word' id='word_1_362' title='bbox 1219 1326 1274 1360; x_wconf 92' lang='lat'><strong>10.</strong></span> <span class='ocrx_word' id='word_1_363' title='bbox 1313 1324 1472 1361; x_wconf 90' lang='lat' dir='ltr'><strong>Arbelis</strong></span> <span class='ocrx_word' id='word_1_364' title='bbox 1514 1327 1683 1372; x_wconf 82' lang='lat' dir='ltr'><strong>fugatus</strong></span> <span class='ocrx_word' id='word_1_365' title='bbox 1719 1326 1800 1370; x_wconf 87' lang='lat'><strong>232,</strong></span> <span class='ocrx_word' id='word_1_366' title='bbox 1826 1326 1883 1362; x_wconf 90' lang='lat'><strong>23.</strong></span> 
     </span>
     <span class='ocr_line' id='line_1_78' title="bbox 1218 1374 1882 1420; baseline 0.003 -12"><span class='ocrx_word' id='word_1_367' title='bbox 1218 1374 1299 1418; x_wconf 88' lang='lat'><strong>339,</strong></span> <span class='ocrx_word' id='word_1_368' title='bbox 1320 1374 1493 1418; x_wconf 86' lang='lat'><strong>13-340,</strong></span> <span class='ocrx_word' id='word_1_369' title='bbox 1514 1374 1569 1409; x_wconf 92' lang='lat'><strong>11.</strong></span> <span class='ocrx_word' id='word_1_370' title='bbox 1607 1375 1715 1420; x_wconf 76' lang='lat' dir='ltr'><strong>fug-it</strong></span> <span class='ocrx_word' id='word_1_371' title='bbox 1750 1374 1830 1418; x_wconf 84' lang='lat'><strong>340,</strong></span> <span class='ocrx_word' id='word_1_372' title='bbox 1849 1375 1882 1410; x_wconf 88' lang='grc'><strong>6.</strong></span> 
     </span>
     <span class='ocr_line' id='line_1_79' title="bbox 1218 1421 1883 1466; baseline 0.002 -10"><span class='ocrx_word' id='word_1_373' title='bbox 1218 1432 1310 1456; x_wconf 92' lang='lat' dir='ltr'><strong>eum</strong></span> <span class='ocrx_word' id='word_1_374' title='bbox 1353 1422 1609 1466; x_wconf 89' lang='lat' dir='ltr'><strong>persequitur</strong></span> <span class='ocrx_word' id='word_1_375' title='bbox 1649 1421 1883 1458; x_wconf 89' lang='lat' dir='ltr'><strong>Alexander</strong></span> 
     </span>
     <span class='ocr_line' id='line_1_80' title="bbox 1217 1469 1883 1514; baseline 0.002 -11"><span class='ocrx_word' id='word_1_376' title='bbox 1217 1469 1363 1512; x_wconf 88' lang='lat'><strong>341‚15.</strong></span> <span class='ocrx_word' id='word_1_377' title='bbox 1396 1471 1564 1504; x_wconf 88' lang='lat' dir='ltr'><strong>moritur</strong></span> <span class='ocrx_word' id='word_1_378' title='bbox 1578 1469 1772 1514; x_wconf 90' lang='lat'><strong>342,1—7.</strong></span> <span class='ocrx_word' id='word_1_379' title='bbox 1799 1469 1883 1506; x_wconf 86' lang='lat' dir='ltr'><strong>Sta-</strong></span> 
     </span>
     <span class='ocr_line' id='line_1_81' title="bbox 1217 1517 1883 1553; baseline 0.002 -2"><span class='ocrx_word' id='word_1_380' title='bbox 1217 1517 1334 1552; x_wconf 89' lang='lat' dir='ltr'><strong>tiram</strong></span> <span class='ocrx_word' id='word_1_381' title='bbox 1361 1517 1480 1551; x_wconf 87' lang='lat' dir='ltr'><strong>filiam</strong></span> <span class='ocrx_word' id='word_1_382' title='bbox 1508 1518 1594 1553; x_wconf 88' lang='lat' dir='ltr'><strong>eius</strong></span> <span class='ocrx_word' id='word_1_383' title='bbox 1619 1527 1790 1553; x_wconf 89' lang='lat' dir='ltr'><strong>uxorem</strong></span> <span class='ocrx_word' id='word_1_384' title='bbox 1814 1518 1883 1552; x_wconf 89' lang='lat' dir='ltr'><strong>du-</strong></span> 
     </span>
     <span class='ocr_line' id='line_1_82' title="bbox 1218 1563 1882 1610; baseline 0.003 -11"><span class='ocrx_word' id='word_1_385' title='bbox 1218 1565 1270 1599; x_wconf 89' lang='lat' dir='ltr'><strong>cit</strong></span> <span class='ocrx_word' id='word_1_386' title='bbox 1296 1563 1529 1600; x_wconf 89' lang='lat' dir='ltr'><strong>Alexander</strong></span> <span class='ocrx_word' id='word_1_387' title='bbox 1554 1564 1706 1610; x_wconf 88' lang='lat'><strong>349,19.</strong></span> <span class='ocrx_word' id='word_1_388' title='bbox 1724 1585 1767 1590; x_wconf 88' lang='lat'>—</span> <span class='ocrx_word' id='word_1_389' title='bbox 1782 1565 1800 1600; x_wconf 98' lang='grc' dir='ltr'>Ι</span> <span class='ocrx_word' id='word_1_390' title='bbox 1827 1566 1882 1610; x_wconf 86' lang='grc'>10,</span> 
     </span>
     <span class='ocr_line' id='line_1_83' title="bbox 1217 1611 1428 1656; baseline 0.005 -10"><span class='ocrx_word' id='word_1_391' title='bbox 1217 1612 1273 1646; x_wconf 90' lang='lat'><strong>21.</strong></span> <span class='ocrx_word' id='word_1_392' title='bbox 1301 1611 1380 1656; x_wconf 87' lang='lat'><strong>242,</strong></span> <span class='ocrx_word' id='word_1_393' title='bbox 1395 1612 1428 1647; x_wconf 90' lang='lat'><strong>4.</strong></span> 
     </span>
    </p>

    <p class='ocr_par' dir='ltr' id='par_1_12' title="bbox 1170 1659 1883 1753">
     <span class='ocr_line' id='line_1_84' title="bbox 1170 1659 1883 1704; baseline 0.003 -10"><span class='ocrx_word' id='word_1_394' title='bbox 1170 1679 1214 1685; x_wconf 97' lang='lat'>—</span> <span class='ocrx_word' id='word_1_395' title='bbox 1252 1660 1285 1695; x_wconf 91' lang='lat'><strong>3.</strong></span> <span class='ocrx_word' id='word_1_396' title='bbox 1324 1659 1521 1695; x_wconf 84' lang='lat' dir='ltr'><strong>Artabani</strong></span> <span class='ocrx_word' id='word_1_397' title='bbox 1559 1660 1610 1704; x_wconf 92' lang='grc'><strong>(1)</strong></span> <span class='ocrx_word' id='word_1_398' title='bbox 1642 1660 1883 1696; x_wconf 88' lang='lat' dir='ltr'><strong>Parthorum</strong></span> 
     </span>
     <span class='ocr_line' id='line_1_85' title="bbox 1216 1707 1577 1753; baseline 0 -11"><span class='ocrx_word' id='word_1_399' title='bbox 1216 1708 1325 1753; x_wconf 84' lang='lat' dir='ltr'><strong>regis</strong></span> <span class='ocrx_word' id='word_1_400' title='bbox 1352 1708 1378 1742; x_wconf 84' lang='lat' dir='ltr'><strong>f.</strong></span> <span class='ocrx_word' id='word_1_401' title='bbox 1405 1707 1423 1742; x_wconf 94' lang='lat' dir='ltr'>I</span> <span class='ocrx_word' id='word_1_402' title='bbox 1447 1707 1529 1752; x_wconf 89' lang='lat'><strong>484,</strong></span> <span class='ocrx_word' id='word_1_403' title='bbox 1544 1707 1577 1742; x_wconf 90' lang='lat'><strong>4.</strong></span> 
     </span>
    </p>

    <p class='ocr_par' dir='ltr' id='par_1_13' title="bbox 1169 1754 1787 1800">
     <span class='ocr_line' id='line_1_86' title="bbox 1169 1754 1787 1800; baseline 0.003 -10"><span class='ocrx_word' id='word_1_404' title='bbox 1169 1756 1347 1790; x_wconf 86' lang='grc' dir='ltr'><em>Δαύνιοι</em></span> <span class='ocrx_word' id='word_1_405' title='bbox 1373 1754 1545 1800; x_wconf 89' lang='lat' dir='ltr'><strong>Apuliae</strong></span> <span class='ocrx_word' id='word_1_406' title='bbox 1571 1755 1609 1790; x_wconf 93' lang='lat' dir='ltr'><strong>II</strong></span> <span class='ocrx_word' id='word_1_407' title='bbox 1637 1755 1715 1800; x_wconf 87' lang='lat'><strong>196,</strong></span> <span class='ocrx_word' id='word_1_408' title='bbox 1732 1756 1787 1792; x_wconf 88' lang='lat'><strong>17.</strong></span> 
     </span>
    </p>

    <p class='ocr_par' dir='ltr' id='par_1_14' title="bbox 1169 1802 1883 2039">
     <span class='ocr_line' id='line_1_87' title="bbox 1169 1802 1883 1848; baseline 0 -9"><span class='ocrx_word' id='word_1_409' title='bbox 1169 1804 1195 1839; x_wconf 92' lang='grc' dir='ltr'><em>Δ</em></span> <span class='ocrx_word' id='word_1_410' title='bbox 1212 1803 1233 1838; x_wconf 87' lang='grc' dir='ltr'><strong><em>ά</em></strong></span> <span class='ocrx_word' id='word_1_411' title='bbox 1248 1817 1275 1848; x_wconf 84' lang='grc' dir='ltr'><em>φ</em></span> <span class='ocrx_word' id='word_1_412' title='bbox 1290 1817 1308 1838; x_wconf 89' lang='grc' dir='ltr'><strong><em>ν</em></strong></span> <span class='ocrx_word' id='word_1_413' title='bbox 1322 1817 1343 1848; x_wconf 89' lang='grc' dir='ltr'><em>η</em></span> <span class='ocrx_word' id='word_1_414' title='bbox 1370 1802 1608 1838; x_wconf 87' lang='lat' dir='ltr'><strong>Antiochiae</strong></span> <span class='ocrx_word' id='word_1_415' title='bbox 1643 1804 1883 1839; x_wconf 88' lang='lat' dir='ltr'><strong>suburbium</strong></span> 
     </span>
     <span class='ocr_line' id='line_1_88' title="bbox 1218 1850 1882 1897; baseline 0.003 -12"><span class='ocrx_word' id='word_1_416' title='bbox 1218 1850 1235 1885; x_wconf 91' lang='grc' dir='ltr'>Ι</span> <span class='ocrx_word' id='word_1_417' title='bbox 1265 1851 1345 1895; x_wconf 87' lang='grc'>416,</span> <span class='ocrx_word' id='word_1_418' title='bbox 1374 1851 1428 1886; x_wconf 89' lang='lat'><strong>18.</strong></span> <span class='ocrx_word' id='word_1_419' title='bbox 1466 1850 1526 1885; x_wconf 90' lang='grc' dir='ltr'><strong>ΙΙΙ</strong></span> <span class='ocrx_word' id='word_1_420' title='bbox 1552 1851 1608 1895; x_wconf 88' lang='grc'><strong>64,</strong></span> <span class='ocrx_word' id='word_1_421' title='bbox 1635 1851 1668 1886; x_wconf 96' lang='lat'><strong>1.</strong></span> <span class='ocrx_word' id='word_1_422' title='bbox 1696 1852 1751 1887; x_wconf 89' lang='lat'><strong>18.</strong></span> <span class='ocrx_word' id='word_1_423' title='bbox 1790 1852 1812 1897; x_wconf 82' lang='grc' dir='ltr'><em>ἦ</em></span> <span class='ocrx_word' id='word_1_424' title='bbox 1845 1851 1882 1887; x_wconf 83' lang='grc' dir='ltr'><strong>ἓν</strong></span> 
     </span>
     <span class='ocr_line' id='line_1_89' title="bbox 1217 1898 1881 1944; baseline 0.002 -11"><span class='ocrx_word' id='word_1_425' title='bbox 1217 1898 1317 1943; x_wconf 81' lang='grc' dir='ltr'><strong>(πρός</strong></span> <span class='ocrx_word' id='word_1_426' title='bbox 1351 1898 1420 1939; x_wconf 81' lang='grc' dir='ltr'><strong>ἐπὶ)</strong></span> <span class='ocrx_word' id='word_1_427' title='bbox 1459 1904 1502 1943; x_wconf 84' lang='grc' dir='ltr'><strong>τῇ</strong></span> <span class='ocrx_word' id='word_1_428' title='bbox 1534 1899 1662 1944; x_wconf 83' lang='grc' dir='ltr'><em>Δάφνῃ</em></span> <span class='ocrx_word' id='word_1_429' title='bbox 1695 1898 1881 1944; x_wconf 79' lang='grc' dir='ltr'><strong><em>Ἀντιόχεια</em></strong></span> 
     </span>
     <span class='ocr_line' id='line_1_90' title="bbox 1217 1946 1883 1993; baseline 0.005 -13"><span class='ocrx_word' id='word_1_430' title='bbox 1217 1946 1296 1990; x_wconf 90' lang='lat'><strong>522,</strong></span> <span class='ocrx_word' id='word_1_431' title='bbox 1307 1946 1340 1981; x_wconf 94' lang='lat'><strong>8.</strong></span> <span class='ocrx_word' id='word_1_432' title='bbox 1366 1946 1513 1990; x_wconf 88' lang='lat'><strong>557,18.</strong></span> <span class='ocrx_word' id='word_1_433' title='bbox 1531 1946 1676 1990; x_wconf 90' lang='lat'><strong>588,13.</strong></span> <span class='ocrx_word' id='word_1_434' title='bbox 1703 1947 1883 1993; x_wconf 84' lang='grc' dir='ltr'><em>Δαφναῖος</em></span> 
     </span>
     <span class='ocr_line' id='line_1_91' title="bbox 1216 1992 1719 2039; baseline 0.002 -11"><span class='ocrx_word' id='word_1_435' title='bbox 1216 1992 1360 2039; x_wconf 91' lang='lat' dir='ltr'><strong>Apollo</strong></span> <span class='ocrx_word' id='word_1_436' title='bbox 1388 1993 1447 2028; x_wconf 93' lang='grc' dir='ltr'><strong>ΙΙΙ</strong></span> <span class='ocrx_word' id='word_1_437' title='bbox 1472 1993 1670 2039; x_wconf 88' lang='lat'><strong>64‚1—65,</strong></span> <span class='ocrx_word' id='word_1_438' title='bbox 1688 1994 1719 2029; x_wconf 92' lang='lat'><strong>1.</strong></span> 
     </span>
    </p>

    <p class='ocr_par' dir='ltr' id='par_1_15' title="bbox 1168 2041 1881 2087">
     <span class='ocr_line' id='line_1_92' title="bbox 1168 2041 1881 2087; baseline 0.001 -11"><span class='ocrx_word' id='word_1_439' title='bbox 1168 2041 1378 2087; x_wconf 78' lang='grc' dir='ltr'><em>Δεβελτός</em></span> <span class='ocrx_word' id='word_1_440' title='bbox 1396 2042 1593 2077; x_wconf 82' lang='lat' dir='ltr'><strong>Thraciae</strong></span> <span class='ocrx_word' id='word_1_441' title='bbox 1618 2042 1716 2077; x_wconf 87' lang='lat' dir='ltr'><strong>urbs</strong></span> <span class='ocrx_word' id='word_1_442' title='bbox 1742 2053 1766 2077; x_wconf 87' lang='lat' dir='ltr'><strong>a</strong></span> <span class='ocrx_word' id='word_1_443' title='bbox 1791 2041 1881 2077; x_wconf 92' lang='lat' dir='ltr'><strong>Bul-</strong></span> 
     </span>
    </p>

    <p class='ocr_par' dir='ltr' id='par_1_16' title="bbox 1168 2089 1880 2278">
     <span class='ocr_line' id='line_1_93' title="bbox 1168 2089 1879 2182; baseline 0 -10"><span class='ocrx_word' id='word_1_444' title='bbox 1168 2138 1194 2172; x_wconf 68' lang='grc' dir='ltr'><em>Δ</em></span> <span class='ocrx_word' id='word_1_445' title='bbox 1210 2090 1340 2182; x_wconf 64' lang='grc' dir='ltr'><strong>ἕέξέῖ</strong></span> <span class='ocrx_word' id='word_1_446' title='bbox 1353 2089 1879 2173; x_wconf 42' lang='grc' dir='ltr'><strong>ἓίῢξὲηξέζορῗὲέᾶᾗὲὃέἓ·</strong></span> 
     </span>
     <span class='ocr_line' id='line_1_94' title="bbox 1215 2184 1880 2221; baseline 0 -1"><span class='ocrx_word' id='word_1_447' title='bbox 1215 2195 1355 2220; x_wconf 91' lang='lat' dir='ltr'><strong>raeum</strong></span> <span class='ocrx_word' id='word_1_448' title='bbox 1382 2185 1526 2220; x_wconf 88' lang='lat' dir='ltr'><strong>ducem</strong></span> <span class='ocrx_word' id='word_1_449' title='bbox 1557 2188 1697 2220; x_wconf 86' lang='lat' dir='ltr'><strong>contra</strong></span> <span class='ocrx_word' id='word_1_450' title='bbox 1723 2184 1880 2221; x_wconf 88' lang='lat' dir='ltr'><strong>Chana-</strong></span> 
     </span>
     <span class='ocr_line' id='line_1_95' title="bbox 1216 2232 1880 2278; baseline 0.005 -11"><span class='ocrx_word' id='word_1_451' title='bbox 1216 2243 1341 2269; x_wconf 88' lang='lat' dir='ltr'><strong>naeos</strong></span> <span class='ocrx_word' id='word_1_452' title='bbox 1369 2235 1479 2268; x_wconf 88' lang='lat' dir='ltr'><strong>creat</strong></span> <span class='ocrx_word' id='word_1_453' title='bbox 1504 2232 1523 2267; x_wconf 93' lang='grc' dir='ltr'>Ι</span> <span class='ocrx_word' id='word_1_454' title='bbox 1548 2232 1771 2278; x_wconf 83' lang='grc'>85,14-86,</span> <span class='ocrx_word' id='word_1_455' title='bbox 1787 2233 1844 2268; x_wconf 94' lang='grc'><strong>11.</strong></span> <span class='ocrx_word' id='word_1_456' title='bbox 1862 2234 1880 2270; x_wconf 69' lang='lat'><strong>.·</strong></span> 
     </span>
    </p>

    <p class='ocr_par' dir='ltr' id='par_1_17' title="bbox 1168 2279 1877 2364">
     <span class='ocr_line' id='line_1_96' title="bbox 1168 2279 1877 2325; baseline 0 -10"><span class='ocrx_word' id='word_1_457' title='bbox 1168 2280 1298 2316; x_wconf 81' lang='grc' dir='ltr'><em>Δεῖνα</em></span> <span class='ocrx_word' id='word_1_458' title='bbox 1332 2280 1470 2316; x_wconf 87' lang='lat' dir='ltr'><strong>Iacobi</strong></span> <span class='ocrx_word' id='word_1_459' title='bbox 1504 2281 1584 2315; x_wconf 88' lang='lat' dir='ltr'><strong>filia</strong></span> <span class='ocrx_word' id='word_1_460' title='bbox 1613 2279 1632 2315; x_wconf 93' lang='lat' dir='ltr'>I</span> <span class='ocrx_word' id='word_1_461' title='bbox 1657 2280 1786 2325; x_wconf 88' lang='lat'><strong>40,14.</strong></span> <span class='ocrx_word' id='word_1_462' title='bbox 1820 2280 1877 2325; x_wconf 86' lang='lat'><strong>42,</strong></span> 
     </span>
     <span class='ocr_line' id='line_1_97' title="bbox 1215 2328 1301 2364; baseline 0 -1"><span class='ocrx_word' id='word_1_463' title='bbox 1215 2328 1236 2363; x_wconf 95' lang='lat'><strong>7</strong></span> <span class='ocrx_word' id='word_1_464' title='bbox 1251 2338 1301 2364; x_wconf 90' lang='lat' dir='ltr'><strong>ss.</strong></span> 
     </span>
    </p>

    <p class='ocr_par' dir='ltr' id='par_1_18' title="bbox 1166 2376 1627 2422">
     <span class='ocr_line' id='line_1_98' title="bbox 1166 2376 1627 2422; baseline 0.002 -12"><span class='ocrx_word' id='word_1_465' title='bbox 1166 2376 1346 2422; x_wconf 83' lang='grc' dir='ltr'>Δεκαβέ,</span> <span class='ocrx_word' id='word_1_466' title='bbox 1374 2387 1410 2411; x_wconf 92' lang='lat' dir='ltr'><strong>v.</strong></span> <span class='ocrx_word' id='word_1_467' title='bbox 1433 2376 1569 2421; x_wconf 83' lang='grc' dir='ltr'><em>Ἰωσήφ</em></span> <span class='ocrx_word' id='word_1_468' title='bbox 1595 2376 1627 2411; x_wconf 91' lang='grc'><strong>8.</strong></span> 
     </span>
    </p>

    <p class='ocr_par' dir='ltr' id='par_1_19' title="bbox 1166 2422 1879 2563">
     <span class='ocr_line' id='line_1_99' title="bbox 1166 2422 1878 2470; baseline -0.001 -12"><span class='ocrx_word' id='word_1_469' title='bbox 1166 2424 1410 2470; x_wconf 78' lang='grc' dir='ltr'><em>Δεκέβαλος</em></span> <span class='ocrx_word' id='word_1_470' title='bbox 1428 2424 1631 2459; x_wconf 87' lang='lat' dir='ltr'><strong>Dacorum</strong></span> <span class='ocrx_word' id='word_1_471' title='bbox 1649 2433 1723 2459; x_wconf 84' lang='lat' dir='ltr'><strong>rex</strong></span> <span class='ocrx_word' id='word_1_472' title='bbox 1741 2434 1765 2458; x_wconf 89' lang='lat' dir='ltr'><strong>a</strong></span> <span class='ocrx_word' id='word_1_473' title='bbox 1783 2422 1878 2457; x_wconf 88' lang='lat' dir='ltr'><strong>Tra-</strong></span> 
     </span>
     <span class='ocr_line' id='line_1_100' title="bbox 1213 2470 1879 2515; baseline -0.002 -9"><span class='ocrx_word' id='word_1_474' title='bbox 1213 2472 1306 2507; x_wconf 91' lang='lat' dir='ltr'><strong>iano</strong></span> <span class='ocrx_word' id='word_1_475' title='bbox 1326 2473 1456 2507; x_wconf 88' lang='lat' dir='ltr'><strong>victus</strong></span> <span class='ocrx_word' id='word_1_476' title='bbox 1475 2483 1517 2507; x_wconf 91' lang='lat' dir='ltr'><strong>se</strong></span> <span class='ocrx_word' id='word_1_477' title='bbox 1535 2474 1653 2507; x_wconf 89' lang='lat' dir='ltr'><strong>necat</strong></span> <span class='ocrx_word' id='word_1_478' title='bbox 1682 2471 1720 2505; x_wconf 91' lang='grc' dir='ltr'><strong>ΙΙ</strong></span> <span class='ocrx_word' id='word_1_479' title='bbox 1737 2470 1818 2515; x_wconf 88' lang='grc'>508,</span> <span class='ocrx_word' id='word_1_480' title='bbox 1832 2471 1879 2505; x_wconf 92' lang='grc'><strong>20</strong></span> 
     </span>
     <span class='ocr_line' id='line_1_101' title="bbox 1213 2518 1877 2563; baseline -0.002 -9"><span class='ocrx_word' id='word_1_481' title='bbox 1213 2518 1340 2563; x_wconf 84' lang='grc'>-510,</span> <span class='ocrx_word' id='word_1_482' title='bbox 1362 2520 1394 2554; x_wconf 90' lang='grc'><strong>6.</strong></span> <span class='ocrx_word' id='word_1_483' title='bbox 1434 2521 1520 2555; x_wconf 88' lang='lat' dir='ltr'><strong>eius</strong></span> <span class='ocrx_word' id='word_1_484' title='bbox 1551 2519 1730 2554; x_wconf 86' lang='lat' dir='ltr'><strong>thesauri</strong></span> <span class='ocrx_word' id='word_1_485' title='bbox 1760 2518 1877 2561; x_wconf 89' lang='lat'><strong>510,7</strong></span> 
     </span>
    </p>

    <p class='ocr_par' dir='ltr' id='par_1_20' title="bbox 1165 2613 1705 2660">
     <span class='ocr_line' id='line_1_102' title="bbox 1165 2613 1705 2660; baseline -0.002 -11"><span class='ocrx_word' id='word_1_486' title='bbox 1165 2614 1444 2660; x_wconf 79' lang='grc' dir='ltr'><em>Δεκέμβριος</em></span> <span class='ocrx_word' id='word_1_487' title='bbox 1469 2613 1527 2648; x_wconf 78' lang='grc' dir='ltr'><strong>ΠΙ</strong></span> <span class='ocrx_word' id='word_1_488' title='bbox 1552 2613 1705 2658; x_wconf 85' lang='grc'>469,14.</span> 
     </span>
    </p>

    <p class='ocr_par' dir='ltr' id='par_1_21' title="bbox 1166 2661 1877 2848">
     <span class='ocr_line' id='line_1_103' title="bbox 1166 2661 1877 2706; baseline -0.001 -9"><span class='ocrx_word' id='word_1_489' title='bbox 1166 2662 1191 2697; x_wconf 90' lang='grc' dir='ltr'><em>Δ</em></span> <span class='ocrx_word' id='word_1_490' title='bbox 1205 2675 1221 2696; x_wconf 90' lang='grc' dir='ltr'><strong>ε</strong></span> <span class='ocrx_word' id='word_1_491' title='bbox 1230 2676 1254 2696; x_wconf 83' lang='grc' dir='ltr'><em>κ</em></span> <span class='ocrx_word' id='word_1_492' title='bbox 1265 2662 1282 2696; x_wconf 85' lang='grc' dir='ltr'><strong>ε’</strong></span> <span class='ocrx_word' id='word_1_493' title='bbox 1290 2676 1310 2697; x_wconf 89' lang='grc' dir='ltr'><em>ν</em></span> <span class='ocrx_word' id='word_1_494' title='bbox 1322 2676 1340 2696; x_wconf 82' lang='grc' dir='ltr'><em>τ</em></span> <span class='ocrx_word' id='word_1_495' title='bbox 1350 2676 1360 2695; x_wconf 93' lang='grc' dir='ltr'><em>ι</em></span> <span class='ocrx_word' id='word_1_496' title='bbox 1372 2675 1391 2696; x_wconf 90' lang='lat' dir='ltr'><strong>o</strong></span> <span class='ocrx_word' id='word_1_497' title='bbox 1402 2675 1419 2699; x_wconf 90' lang='grc' dir='ltr'><em>ς</em></span> <span class='ocrx_word' id='word_1_498' title='bbox 1468 2661 1690 2706; x_wconf 84' lang='lat' dir='ltr'><strong>Magnentii</strong></span> <span class='ocrx_word' id='word_1_499' title='bbox 1750 2662 1877 2697; x_wconf 85' lang='lat' dir='ltr'><strong>frater</strong></span> 
     </span>
     <span class='ocr_line' id='line_1_104' title="bbox 1214 2707 1876 2745; baseline -0.002 0"><span class='ocrx_word' id='word_1_500' title='bbox 1214 2708 1363 2745; x_wconf 89' lang='lat' dir='ltr'><strong>Caesar</strong></span> <span class='ocrx_word' id='word_1_501' title='bbox 1382 2707 1533 2744; x_wconf 86' lang='lat' dir='ltr'><strong>Gallias</strong></span> <span class='ocrx_word' id='word_1_502' title='bbox 1559 2709 1722 2744; x_wconf 86' lang='lat' dir='ltr'><strong>iubetur</strong></span> <span class='ocrx_word' id='word_1_503' title='bbox 1748 2712 1876 2744; x_wconf 87' lang='lat' dir='ltr'><strong>custo-</strong></span> 
     </span>
     <span class='ocr_line' id='line_1_105' title="bbox 1214 2755 1874 2793; baseline -0.002 -1"><span class='ocrx_word' id='word_1_504' title='bbox 1214 2757 1300 2793; x_wconf 89' lang='lat' dir='ltr'><strong>dire</strong></span> <span class='ocrx_word' id='word_1_505' title='bbox 1339 2759 1478 2792; x_wconf 87' lang='lat' dir='ltr'><strong>contra</strong></span> <span class='ocrx_word' id='word_1_506' title='bbox 1517 2755 1794 2792; x_wconf 87' lang='lat' dir='ltr'><strong>Constantium</strong></span> <span class='ocrx_word' id='word_1_507' title='bbox 1825 2756 1874 2791; x_wconf 92' lang='grc' dir='ltr'><strong>ΙΙ.</strong></span> 
     </span>
     <span class='ocr_line' id='line_1_106' title="bbox 1213 2803 1743 2848; baseline 0 -10"><span class='ocrx_word' id='word_1_508' title='bbox 1213 2804 1272 2839; x_wconf 95' lang='lat' dir='ltr'><strong>III</strong></span> <span class='ocrx_word' id='word_1_509' title='bbox 1297 2805 1353 2848; x_wconf 91' lang='lat'><strong>39,</strong></span> <span class='ocrx_word' id='word_1_510' title='bbox 1369 2805 1400 2839; x_wconf 93' lang='lat'><strong>7.</strong></span> <span class='ocrx_word' id='word_1_511' title='bbox 1428 2814 1470 2838; x_wconf 88' lang='lat' dir='ltr'><strong>se</strong></span> <span class='ocrx_word' id='word_1_512' title='bbox 1495 2808 1615 2839; x_wconf 90' lang='lat' dir='ltr'><strong>necat</strong></span> <span class='ocrx_word' id='word_1_513' title='bbox 1639 2803 1696 2847; x_wconf 81' lang='lat'><strong>45,</strong></span> <span class='ocrx_word' id='word_1_514' title='bbox 1709 2804 1743 2839; x_wconf 93' lang='lat'><strong>4.</strong></span> 
     </span>
    </p>

    <p class='ocr_par' dir='ltr' id='par_1_22' title="bbox 1164 2852 1659 2896">
     <span class='ocr_line' id='line_1_107' title="bbox 1164 2852 1659 2896; baseline 0 -10"><span class='ocrx_word' id='word_1_515' title='bbox 1164 2852 1380 2896; x_wconf 81' lang='grc' dir='ltr'><em>Δεκίδιος,</em></span> <span class='ocrx_word' id='word_1_516' title='bbox 1408 2862 1445 2886; x_wconf 87' lang='lat' dir='ltr'><strong>V.</strong></span> <span class='ocrx_word' id='word_1_517' title='bbox 1471 2852 1659 2890; x_wconf 77' lang='grc' dir='ltr'><em>Δεκίλλιος.</em></span> 
     </span>
    </p>

    <p class='ocr_par' dir='ltr' id='par_1_23' title="bbox 1164 2898 1875 2992">
     <span class='ocr_line' id='line_1_108' title="bbox 1164 2898 1875 2944; baseline 0 -10"><span class='ocrx_word' id='word_1_518' title='bbox 1164 2900 1190 2935; x_wconf 94' lang='grc' dir='ltr'><em>Δ</em></span> <span class='ocrx_word' id='word_1_519' title='bbox 1201 2914 1247 2934; x_wconf 87' lang='grc' dir='ltr'><strong>εκ</strong></span> <span class='ocrx_word' id='word_1_520' title='bbox 1256 2900 1320 2934; x_wconf 77' lang='grc' dir='ltr'><strong>ίλλ</strong></span> <span class='ocrx_word' id='word_1_521' title='bbox 1329 2913 1338 2934; x_wconf 91' lang='grc' dir='ltr'><em>ι</em></span> <span class='ocrx_word' id='word_1_522' title='bbox 1347 2913 1391 2938; x_wconf 89' lang='grc' dir='ltr'><strong>ος</strong></span> <span class='ocrx_word' id='word_1_523' title='bbox 1402 2898 1588 2944; x_wconf 78' lang='grc' dir='ltr'><em>[Δεκίδιος]</em></span> <span class='ocrx_word' id='word_1_524' title='bbox 1602 2899 1672 2943; x_wconf 85' lang='lat' dir='ltr'><strong>[L.]</strong></span> <span class='ocrx_word' id='word_1_525' title='bbox 1683 2899 1875 2934; x_wconf 80' lang='lat' dir='ltr'><strong>Decillius</strong></span> 
     </span>
     <span class='ocr_line' id='line_1_109' title="bbox 1213 2946 1874 2992; baseline 0.002 -11"><span class='ocrx_word' id='word_1_526' title='bbox 1213 2946 1430 2992; x_wconf 85' lang='lat' dir='ltr'><strong>[Decidius]</strong></span> <span class='ocrx_word' id='word_1_527' title='bbox 1463 2946 1571 2982; x_wconf 80' lang='lat' dir='ltr'><strong>Saxa</strong></span> <span class='ocrx_word' id='word_1_528' title='bbox 1606 2948 1765 2992; x_wconf 84' lang='lat' dir='ltr'><strong>legatus</strong></span> <span class='ocrx_word' id='word_1_529' title='bbox 1796 2946 1874 2982; x_wconf 92' lang='lat' dir='ltr'><strong>An-</strong></span> 
     </span>
    </p>
   </div>
  </div>
 </body>
</html>
