2054 3282
493 223 727 269 MICHAEL
754 229 1100 269 CALAPHATES
1123 229 1210 266 FIT
1234 229 1448 268 CAESAR.
1647 229 1720 266 597

58 396 66 402 Α,
224 353 453 408 ἁμάρτημα
495 350 597 408 παρ’
637 353 810 395 ἐκείνων
854 353 982 399 ἄλλας
1022 368 1066 395 τε
1108 352 1278 402 ἐδέξατο
1320 350 1488 398 ἐντολὰς
1530 350 1602 393 καὶ
1643 354 1718 394 τοῦ

48 424 125 475 31v
142 425 211 462 144
224 423 486 478 ἀφροδισίων
524 423 775 477 ἀπέχεσθαι·
819 422 942 464 ἔνθεν
976 438 1038 464 τοι
1068 421 1140 463 καὶ
1171 420 1376 467 διαδόσεις
1407 421 1582 462 ἐποιεῖτο
1612 436 1716 476 χρη-
1731 424 1754 459 6

48 488 62 494 ’
221 491 371 546 μάτων
411 491 582 532 πολλῶν
623 490 695 532 καὶ
738 494 903 545 σεμνεῒα
947 489 1163 545 ᾠκοδόμει
1205 489 1277 532 καὶ
1315 490 1372 536 εἷς
1408 487 1719 543 Θεσσαλονίκην

224 559 401 614 ἀπῆλθε,
445 563 519 600 τοῦ
557 559 794 601 καλλινίκου
830 560 1046 614 μάρτυρος
1077 558 1318 614 Δημητρίου
1358 558 1557 613 δεόμενος
1587 558 1652 600 ἵνα
1683 573 1719 599 τι

186 629 296 670 δτοῦ
330 628 502 674 πάθους
543 627 645 682 εὕρῃ
689 627 895 682 ἀλέξημα·
939 632 1002 681 τῷ
1041 627 1085 669 δὲ
1124 626 1195 668 καὶ
1225 626 1351 673 νόσος
1380 625 1553 681 ὖδερικὴ
1585 640 1717 680 προσ-
1733 628 1762 665 C

221 697 391 752 εγένετο.
453 697 516 743 ὡς
547 694 624 738 οὖν
655 696 792 742 οὕτως
821 696 968 750 ἔχοντα
1000 695 1071 738 τὸν
1102 694 1287 750 ἀδελφὸν
1318 695 1435 749 ἑώρα
1461 694 1485 736 ὁ
1504 693 1717 749 Ἰωάννης,
1733 697 1755 734 7

222 764 360 812 δείσας
389 765 484 819 περὶ
513 769 563 820 τῇ
593 764 778 819 βασιλείᾳ
807 763 868 818 μὴ
899 762 1064 817 ἀθρόον
1083 762 1291 809 θανόντος
1311 766 1384 804 τοῦ
1407 761 1720 816 αὐτοκράτορος

220 833 286 875 ἐπὶ
321 838 372 889 τῇ
403 833 510 888 Ζωῇ
547 834 709 888 γένηται
749 832 811 879 ὡς
847 831 1106 886 κληρονόμῳ
1143 831 1283 886 αὐτῆς,
1327 831 1556 873 κάντεῦθεν
1593 829 1719 876 αὐτός

218 918 261 944 τε
296 901 368 944 καὶ
402 901 450 944 τὸ
489 902 609 956 γένος
652 901 752 943 ὅλον
795 901 852 947 εἷς
895 900 1190 953 ἒξολόθρευσιν
1234 901 1409 954 γένηται,
1454 900 1606 954 μέτεισι
1647 898 1719 941 τὸν

161 974 207 1011 10
220 970 511 1024 αῧτοκράτορα
549 969 798 1025 πιθανότησι
835 969 906 1011 καὶ
935 969 1070 1010 πείθει
1099 968 1171 1010 τὸν
1202 968 1456 1023 ἀδελφιδοῦν
1487 968 1616 1010 αὐτοῦ
1646 966 1719 1010 τὸν

219 1039 392 1095 ΙΙΙιχαὴλ
420 1039 767 1094 προχειρίσασθαι
800 1037 1008 1092 Καίσαρα,
1052 1038 1103 1079 ἵν’
1134 1037 1315 1092 ἔφεδρος
1345 1037 1406 1092 εἴη
1442 1041 1493 1092 τῇ
1530 1041 1603 1091 τῆς
1638 1037 1716 1091 βα-

219 1108 369 1155 σιλείας
399 1109 521 1163 ἀρχῇ.
583 1107 670 1149 ἐπεὶ
702 1106 748 1149 δὲ
777 1111 850 1162 τῆς
880 1105 1100 1161 βασιλείας,
1144 1106 1207 1152 ὡς
1238 1107 1405 1160 εἴρηται,
1449 1105 1753 1160 κληρονόμονὸ

219 1176 293 1232 τὴν
324 1176 455 1231 Ζωὴν
484 1177 588 1232 ᾔδει,
632 1176 783 1230 μέτεισι
813 1175 1024 1230 κάκείνην,
1069 1175 1140 1216 καὶ
1169 1175 1330 1230 μητέρα
1361 1173 1436 1229 τὴν
1466 1175 1614 1230 εὐγενῆ
1643 1177 1717 1216 τοῦ

219 1246 445 1300 δυσγενοῦς
475 1244 813 1286 ἀναπλάττουσιν.
875 1244 1011 1298 ἄμφω
1046 1243 1126 1298 γὰρ
1157 1243 1217 1285 τὼ
1249 1242 1423 1298 ἀδελφὼ
1457 1243 1753 1298 διαλεχθέντε9

160 1319 204 1356 15
218 1315 324 1370 αὐτῇ
359 1313 453 1368 περὶ
489 1314 638 1356 τούτου
677 1312 910 1367 εἰσποιητὸν
947 1312 1097 1367 ταύτης
1127 1311 1199 1354 τὸν
1229 1311 1404 1366 Μιχαὴλ
1434 1311 1526 1353 υἱὸν
1557 1311 1716 1366 ὀνομά-

218 1384 370 1433 ζουσιν.
431 1383 458 1438 ἡ
492 1382 537 1424 δὲ
566 1379 663 1437 μήτ’
696 1382 895 1424 ἀντειπεῖν
931 1382 1157 1436 θαρροῦσα
1189 1384 1274 1427 τοῖς
1305 1380 1477 1422 ἐκείνων
1507 1379 1717 1434 θελήμασι
1731 1382 2014 1420 10DW111191

217 1451 289 1494 καὶ
318 1451 457 1498 ἄλλως
487 1450 663 1497 εὔκολος
694 1449 800 1492 οὖσα
832 1450 902 1492 καὶ
932 1449 1007 1504 τὴν
1039 1450 1214 1505 γνώμην
1244 1449 1462 1503 εὐάγωγος
1483 1449 1714 1490 κατένευσε.

217 1520 289 1563 καὶ
324 1521 604 1575 συνήθροιστο
639 1518 719 1574 μὲν
752 1520 809 1565 εἷς
839 1517 911 1560 τὸν
942 1519 986 1560 ἐν
1017 1518 1277 1573 Βλαχέρναις
1307 1518 1425 1560 θεῖον
1455 1516 1559 1559 ναὸν
1589 1518 1615 1572 ἡ
1649 1533 1715 1572 γε-
1731 1519 1775 1555 11

217 1588 366 1643 ρουσία
397 1588 445 1631 ἐκ
476 1587 834 1643 προκηρύγματος
863 1587 935 1629 καὶ
967 1588 1007 1629 οἷ
1035 1587 1291 1642 πληροῦντες
1320 1585 1395 1642 τὴν
1424 1586 1538 1635 τάξιν
1568 1585 1620 1642 δὴ
1642 1586 1717 1642 τὴν

217 1730 240 1766 5
264 1732 315 1766 ὅτι
340 1730 400 1767 καὶ
425 1730 543 1775 ὑδέρῳ
567 1730 771 1774 περιέπεσεν
797 1730 818 1764 ὅ
839 1729 1005 1775 βασιλεὺς
1029 1729 1178 1775 ΙΙῙιχαήλ
1204 1728 1267 1766 CE
1354 1727 1398 1765 18
1422 1730 1473 1763 ὅτι
1499 1729 1521 1763 ὅ
1544 1728 1716 1774 Καλαφά-

217 1792 279 1824 της
302 1777 451 1825 Μιχαὴλ
477 1780 569 1821 (om.
584 1778 630 1822 Ε)
656 1778 852 1824 υἵοθετήθη
878 1783 920 1823 τῇ
943 1777 1127 1823 βασιλίσσῃ
1155 1777 1216 1813 καὶ
1237 1777 1376 1822 Καῖσαρ
1401 1776 1624 1822 ἀνηγορεύθη
1652 1775 1717 1813 ΟΕ

291 1916 310 1951 1
338 1915 443 1955 ἄλλας
468 1915 504 1951 τὲ
526 1915 610 1961 παρ’
637 1915 786 1951 ἐκείνων
811 1914 875 1951 BC
984 1913 1007 1949 5
1030 1914 1127 1959 εὕροι
1154 1912 1218 1949 BC
1315 1912 1378 1958 τῷ]
1406 1914 1427 1949 ὁ
1452 1913 1486 1948 D
1584 1915 1608 1949 8
1632 1914 1716 1958 κλη-

288 1965 439 2008 ρονόμος
464 1963 495 1998 Β
619 1963 665 1999 10
687 1964 893 2008 πιθανότητι
919 1962 989 1997 DE
1110 1961 1226 1997 αὐτῶν
1251 1960 1314 1997 ΒΟ
1438 1962 1480 1995 11
1508 1967 1550 2007 τῇ
1577 1972 1652 1997 om.
1679 1960 1716 1995 D

292 2012 336 2047 12
361 2011 455 2057 ἀρχὴ
481 2010 568 2056 (sic)
595 2010 630 2046 A
743 2011 786 2046 13
811 2010 977 2046 κάκεῖνον
1003 2009 1039 2045 D
1151 2009 1195 2044 14
1221 2008 1270 2044 τὼ
1295 2008 1443 2054 ἀδελφὼ
1470 2007 1638 2055 prDi,
1666 2014 1715 2054 τῷ

286 2059 434 2104 ἀδελφῷ
451 2058 526 2094 ΑΙ)
625 2058 669 2094 15
695 2058 770 2094 υἱὸν
797 2068 872 2094 om.
891 2057 922 2093 B
1021 2057 1065 2093 17
1090 2056 1267 2103 εὐαγωγός
1294 2055 1380 2103 w*p
1406 2057 1544 2092 invitis
1564 2056 1646 2101 AR,
1677 2067 1715 2092 v.

286 2106 399 2143 XVII
427 2107 482 2151 18,
509 2106 531 2142 7
629 2107 675 2143 18
700 2107 722 2152 ἡ
747 2106 913 2152 γερουσία
940 2116 1015 2141 om.
1043 2104 1078 2140 D

217 2239 447 2275 confessum
473 2248 564 2274 cum
590 2238 670 2273 alia
693 2238 744 2273 ab
764 2238 811 2273 iis
829 2240 1049 2284 praecepta
1066 2237 1283 2282 accepisse,
1310 2239 1395 2272 tum
1412 2239 1458 2271 ut
1476 2245 1520 2271 re
1538 2246 1716 2272 venerea

216 2286 449 2322 abstineret.
481 2285 738 2331 Quapropter
755 2285 924 2321 multum
943 2284 1143 2330 pecuniae
1161 2283 1360 2330 erogabat
1379 2287 1418 2318 et
1436 2293 1574 2320 sacras
1591 2284 1714 2320 aedes
1728 2282 1751 2317 6

217 2334 454 2370 exstruebat
485 2337 524 2369 et
553 2333 605 2369 ad
632 2333 826 2369 inclutum
852 2337 1070 2377 martyrem
1098 2331 1348 2367 Demetrium
1374 2331 1715 2377 peregrinabatur

217 2381 556 2426 Thessalonicam,
595 2381 700 2416 illius
733 2381 824 2416 mali
859 2379 1135 2426 depulsionem
1172 2389 1310 2424 orans3
1351 2389 1493 2414 verum
1528 2378 1581 2414 ad
1616 2378 1713 2415 illud

218 2429 338 2465 etiam
371 2428 550 2475 hydrops
582 2429 760 2464 accessit.
812 2429 926 2470 Quae
959 2437 1048 2462 eum
1080 2429 1206 2463 frater
1232 2427 1319 2463 eius
1344 2426 1518 2462 Ioannes
1546 2425 1749 2471 videret,7

218 2477 384 2522 veritus,
422 2486 473 2512 ne
504 2477 748 2523 imperatore
781 2476 915 2511 subito
947 2475 1146 2510 exstineto
1173 2474 1383 2520 imperium
1411 2474 1463 2523 ad
1490 2473 1596 2510 Zoen
1626 2475 1714 2511 iure

218 2524 462 2560 hereditario
488 2524 648 2568 rediret,
685 2524 852 2569 ipseque
879 2532 969 2558 cum
997 2526 1081 2558 tota
1108 2522 1259 2557 familia
1284 2522 1589 2568 exstirparetur,
1626 2533 1712 2568 pro·

218 2572 420 2607 habilibus
445 2571 581 2607 verbis
607 2571 838 2617 imperatori
867 2570 1095 2616 persuadet,
1122 2574 1167 2605 ut
1193 2574 1381 2616 nepotem
1409 2580 1460 2604 ex
1487 2579 1627 2605 sorore
1646 2569 1713 2605 Mi·

219 2619 397 2655 chaelem
430 2618 643 2656 Caesarem
677 2618 852 2665 appellet
886 2619 924 2653 in
962 2628 1090 2663 regno
1125 2627 1424 2662 successurun13
1463 2617 1579 2653 cuius
1617 2616 1750 2663 quia8

218 2666 298 2702 Zoe
331 2666 447 2702 heres
484 2670 582 2710 erat,
619 2670 664 2702 ut
699 2666 848 2702 dictum
886 2669 955 2709 est,
995 2665 1101 2700 illam
1134 2674 1298 2710 quoque
1331 2668 1417 2700 arte
1443 2667 1600 2700 tractat.
1651 2664 1712 2700 Ita

218 2717 441 2750 matronam
474 2714 650 2750 nobilem
677 2718 845 2749 matrem
872 2712 1061 2759 ignobilis
1088 2713 1201 2759 pueri
1229 2713 1399 2757 fingunt.
1448 2711 1579 2748 Ambo
1606 2711 1749 2747 enim9

218 2762 364 2798 fratres
391 2771 440 2798 ea
467 2761 517 2798 de
543 2771 586 2798 re
613 2772 703 2798 cum
730 2761 797 2796 illa
825 2761 1010 2796 collocuti
1035 2759 1268 2796 Michaelem
1296 2760 1383 2795 eius
1408 2759 1532 2795 fllium
1559 2759 1712 2805 adopti-

219 2819 315 2845 vum
339 2809 559 2845 nominant.
611 2809 667 2845 Ea
695 2819 792 2844 vero
819 2818 925 2854 quae
952 2817 1027 2844 nee
1052 2808 1332 2843 voluntatibus
1352 2817 1491 2843 eorum
1510 2807 1710 2853 refragari
1728 2806 1773 2842 10

219 2856 389 2893 auderet
419 2861 459 2892 et
492 2857 670 2903 alioquin
703 2857 831 2892 facilis
863 2866 909 2890 ac
945 2854 1166 2891 tractabilis
1199 2858 1315 2898 esset,
1354 2855 1507 2891 annuit.
1559 2854 1712 2891 Senatu
1727 2855 1769 2890 11

218 2904 345 2951 igitur
362 2909 402 2942 et
420 2904 478 2948 iis,
497 2905 566 2951 qui
585 2905 816 2941 comitatum
836 2904 993 2949 regium
1014 2902 1190 2949 explent,
1207 2903 1247 2938 in
1268 2902 1547 2939 Blacherniam
1569 2902 1710 2939 aedem
