2054 3282
355 250 427 288 450
762 250 943 288 ZONAR.
971 250 1101 288 ΕΡΙΤ.
1127 249 1219 289 XVI
1247 252 1301 298 14,
1330 251 1456 290 1—14.

356 373 635 427 ἐντειλάμενος
679 373 795 426 αὐτῷ
833 373 904 414 καὶ
942 372 1013 414 τὸν
1045 373 1188 415 Δοῦκα
1227 374 1541 430 προσλαβέσθαι
1571 376 1850 431 Ἀνδρόνικον.

319 442 380 483 26
413 442 458 483 δὲ
490 442 627 487 δόλιος
648 441 866 495 Σαμωνᾶς
887 442 1099 483 ἄσπονδον
1130 443 1242 496 ἔχων
1273 443 1434 497 ἔχθραν
1464 444 1569 485 κατὰ
1600 449 1673 487 τοῦ
1706 446 1851 499 γένους

355 513 428 551 τοῦ
460 510 672 551 Δουκικοῦ
712 509 937 564 ὗποτίθησί
969 526 1042 551 τινι
1079 513 1165 551 τῶν
1204 511 1340 565 φίλων
1370 515 1444 553 τοῦ
1467 512 1742 567 Ἀνδρονίκου
1775 514 1848 568 δη-

355 578 486 618 λῶσαι
518 578 633 630 αὐτῷ
663 576 722 630 μὴ
747 577 1003 630 συμπλεῦσαι
1024 583 1086 631 τῷ
1103 578 1281 633 Ἱμερίῳ,
1315 580 1498 634 ἐκκόψαι
1529 581 1570 621 οῖ
1598 580 1647 622 τὰ
1679 581 1849 636 ὄμματα

320 651 342 683 3
354 646 541 700 μέλλοντι
571 644 676 686 κατὰ
708 645 913 699 βασίλειον
943 646 1202 700 πρόσταγμα,
1266 647 1329 689 διὸ
1362 648 1441 690 οὐκ
1473 649 1643 704 ἐπείσθη
1666 654 1727 704 τῷ
1743 649 1887 704 ‘Iste-5

356 714 435 768 ρίῳ
467 713 679 755 συνελθεῖν
711 714 735 754 ὁ
760 713 1040 768 Ἀνδρόνικος,
1086 715 1188 756 ὅθεν
1225 716 1295 757 καὶ
1330 716 1464 770 μόνος
1500 717 1656 764 ἐκεῖνος
1686 733 1848 773 ναυμα-

356 783 488 836 χήσας
520 781 721 836 ἐκράτησε
757 782 828 823 καὶ
866 786 938 823 τοῦ
978 787 1063 824 τῶν
1100 784 1314 838 πολεμίων
1351 786 1603 839 περιεγένετο
1642 791 1849 828 ναυτικοῦ.

320 850 548 891 4ἕντεῦθεν
585 850 848 903 ἀπεγνωκὼς
879 851 902 891 ὁ
929 851 1196 904 Ἀνδρόνικος
1232 857 1439 907 συγγενεῖς
1474 870 1516 894 τε
1559 854 1628 895 καὶ
1673 855 1852 900 δούλους

357 919 485 959 αὐτοῦ
516 918 863 972 προσλαβόμενος
894 921 1067 974 κατέσχε
1097 920 1171 974 τὴν
1203 921 1420 975 Κάβαλαν,
1462 922 1618 976 ὀχυρόν
1648 939 1682 963 τι
1714 923 1850 977 φρού-

98 990 294 1025 ΡΙΙΙὸΟΑ
321 990 447 1042 ὅριον
477 991 550 1028 τοῦ
578 987 752 1028 ’Ῑκονίου
786 989 836 1029 οὗ
867 989 977 1030 πάνυ
1009 1006 1042 1029 τι
1075 989 1334 1043 διακείμενον
1363 991 1567 1044 μήκοθεν.
1631 991 1654 1032 ὁ
1687 991 1733 1032 δὲ
1760 991 1848 1032 Σα-
1867 999 1912 1033 10

355 1060 504 1110 μωνᾶς
527 1055 577 1096 οὗ
601 1055 750 1096 διέλιπε
772 1056 842 1097 τὸν
862 1058 1031 1110 βασιλέα
1056 1057 1260 1111 ἐρεθίζων
1281 1058 1351 1099 καὶ
1373 1059 1429 1103 εἷς
1451 1058 1581 1113 ὀργὴν
1604 1063 1851 1113 παρακινιῦν

321 1124 461 1166 6κατὰ
500 1127 573 1165 τοῦ
607 1123 772 1177 ἀνδρός.
833 1125 992 1178 μαθὼν
1026 1123 1062 1166 δ’
1096 1126 1252 1171 ἐκεῖνος
1282 1127 1352 1167 καὶ
1383 1126 1456 1181 τὴν
1487 1131 1560 1168 τοῦ
1591 1128 1850 1182 πατριάρχου

357 1193 575 1235 Νικολάου
616 1193 662 1234 ἔκ
698 1197 771 1247 τῆς
808 1193 1028 1247 ἐκκλησίας
1060 1194 1269 1248 ἒξώθησιν
1300 1195 1370 1235 καὶ
1401 1195 1610 1236 πάντοθεν
1641 1195 1851 1249 ἀπογνοὺς

322 1262 598 1315 Ίπανοικεσίᾳ
630 1266 714 1306 τοῖς
733 1261 978 1315 Ἀγαρηνοῖς
1008 1262 1332 1316 προσελήλυθεν.
1396 1264 1420 1304 ὁ
1453 1263 1496 1304 δὲ
1518 1263 1709 1318 βασιλεὺς
1729 1268 1850 1306 τοῦτο

358 1330 482 1384 γνοὺς
512 1330 811 1385 ὑπερήλγησεν,
857 1331 1039 1371 ἐναντίον
1070 1332 1173 1378 ἕξειν
1203 1331 1274 1372 τὸν
1305 1332 1439 1385 ἄνδρα
1472 1330 1568 1373 ἀνθ’
1602 1333 1849 1387 ὕπερμάχου
1866 1340 1909 1376 15

322 1399 625 1452 8πτοούμενος.
696 1398 865 1452 γραφὴν
902 1400 1038 1439 τοίνυν
1078 1400 1313 1454 ἓγχαράττει
1355 1401 1572 1455 βασίλειον,
1619 1399 1670 1442 δι’
1704 1400 1754 1456 ἧς
1790 1405 1851 1455 τῷ

138 1472 186 1507 W
204 1471 255 1507 ΠΙ
277 1467 610 1522 145Ἀνδρονίκῳ
653 1467 723 1508 καὶ
767 1467 968 1521 ἀμνηστία
1007 1471 1091 1508 τῶν
1128 1469 1407 1522 πραχθέντων
1445 1469 1741 1524 ἓπρυτανεύετο
1780 1469 1850 1511 καὶ

357 1615 380 1649 2
405 1616 455 1649 ὅτι
480 1614 519 1655 ἐξ
543 1614 731 1660 ἐπιβουλῆς
757 1620 815 1649 τοῦ
844 1615 1003 1659 Σαμωνᾶ
1028 1616 1049 1649 ὁ
1072 1614 1167 1656 Aoi-5
1191 1616 1409 1660 Ἀνδρόνικος
1435 1622 1505 1655 τοῖς
1526 1617 1722 1663 Ἀγαρηνοΐς
1745 1631 1850 1662 προσ·

356 1663 527 1708 ελήλυθεν
553 1662 581 1697 C

434 1782 446 1816 l
477 1782 591 1817 δούκα
617 1782 659 1826 Β,
687 1783 821 1817 δοῦκαν
847 1782 894 1823 D,
922 1782 1056 1817 δούκαν
1082 1782 1178 1828 Ewp
1352 1784 1374 1817 3
1402 1784 1551 1818 δοκικοῢ
1577 1783 1624 1828 D,
1654 1795 1754 1820 corr.
1781 1784 1850 1823 Dw

427 1830 461 1865 4.
489 1830 511 1864 5
536 1831 664 1874 ι’μερίω
691 1831 776 1873 (sic)
796 1829 831 1864 A
929 1831 950 1863 ἶ)
974 1831 1131 1875 μέλλοντι
1160 1841 1234 1865 om.
1253 1831 1301 1874 D,
1328 1831 1455 1876 suppl.
1475 1831 1555 1874 Dw,
1580 1833 1738 1876 μελλόντι
1765 1832 1849 1878 W*p

428 1878 451 1912 9
476 1878 634 1923 κὰβαλαν
659 1876 854 1924 AprDi
881 1877 987 1923 Sym.
1021 1889 1126 1923 mag.
1161 1889 1196 1923 p.
1224 1879 1303 1923 710,
1334 1879 1386 1922 15,
1415 1879 1464 1913 cf.
1492 1878 1538 1914 G.
1560 1879 1610 1914 M.
1638 1891 1673 1925 p.
1690 1879 1768 1923 789,
1794 1881 1849 1923 15,

428 1925 472 1960 L.
493 1925 539 1960 G.
566 1936 602 1970 p.
618 1925 698 1969 281,
713 1926 746 1967 8,
773 1926 931 1971 καβάλαν
957 1925 1136 1971 Tlieopln.
1157 1930 1260 1960 cont.
1289 1938 1324 1972 p.
1343 1927 1423 1970 372,
1444 1927 1499 1972 11,
1527 1926 1641 1963 Cedr.
1661 1926 1849 1973 (Scylitz.)

429 1972 466 2007 II
493 1984 529 2018 p.
548 1973 628 2017 267,
651 1974 679 2017 l,
707 1973 779 2008 Th.
807 1973 855 2007 M.
885 1984 920 2018 p.
951 1974 1016 2008 196
1114 1973 1156 2018 τι]
1183 1988 1218 2008 τε
1244 1973 1273 2008 Β
1372 1975 1417 2008 10
1442 1989 1471 2008 τι
1500 1985 1574 2009 om.
1602 1975 1633 2009 Ο
1733 1976 1773 2010 ll
1802 1976 1850 2010 δι·

427 2021 601 2064 ερεθίζων
628 2020 663 2055 D
788 2021 832 2056 13
856 2021 1037 2066 ἓξώθησιν
1063 2024 1157 2055 ante
1182 2021 1222 2055 ἐκ
1253 2022 1280 2055 Β
1395 2021 1439 2056 14
1464 2023 1739 2068 προςελήλυθεν”
1767 2023 1788 2056 ὅ
1811 2022 1851 2057 δὲ

427 2067 645 2114 AEwap,
670 2069 928 2113 προςελήλυθε·
955 2069 1015 2103 καὶ
1041 2070 1061 2101 ὁ
1086 2068 1116 2103 Ο
1220 2069 1262 2103 16
1285 2070 1492 2114 ποιούμενος
1518 2069 1546 2105 C
1642 2071 1848 2115 ἕγχαράσσει

429 2115 584 2161 EwpDi
682 2116 725 2151 17
752 2117 812 2152 καὶ
837 2116 1008 2162 ἀμνηστία
1034 2131 1061 2151 τ.
1087 2117 1219 2161 πραχθ.
1242 2117 1488 2161 ἒπρυτανεύετο
1505 2116 1721 2164 AEwap,
1748 2118 1849 2162 ἐπρυ-

427 2164 604 2198 τανεύετο·
631 2164 691 2199 καὶ
718 2171 746 2199 τ’.
772 2165 906 2208 πραχθ.
933 2164 1103 2209 ἀμνηστία
1131 2164 1161 2198 O

355 2303 419 2336 tra
444 2301 532 2336 illos
557 2301 663 2336 misit
687 2301 990 2346 mandavitque,
1026 2305 1072 2336 nt
1098 2301 1216 2336 etiam
1243 2299 1519 2337 Andronicum
1546 2301 1702 2337 Ducam
1740 2313 1850 2338 assu-

321 2348 496 2386 smeret.
545 2349 694 2384 Verum
721 2349 884 2384 dolosus
910 2350 975 2383 ille
993 2348 1188 2384 Samonas
1217 2349 1307 2384 odio
1327 2349 1579 2394 implacabali
1598 2350 1637 2383 in
1659 2351 1847 2385 familiam

358 2396 592 2431 Ducaenam
620 2400 825 2442 permotus
845 2397 1047 2441 quendam
1068 2407 1118 2430 ex
1137 2395 1356 2431 Andronici
1384 2398 1522 2431 amicis
1548 2398 1753 2441 subornat,
1781 2400 1850 2443 qui

357 2454 448 2479 eum
481 2448 652 2488 moneat,
692 2454 743 2479 nc
779 2455 868 2479 cum
895 2444 1072 2479 Himerio
1112 2445 1400 2489 proficiscatur,
1441 2445 1508 2489 qui
1535 2445 1571 2479 ei
1597 2445 1710 2479 iussu
1736 2447 1849 2490 regio

321 2491 496 2526 3oculos
522 2492 571 2527 sit
598 2492 830 2527 effossurus.
881 2492 1023 2536 Itaque
1049 2491 1269 2526 Himerium
1297 2492 1476 2526 comitari
1504 2492 1631 2526 noluit
1656 2492 1849 2528 Androni-

358 2549 428 2574 cus
455 2543 504 2583 et‚
540 2549 630 2574 cum
657 2539 721 2574 ille
748 2540 856 2574 solus
883 2539 1035 2584 proelio
1062 2540 1192 2574 victor
1219 2540 1390 2574 hostium
1418 2539 1583 2574 classem
1611 2540 1849 2585 subegisset,

320 2585 580 2632 4desperatis
618 2587 739 2621 rebus
778 2588 1074 2632 assumptisque
1110 2587 1293 2632 cognatis
1329 2590 1368 2621 et
1394 2587 1520 2621 servis
1548 2586 1750 2632 Cabalam,
1788 2598 1850 2622 ca-

321 2634 515 2668 bstellum
553 2635 750 2669 munitum
789 2645 872 2669 non
911 2635 1052 2679 procul
1089 2634 1226 2669 Iconio
1266 2634 1459 2678 dissitum,
1506 2638 1687 2680 occupat.
1750 2634 1849 2670 Cum

357 2684 491 2716 autem
511 2680 706 2717 Samonas
732 2691 870 2727 regem
896 2683 1054 2716 irritare
1073 2684 1112 2716 et
1141 2684 1281 2716 contra
1299 2680 1575 2716 Andronicum
1602 2683 1850 2717 inflammare

321 2729 439 2763 Gnon
466 2729 678 2773 desineret,
704 2729 780 2774 ille,
807 2732 1019 2775 postquam
1048 2729 1317 2774 patriarcham
1337 2728 1544 2765 Nicolaum
1571 2730 1740 2764 ecclesia
1767 2730 1850 2774 pul-

357 2786 445 2810 sum
473 2787 559 2811 esse
587 2778 789 2822 cognovit,
817 2787 888 2822 spe
915 2778 1021 2811 omni
1049 2777 1262 2812 destitutus
1289 2787 1377 2811 cum
1406 2780 1489 2811 tota
1508 2777 1657 2811 familia
1676 2777 1727 2811 ad
1745 2777 1851 2822 Aga-

323 2822 478 2858 7renos
504 2834 546 2859 se
574 2824 740 2859 confert.
790 2824 877 2866 Quo
904 2835 976 2859 rex
1004 2825 1166 2870 cognito
1194 2834 1316 2869 supra
1342 2824 1504 2859 niodum
1533 2824 1660 2858 doluit
1686 2825 1849 2868 veritus,

324 2870 410 2904 Sne
435 2871 545 2906 illum
573 2871 724 2906 hostem
752 2871 928 2916 haberet,
963 2882 1043 2917 quo
1069 2881 1167 2906 usus
1193 2875 1279 2906 crat
1306 2872 1530 2906 defensore.
1580 2871 1753 2906 Litteras
1779 2873 1850 2917 igi-

358 2920 423 2952 tur
449 2918 596 2964 scribit,
636 2920 782 2965 quibus
808 2919 1040 2955 Andronico
1079 2922 1118 2954 et
1145 2919 1378 2955 delictorum
1406 2920 1526 2955 venia
1552 2919 1851 2955 concedebatur
