2054 3282
566 247 866 287 PRAESAGIA
891 247 1172 287 INTERITVS
1195 246 1396 287 LEONIS.
1660 248 1729 287 331

0 293 15 327 l?

0 330 52 405 βο*
78 373 222 410 111387
234 370 343 427 ἦσαν
371 371 444 414 καὶ
472 371 638 427 μορφαὶ
669 371 948 427 ἕνεγράφοντο
980 371 1228 426 ἀνθρώπων
1263 387 1306 414 τε
1341 371 1414 413 καὶ
1449 371 1615 426 θηρῶν,
1660 371 1731 414 καὶ
1746 374 1792 411 14

233 439 338 494 μετὰ
375 443 461 482 τῶν
497 440 636 482 ἄλλων
679 441 768 482 ἐκεῖ
805 439 877 482 καὶ
919 440 1029 482 λέων
1071 439 1160 495 θὴρ
1203 440 1502 495 ἒχρωμάτιστο,
1545 438 1586 494 ᾦ
1623 439 1731 482 κατὰ

233 508 371 551 νώτου
402 508 449 550 τὸ
480 512 678 563 στοιχεῖον
713 508 760 550 τὸ
796 513 843 563 χῖ
874 509 1172 563 έγκεχάρακτο·
1217 508 1324 563 ἀνὴρ
1357 508 1395 550 δ’
1427 507 1480 563 ἦν
1510 508 1732 557 ἐξόπισθεν

233 580 307 618 τοῦ
350 576 488 631 θηρὸς
531 577 674 630 δόρατι
713 576 780 618 διὰ
817 580 890 618 τοῦ
930 581 977 632 χῖ
1009 576 1238 619 διελαύνων
1273 576 1345 619 τὸν
1374 576 1533 619 λέοντα.
1595 577 1621 631 ἡ
1652 576 1731 631 μὲν
1747 581 1790 617 15

197 643 310 686 ῦοῦν
338 645 483 700 βίβλος
513 644 595 700 εἶχε
621 645 747 699 ταυτί,
779 644 991 700 καὶῆσαν,
1020 645 1083 692 ὡς
1103 645 1253 699 ἐδόκει,
1284 645 1505 700 Σιβύλλεια
1526 660 1730 700 χρησμῳ-

233 713 412 768 δήματα.
474 713 521 755 τὸ
561 713 607 755 δὲ
643 719 715 768 τῆς
751 715 972 768 εἰρημένης
1008 713 1360 768 χρωματουργίας
1398 714 1731 768 δυσερμήνευτον
1749 719 1790 754 16

233 782 282 824 ὃν
313 782 338 823 ὁ
367 781 457 824 τότε
486 782 726 836 κοιαίστωρ,
760 782 823 828 ὡς
853 782 1022 836 λέγεται,
1056 782 1318 836 διεσάφησεν,
1358 781 1489 824 εἰπὼν
1519 781 1625 823 κατὰ
1656 781 1775 837 τὴνΒ

233 851 395 905 ἡμέραν
415 855 487 906 τῆς
509 851 744 905 γεννήσεως
765 854 838 892 τοῦ
861 850 1048 904 Χριστοῦ
1070 850 1240 904 βασιλέα
1261 851 1422 905 μέλλειν
1443 851 1728 905 ἀναιρεθῆναι.

232 918 279 960 τὸ
314 917 394 973 μὲν
431 918 511 973 γὰρ
548 919 702 974 θηρίον
743 919 914 974 βασιλέα
960 919 1128 973 δηλοῦν,
1172 918 1219 961 τὸ
1252 918 1298 961 δὲ
1328 923 1374 974 χῖ
1398 918 1473 973 τὴν
1509 919 1731 973 εἰρημένην
1746 925 1790 962 17

177 992 221 1028 10
233 987 396 1042 ἡμέραν
427 987 685 1042 αἰνίττεσθαι,
717 986 764 1029 τὸ
797 987 843 1029 δὲ
875 987 942 1029 διὰ
973 988 1106 1042 μέσου
1137 991 1211 1029 τοῦ
1242 991 1288 1043 χῖ
1313 992 1375 1042 τῷ
1405 988 1534 1029 λέοντι
1554 986 1601 1029 τὸ
1625 986 1730 1041 δόρυ

233 1055 526 1110 ἐμπήγνυσθαι
555 1055 602 1097 τὸ
633 1053 723 1097 κατ’
757 1056 886 1111 αὐτὴν
916 1056 990 1110 τὴν
1021 1057 1184 1111 ἡμέραν
1209 1061 1281 1111 τῆς
1302 1057 1449 1111 ἑορτῆς
1468 1055 1540 1098 τὸν
1559 1055 1730 1111 βασιλέα

232 1124 555 1178 κτανθήσεσῦαι.
617 1128 743 1166 ταῦτα
774 1124 846 1166 τὸν
876 1125 1047 1179 βασιλέα
1079 1125 1304 1179 ἐτάραττεν,
1349 1124 1451 1166 ἀλλὰ
1487 1123 1575 1179 μὴν
1604 1123 1731 1165 αὐτὸν
1745 1131 1790 1166 18

232 1191 304 1233 καὶ
335 1191 382 1234 τὸ
412 1196 485 1247 τῆς
514 1191 675 1247 μητρὸς
705 1193 969 1247 ἓξεδειμάτου
1001 1193 1205 1235 ἐνύπνιον.
1268 1193 1387 1242 ἔδοξε
1418 1192 1498 1247 γὰρ
1530 1193 1664 1247 ἐκείνῃ
1687 1193 1731 1234 ἐν
1746 1200 1790 1235 19
1811 1198 2004 1236 W1111oe

233 1265 294 1314 τῷ
323 1265 416 1315 ναῷ
445 1266 518 1316 τῆς
548 1262 814 1316 θεομήτορος
845 1261 946 1303 εἶναι
976 1267 1038 1316 τῷ
1063 1262 1107 1304 ἐν
1129 1261 1389 1316 Βλαχέρναις
1419 1261 1490 1303 καὶ
1521 1261 1626 1315 ὁρᾶν
1657 1277 1729 1316 γυ-

175 1335 220 1371 15
233 1329 356 1370 ναῖκά
393 1345 479 1370 τινα
517 1331 878 1385 προπεμπομένην
909 1330 1084 1384 ἀνδράσι
1114 1330 1348 1385 λευχείμοσι
1378 1330 1450 1371 καὶ
1480 1330 1635 1384 πλῆρες
1666 1330 1729 1371 αῖ-

232 1396 381 1451 μάτων
416 1397 463 1440 τὸ
501 1398 685 1441 δάπεδον
721 1402 795 1441 τοῦ
827 1403 931 1442 ναοῦ
964 1399 1148 1442 ἀκοῦσαί
1174 1415 1216 1442 τε
1246 1403 1319 1456 τῆς
1351 1399 1731 1454 δορυφορουμένης

234 1544 279 1581 13
301 1544 383 1591 περὶ
407 1550 468 1582 τοῦ
493 1545 656 1582 ἐνυπνίου
682 1551 742 1592 τῆς
766 1546 901 1592 μητρὸς
925 1552 985 1583 τοῦ
1010 1547 1161 1588 Λέοντος
1189 1546 1251 1584 ΟΕ

304 1683 323 1718 1
349 1683 584 1729 ἐνεγράφοντο
602 1683 749 1730 AEwp,
769 1684 1041 1730 ἓξεικονισμέναι
1057 1685 1100 1728 O,
1119 1696 1356 1731 expressa-e:
1378 1687 1447 1722 Wo
1461 1686 1527 1721 lat.
1601 1686 1730 1732 θήρων

304 1731 345 1775 Ε,
372 1731 514 1776 θηρίων
531 1731 563 1766 Β
660 1732 683 1767 2
703 1732 913 1768 ἔνεικόνιστο
932 1733 964 1769 Ο
1062 1733 1093 1768 ὦ
1112 1733 1234 1776 AR(W
1266 1735 1293 1779 ),
1310 1735 1331 1769 ὃ
1347 1733 1390 1778 Β,
1407 1734 1445 1769 ἐν
1462 1733 1502 1769 δὲ
1519 1733 1549 1770 C
1644 1735 1669 1770 3
1691 1740 1734 1780 χῖ

303 1777 371 1815 Ac
390 1778 505 1815 Cedr.
525 1778 714 1825 (Scylitz.)
741 1780 777 1815 ΙΙ
803 1791 838 1826 p.
855 1781 911 1825 63,
935 1781 988 1825 15,
1013 1795 1050 1826 χι
1070 1781 1150 1825 DE,
1176 1781 1213 1827 χὶ
1267 1809 1276 1826 ,
1301 1795 1323 1827 χ
1343 1780 1477 1828 wpDi,
1496 1792 1533 1817 v.
1551 1781 1604 1817 ad
1618 1793 1676 1818 vs.
1694 1782 1728 1817 4.

303 1826 337 1861 9.
365 1826 411 1862 10
506 1828 654 1862 ὄπισθεν
672 1827 767 1874 Ewp
866 1828 888 1863 4
916 1832 1011 1864 ante
1037 1834 1096 1864 τοῦ
1123 1830 1188 1864 alt.
1210 1829 1301 1864 add.
1327 1829 1438 1874 μέσου
1457 1829 1555 1875 pr
1653 1829 1727 1874 τοῦ]

303 1873 340 1909 τὸ
358 1873 394 1909 D
491 1880 534 1920 χῒ
553 1874 632 1919 ΑΟ,
657 1875 694 1920 χὶ
712 1875 753 1920 Β,
778 1890 814 1921 χι
834 1876 877 1921 R,
902 1890 924 1922 χ
952 1887 986 1911 w
1019 1876 1084 1921 Di,
1113 1888 1148 1913 v.
1176 1876 1228 1912 ad
1256 1887 1313 1912 vs.
1332 1877 1355 1912 3
1451 1882 1512 1913 τοῦ
1536 1877 1672 1917 λέοντος
1698 1878 1729 1913 Ε

303 1921 326 1957 5
351 1922 510 1967 σιβύλλια
539 1921 579 1967 C,
606 1923 761 1969 σιβύλεια
787 1923 834 1968 D,
863 1934 964 1959 corr.
1031 1943 1059 1962 w
1160 1925 1482 1970 χρησμοδοτήματα
1509 1924 1548 1969 C,
1574 1939 1729 1971 χρησμο-

305 1969 441 2015 δήματα
468 1969 502 2004 D
599 1970 621 2004 6
646 1971 832 2016 εἰρημένης
858 1982 909 2007 ex
935 1972 1075 2018 εἰρήνης
1102 1983 1204 2008 corr.
1220 1973 1251 2008 E
1348 1976 1439 2019 post
1455 1987 1615 2018 χρωματ.
1636 1973 1728 2008 add.

307 2018 561 2063 αἰνιγματῶδες
586 2017 684 2065 pr
806 2019 827 2054 7
853 2023 943 2065 post
969 2019 1058 2056 κατὰ
1085 2020 1177 2055 add.
1202 2020 1267 2066 μὲν
1294 2019 1323 2057 C
1443 2021 1466 2056 8
1489 2021 1625 2066 μέλλειν
1652 2031 1728 2056 om.

305 2064 390 2111 w*p
418 2065 554 2100 invitis
579 2064 651 2101 AR
726 2066 761 2102 9.
789 2067 833 2102 10
856 2073 899 2112 χι·
913 2066 991 2111 AC,
1017 2082 1054 2113 χι
1073 2067 1154 2110 ΒΕ,
1179 2069 1216 2114 χὶ
1235 2068 1276 2113 Β,
1301 2082 1323 2114 χ
1344 2067 1476 2114 wpDi,
1502 2079 1540 2104 v.
1559 2069 1611 2104 ad
1631 2079 1687 2104 vs.
1706 2069 1729 2104 3

306 2113 352 2148 10
376 2112 555 2148 αἰνίττεται
580 2113 612 2148 Ε
725 2117 820 2150 anto
845 2121 895 2160 τῷ
921 2115 1013 2150 add.
1038 2115 1099 2151 καὶ
1125 2115 1154 2152 C
1266 2117 1311 2151 12
1336 2119 1427 2163 post
1450 2116 1523 2162 μὴν
1549 2116 1641 2152 add.
1668 2117 1729 2152 καὶ

303 2160 399 2219 Ewp
538 2160 583 2196 13
606 2160 819 2207 ἔξιδημάτου
846 2163 932 2204 (sic)
958 2162 992 2198 A
1125 2163 1162 2199 ἕν
1188 2174 1262 2199 om.
1290 2164 1322 2199 E
1469 2164 1512 2199 14
1538 2169 1588 2209 τῷ
1613 2163 1663 2209 ἐν]
1691 2164 1728 2200 τὸ

299 2207 337 2243 ἐν
363 2207 394 2243 Ε
481 2207 525 2243 15
550 2208 698 2253 ἀνδράσι
716 2209 851 2256 AEwp
871 2209 987 2247 Cedr.
1014 2209 1203 2256 (Scylitz.)
1231 2211 1268 2247 ΙΙ
1295 2222 1331 2258 p.
1347 2211 1404 2256 63,
1430 2211 1487 2256 23,
1513 2212 1663 2252 νεανίαις
1684 2211 1727 2257 O,

301 2255 597 2292 adolescentes:
630 2257 697 2293 Wo
724 2257 791 2292 lat.
891 2258 934 2293 16
960 2258 1125 2294 ὅιάπεόον
1152 2258 1181 2295 C

24 2424 27 2431 1
227 2402 376 2442 rentur,
404 2402 526 2445 atque
552 2400 656 2435 iuter
683 2404 838 2436 ceteras
857 2401 918 2437 leo
939 2411 1103 2447 quoque
1122 2402 1207 2437 fera
1226 2402 1304 2437 illie
1322 2403 1453 2449 pietus
1471 2407 1577 2439 esset
1594 2403 1727 2440 littera
1742 2401 1786 2437 14

224 2452 267 2492 χῖ
287 2450 404 2492 tergo
431 2447 517 2483 eius
540 2447 757 2493 insculpta3
787 2459 892 2494 pone
919 2449 1088 2484 bostiam
1117 2450 1178 2485 vir
1204 2450 1348 2494 stabat,
1377 2452 1443 2496 qui
1471 2451 1626 2487 leonem
1654 2463 1727 2498 per

5 2496 21 2520 2⁵
224 2499 267 2539 χῖ
287 2494 556 2530 confodiebat.
607 2495 656 2531 Et
684 2496 782 2532 llaec
809 2496 908 2531 liber
936 2497 1179 2540 continebat,
1207 2508 1312 2542 quae
1338 2497 1534 2544 Sibyllina
1561 2499 1726 2535 oracula
1742 2497 1787 2533 15

0 2545 18 2601 ἒ
227 2542 488 2587 putabantur.
539 2542 634 2578 Eius
660 2543 843 2589 picturae
870 2544 1085 2580 obscurum
1114 2545 1366 2581 involucrum
1395 2551 1587 2591 quaestor
1622 2546 1726 2582 illius
1742 2546 1786 2581 16

0 2602 20 2630 τι
226 2590 416 2634 temporis
442 2590 666 2636 explicasse
692 2593 821 2627 fertur
846 2596 886 2627 et
911 2592 1061 2628 dixisse
1088 2603 1224 2638 regem
1253 2592 1318 2629 die
1339 2595 1561 2630 nativitatis
1579 2594 1726 2630 Christi

227 2637 402 2672 occisum
437 2637 503 2682 iri;
541 2648 633 2673 uam
666 2640 793 2674 seram
828 2640 1059 2685 significare
1086 2639 1263 2676 Leonem
1294 2645 1334 2677 et
1359 2641 1531 2677 litteram
1557 2647 1599 2687 χῖ
1620 2642 1724 2678 diem
1742 2641 1784 2677 17

226 2683 335 2719 illum
360 2685 530 2721 innuere
558 2689 598 2721 ct
623 2687 719 2732 quia.
746 2697 818 2732 pm·
843 2687 1017 2722 inedium
1036 2693 1078 2733 χῖ
1092 2688 1205 2723 hasta
1234 2689 1272 2724 in
1300 2688 1456 2725 leonem
1477 2689 1724 2735 infigeretur,

225 2742 363 2777 regem
390 2743 438 2768 eo
471 2733 558 2778 ipso
591 2733 657 2769 die
690 2735 791 2770 sesto
824 2740 1010 2770 necatum
1045 2736 1103 2770 iri.
1155 2735 1212 2771 Ea
1239 2747 1375 2782 regem
1403 2737 1623 2772 turbabant
1650 2748 1725 2773 nec
1742 2737 1785 2772 18

226 2779 357 2814 minus
389 2781 527 2815 matris·
563 2781 740 2817 terrebat
773 2783 1025 2818 insomnium.
1078 2783 1300 2819 Videbatur
1339 2784 1405 2819 illa
1441 2785 1515 2820 sibi
1548 2786 1586 2820 in
1623 2785 1725 2821 aede
1740 2784 1784 2821 19

0 2858 18 2877 ᾖ
226 2825 418 2873 deiparae
444 2826 736 2864 Blacherniana
758 2840 845 2866 esse
872 2835 910 2865 et
930 2841 1096 2866 cernere
1114 2835 1338 2867 matronam
1359 2832 1575 2877 quandam,
1603 2843 1723 2878 quam

225 2874 300 2909 viri
320 2875 503 2911 candidis
521 2875 650 2912 induti
670 2878 851 2913 vestibus
870 2878 1170 2923 comitarentur,
1190 2882 1229 2914 et
1247 2879 1358 2914 aedis
1376 2879 1503 2915 solum
1523 2881 1725 2926 sanguine

225 2921 456 2959 redundare
486 2923 711 2970 audireque
742 2929 966 2961 matronam
1008 2926 1114 2961 illam
1155 2926 1297 2963 iubere
1334 2927 1422 2963 dari
1460 2928 1569 2974 regis
1607 2929 1723 2964 matri
