2054 3282
310 207 380 243 200
695 206 876 242 ZONAR.
907 206 1034 241 EPIT.
1063 205 1152 240 XlV
1186 204 1235 249 14,
1262 204 1415 242 24-38.

313 328 520 373 διάκονος.
580 327 777 382 πολυειδῆ
798 328 937 381 μέντοι
959 326 1046 367 τότε
1068 326 1180 367 κακὰ
1203 326 1299 373 τοὺς
1315 326 1550 381 Ῥωμαίους
1570 329 1805 383 κατέλαβεν.

253 401 298 436 25
313 396 355 436 ἒν
393 396 471 449 μὲν
509 395 587 449 γὰρ
627 400 675 449 τῇ
715 395 803 449 ἑῴα
837 394 996 447 Πέρσαι
1029 394 1102 447 τὴν
1134 394 1295 447 Συρίαν
1326 395 1397 436 καὶ
1428 395 1706 451 Παλαιστίνην
1737 397 1857 440 nain
1876 404 2019 441 11130‘2

253 469 299 504 26
319 463 516 517 Φοινίκην
550 461 620 517 ὑφ’
654 463 827 509 ἑαυτοὺς
858 463 1116 516 ἐποιήσαντο.
1179 462 1252 516 τὴν
1275 463 1494 517 Ἀρμενίαν
1523 465 1568 505 δὲ
1593 465 1663 506 καὶ
1684 465 1807 506 Καπ-

313 532 522 572 παδοκίαν
558 532 628 572 καὶ
660 532 732 585 τὴν
766 531 1069 585 Παφλαγονίαν
1100 531 1171 571 καὶ
1206 531 1410 573 Γαλατίαν
1440 532 1707 586 κατέδραμον
1737 533 1809 574 καὶ

255 606 300 641 27
313 600 435 654 μέχρι
466 600 746 654 Χαλκηδόνος
776 600 1064 653 προήλθοσαν,
1106 601 1266 641 ἅπαντα
1299 600 1546 654 ληιζόμενοι.
1609 602 1652 642 ἓν
1685 601 1729 642 δὲ
1759 606 1845 656 τῇὸ

314 667 697 722 ΕὐρώπῃἍβαροι
727 668 800 722 τὴν
823 667 999 722 Θρᾴκην
1031 667 1238 722 ἐδῄωσαν,
1271 668 1340 709 καὶ
1373 669 1421 709 τὰ
1438 669 1654 723 Ἱ)ωμα“ι”κὰ
1686 685 1809 723 στρα-

255 743 301 778 28
314 737 481 790 τόπεδα,
515 739 541 778 ἃ
573 738 617 778 έν
649 738 903 791 ἀμφοτέροις
933 736 1040 791 ἦσαν
1067 742 1151 783 τοῖς
1171 737 1369 790 τμήμασι,
1403 738 1709 792 διεφθάρησαν·
1741 738 1812 780 καὶ

315 805 453 851 ἄλλως
497 805 541 846 δὲ
585 805 716 859 πολλὴ
761 809 846 846 τῶν
885 806 1133 859 ἀνθρώπων
1170 806 1316 860 θνῆσις
1354 806 1512 859 ἐγένετο
1551 807 1622 848 καὶ
1653 806 1811 861 ἀφορία

257 879 302 914 29
316 878 496 926 καρπῶν
526 874 596 914 καὶ
629 874 756 927 ζῴων
787 874 935 928 φθορὰ
969 875 1015 915 ἐκ
1047 875 1296 928 βαρυτάτων
1327 875 1562 929 χειμώνων.
1625 874 1691 916 ἐπὶ
1713 879 1813 917 πᾶσι

318 941 362 982 δὲ
385 942 409 982 ὁ
431 942 624 996 ἀλάστωρ
648 942 807 988 Φωκᾶς
833 943 876 983 έν
907 944 1047 984 ἵππων
1080 943 1227 997 ἁμίλλῃ
1259 947 1345 984 τῶν
1377 944 1528 997 δήμων
1558 943 1666 997 πρὸς
1687 943 1814 985 αὐτόν
1830 953 1874 988 10

316 1026 349 1051 τι
387 1011 755 1064 ἀποσκωψάντων,
799 1011 992 1065 ἐκμανεὶς
1027 1011 1207 1057 πολλοὺς
1243 1011 1320 1066 μὲν
1358 1012 1501 1064 ἀνεῖλε,
1545 1011 1724 1058 πολλοὺς
1769 1011 1814 1053 δὲ

318 1079 646 1132 ἠκρωτηρίασεν,
680 1080 814 1125 ένίους
843 1081 983 1133 μέντοι
1014 1080 1084 1121 καὶ
1111 1081 1411 1127 κατεπόντωσε,
1443 1080 1656 1127 πλείστους
1678 1080 1723 1122 δὲ
1743 1080 1812 1122 καὶ

267 1152 378 1200 Duff
410 1147 585 1201 ἐπάρχῳ
616 1148 879 1202 παρέδωκεν,
913 1150 976 1189 ἵνα
1009 1149 1168 1203 κολάσῃ
1201 1149 1367 1201 αὐτούς,
1401 1150 1444 1190 οἳ
1470 1150 1515 1190 ἒν
1544 1154 1606 1203 τῴ
1629 1164 1812 1204 πραιτω-

259 1227 306 1261 30
318 1216 398 1269 ρίῳ
427 1216 760 1271 καθείρχθησαν.
824 1218 864 1258 οἱ
896 1217 940 1258 δὲ
973 1218 1088 1272 ὄχλοι
1120 1218 1229 1271 ὁμοῦ
1263 1218 1475 1271 γενόμενοι
1507 1218 1737 1272 ἐνέπρησαν
1767 1216 1814 1258 τὸ

317 1285 585 1338 πραιτώριον,
618 1286 689 1326 καὶ
721 1287 760 1326 οἱ
790 1286 1086 1340 καθειργμένοι
1119 1287 1330 1341 διέφυγον.
1831 1295 1875 1330 15

259 1358 304 1393 31
434 1353 631 1408 ‘EssQaZOL
669 1354 714 1395 δὲ
751 1355 1039 1401 στασιάσαντες
1079 1356 1122 1396 έν
1154 1355 1377 1409 Ἀντιοχείᾳ
1420 1355 1525 1396 κατὰ
1569 1358 1816 1409 χριστιανῶν

319 1471 342 1505 ‘2
367 1472 464 1510 ὅπως
490 1471 569 1510 τοὺς
584 1473 782 1517 Ῥωμαίους
808 1473 963 1518 ἐπῆλθον
981 1474 1016 1507 οἶ
1030 1473 1166 1518 Πέρσαι
1185 1479 1244 1508 τοῦ
1263 1475 1375 1508 Φωκᾶ
1392 1479 1604 1517 κρατοῦντος
1622 1473 1653 1508 Ε
1750 1474 1816 1517 ὅρα

319 1518 416 1554 δεινὰ
441 1524 545 1555 ταῦτα
571 1519 601 1554 Β
713 1520 757 1555 16
783 1522 832 1555 ὅτι
858 1522 894 1555 οἱ
917 1521 953 1556 ἓν
975 1521 1158 1566 Ἀντιοχείᾳ
1182 1522 1346 1556 Ἰουδαῖοι
1373 1521 1607 1566 ἐπανέστησαν
1631 1520 1721 1556 κατὰ
1746 1525 1816 1555 τῶν

319 1567 398 1601 ἐκεῖ
417 1573 628 1612 χριστιανῶν
654 1567 683 1603 C

393 1674 411 1708 1
439 1675 536 1710 κακὰ
562 1677 635 1710 τότε
662 1676 693 1711 Ο
791 1676 813 1711 4
837 1677 1106 1721 παμφλαγονίαν
1133 1676 1174 1719 Ε,
1204 1688 1238 1711 V.
1267 1676 1316 1712 de
1343 1677 1533 1712 Boorium
1562 1677 1613 1712 ad
1637 1676 1815 1722 Theoph.

393 1721 410 1756 I
438 1734 473 1767 p.
501 1723 580 1767 296,
596 1724 627 1758 9.
655 1724 736 1768 410,
753 1724 775 1758 4
884 1724 943 1759 καὶ
969 1725 1129 1769 γαλατίαν
1155 1725 1376 1768 κατέδραμον
1404 1735 1479 1759 om.
1507 1724 1535 1760 C
1644 1724 1666 1759 6
1690 1725 1816 1769 ἄβαροι

392 1768 474 1814 AR,
501 1770 687 1806 Menand.
715 1776 815 1817 prot.
844 1774 890 1806 l'r.
909 1772 941 1815 4,
970 1772 1180 1818 Nicephor.
1200 1772 1308 1817 Cpol.
1335 1772 1395 1806 ed.
1421 1773 1469 1807 de
1489 1772 1606 1807 Boor.
1634 1783 1670 1817 p.
1690 1772 1816 1814 17,16.

393 1817 450 1853 28.
480 1819 534 1863 18,
564 1820 594 1854 1.
621 1819 654 1854 2.
681 1820 715 1854 6,
741 1819 798 1863 34,
826 1820 848 1854 3
875 1824 959 1862 cot„
998 1821 1127 1865 ἅβαρες
1154 1831 1233 1865 wp,
1271 1823 1315 1854 ut
1343 1820 1519 1854 Zonaras
1551 1821 1656 1854 int-er
1675 1820 1818 1864 Ἄβαρσι

395 1869 433 1900 et
453 1867 608 1911 Ἅβαρες,
634 1868 690 1902 ita
708 1867 949 1902 Plutarchus
976 1869 1108 1902 variat
1135 1868 1238 1902 inter
1257 1869 1461 1913 Ἴνσομβρες
1479 1871 1518 1902 et
1537 1869 1753 1913 ’Ἰνσομβροι,
1781 1879 1818 1902 V.

395 1914 712 1950 B-WFleckeis.
733 1916 865 1950 annal.
885 1926 919 1950 a.
943 1915 1031 1950 1884
1059 1927 1094 1960 p.
1111 1915 1179 1950 114
1281 1915 1442 1960 Θρᾴκην]
1457 1916 1579 1960 χώραν
1593 1916 1623 1950 Ε
1720 1929 1819 1959 στρα-

395 1962 545 2007 τεύματα
573 1962 611 2006 C,
640 1963 710 1998 sed
737 1977 791 2008 γρ.
817 1964 1031 2007 στρατόπεδα
1059 1963 1121 2001 Cm
1260 1964 1280 1998 7
1307 1964 1517 2008 ἐφθάρησαν
1545 1963 1579 1997 D
1713 1964 1735 1997 8
1761 1962 1819 1997 καὶ

397 2009 567 2055 prDi‚
591 2021 666 2045 om.
685 2010 720 2044 A
820 2012 874 2046 10.
895 2011 936 2045 11
956 2011 1044 2055 πρὸς
1063 2012 1167 2046 αὐτόν
1186 2026 1214 2045 τι
1234 2016 1304 2045 τῶν
1323 2011 1449 2056 δήμων
1468 2011 1499 2046 Ο
1599 2011 1641 2045 11
1664 2011 1820 2045 ἒπισκω-

395 2058 543 2103 ψάντων
562 2058 593 2092 Ε
671 2058 735 2103 μὲν
755 2070 830 2094 om.
849 2058 884 2092 D
964 2059 1015 2093 1⁸2.
1036 2070 1072 2104 p.
1091 2059 1172 2102 201,
1191 2059 1213 2093 3
1231 2059 1465 2103 ἠκροτηρίασε
1483 2059 1568 2100 (sie)
1588 2057 1623 2093 A
1698 2058 1743 2092 12
1760 2058 1820 2093 καὶ

398 2105 569 2140 alterum
586 2117 660 2140 om.
676 2106 712 2140 D
812 2107 856 2141 13
869 2107 1078 2151 παρέδωκεν
1092 2108 1146 2141 ἵνα
1163 2107 1298 2150 κολάσῃ
1317 2106 1444 2144 αὐτοὺς
1458 2105 1592 2151 AEwp
1619 2106 1821 2151 (ἐπέτρεψεν

433 2179 440 2187 .
467 2154 564 2192 ὅπως
588 2154 784 2199 παραδώσῃ
811 2154 936 2193 αὐτοὺς
964 2160 1014 2199 τῷ
1040 2155 1184 2198 ’θανάτῳ
1212 2153 1256 2189 G.
1287 2153 1334 2188 M.
1362 2165 1399 2199 p.
1426 2154 1506 2198 562,
1536 2154 1606 2198 16),
1645 2154 1821 2198 κολασθη-

398 2201 564 2245 σομένους
588 2202 800 2246 παρέδωκεν
827 2201 858 2237 Ο
959 2203 1003 2236 16
1029 2202 1118 2237 κατὰ
1143 2206 1353 2246 χριστιανῶν
1376 2202 1413 2236 ἐν
1438 2202 1611 2246 ἆντιοχείᾳ
1638 2201 1734 2247 Ewp

266 2306 313 2341 25
326 2308 440 2344 malis
466 2308 638 2345 Romani
663 2312 757 2345 sunt
785 2310 975 2355 oppressi.
1027 2309 1128 2345 Nam
1167 2310 1206 2344 in
1237 2309 1399 2344 Oriente
1425 2308 1574 2344 Persae
1601 2307 1756 2352 Syriam
1785 2310 1824 2343 et

267 2354 313 2388 26
326 2356 598 2392 Palaestinam
626 2360 665 2392 et
690 2357 948 2393 Phoeniciam
977 2358 1245 2403 subegerunt3
1280 2358 1320 2391 in
1348 2356 1589 2399 Armeniam,
1616 2355 1824 2401 Cappado-

329 2405 443 2449 ciam,
471 2404 803 2450 Paphlagoniam,
831 2404 1030 2440 Galatiam
1054 2406 1306 2440 incursiones
1321 2405 1514 2445 fecerunt,
1542 2402 1822 2448 populabundi

268 2450 313 2485 27
329 2451 622 2488 Chalcedonem
666 2463 796 2497 usque
845 2453 1061 2499 progressi.
1124 2452 1169 2487 In
1212 2453 1376 2497 Europa
1413 2450 1569 2485 Avares
1610 2450 1823 2485 Thraciam

329 2503 552 2544 vastarunt,
582 2500 873 2545 Romanaeque
899 2501 1080 2546 legiones
1107 2501 1147 2535 in
1174 2500 1370 2535 ambabus
1397 2499 1579 2544 partibus
1605 2499 1822 2543 perierunt.

269 2546 316 2582 28
330 2547 564 2593 Absumpsit
588 2552 626 2583 et
653 2549 882 2594 pestilentia
906 2548 1051 2583 multos
1077 2547 1275 2591 mortales,
1302 2547 1651 2592 gravissimaeque
1677 2548 1824 2590 tempe-

270 2593 316 2628 29
330 2599 454 2631 states
481 2600 519 2630 et
546 2597 711 2641 frugum
738 2599 777 2631 et
795 2596 1027 2631 animalium
1054 2596 1258 2630 interitum
1285 2595 1517 2629 attulerunt.
1568 2592 1699 2638 Super
1725 2594 1825 2628 haec

332 2644 465 2678 omnia
493 2644 615 2688 pestis
642 2644 806 2678 humani
835 2644 997 2688 generis
1022 2643 1188 2686 Phocas,
1217 2653 1307 2677 cum
1334 2643 1374 2676 in
1401 2642 1600 2677 curriculo
1628 2651 1825 2686 equorum

331 2691 467 2726 nescio
496 2691 592 2736 quid
617 2692 816 2726 factiones
854 2693 895 2726 in
934 2702 1024 2726 eum
1053 2691 1264 2726 cavillatae
1301 2692 1446 2732 essent,
1485 2690 1623 2723 furore
1648 2689 1825 2734 percitus

332 2738 478 2773 multos
508 2739 664 2783 occidit,
690 2738 837 2774 multos
851 2739 1067 2780 truncavit,
1094 2738 1308 2774 nonnullos
1335 2738 1373 2771 in
1401 2737 1501 2771 mari
1529 2736 1728 2778 demersit,
1755 2735 1826 2770 sed

333 2785 525 2831 plurimos
552 2787 758 2831 praefecto
786 2787 837 2822 ad
865 2787 1106 2832 supplicium
1132 2786 1174 2820 in
1200 2786 1404 2831 praetorio
1432 2783 1718 2819 custodiendos
1750 2786 1825 2818 tra-

273 2831 320 2867 30
334 2833 450 2877 didit3
479 2843 558 2878 quo
587 2844 610 2868 a
636 2834 893 2869 multitudine
921 2836 1189 2869 concursante
1216 2833 1381 2867 incenso
1408 2832 1463 2866 illi
1491 2831 1753 2876 diffugerunt.

274 2879 317 2913 31
452 2880 628 2916 Hebraei
656 2885 764 2916 mota
783 2881 1022 2917 Antiochiae
1050 2884 1191 2916 contra
1206 2880 1452 2916 Christianos
1471 2879 1667 2914 seditione
1682 2878 1826 2913 multos
