2054 3282
624 245 921 289 DOROS'I'OLI
945 245 1292 289 OPPVGNATIO.
1625 247 1694 288 531

202 370 422 427 πολιορκία
454 369 521 427 ἐφ’
554 372 716 427 ἡμέρας
753 372 946 428 διήρκεσε
979 373 1185 428 πλείονας,
1227 376 1314 415 τῶν
1355 373 1592 429 βαρβάρων
1628 373 1696 415 εὗ-

202 440 358 495 ψύχως
401 441 814 495 ἀνταγωνιζομένων.
877 441 940 488 ὥς
970 438 1008 483 ‹3’
1041 441 1089 483 ἔκ
1118 444 1205 483 τῶν
1239 441 1440 496 πολέμων
1477 445 1563 483 τῶν
1599 457 1696 483 συν-
1709 445 1758 481 42

203 511 316 563 εχῶν
335 509 482 550 πολλοὶ
502 509 747 563 τραυματίαι
768 508 995 563 γεγόνασιν,
1017 509 1100 565 ἤδη
1123 509 1169 552 δὲ
1190 509 1342 557 αὐτοὺς
1362 510 1433 552 καὶ
1452 509 1502 551 τὰ
1519 510 1699 564 ζωαρκῆ

203 576 468 631 ἐπιλέλοιπεν,
511 578 693 631 ἤρξαντο
732 578 845 632 σφίσι
875 578 1114 631 θραύεσθαι
1143 577 1193 620 τὰ
1222 578 1490 633 φρονήματα.
1552 574 1639 619 ἀλλ’
1673 577 1697 618 ὁ
1710 582 1758 619 43

167 644 567 700 5Σφενὸοσθλάβος
608 645 737 686 νύκτα
781 645 1076 700 φυλαξάμενος
1118 646 1319 702 ἀσέληνον
1361 646 1433 688 καὶ
1474 646 1696 701 χειμέριον,

203 713 248 754 ἒν
284 713 534 767 μονοξύλοις
575 714 734 767 ἄνδρας
777 714 1008 768 ἐμβιβάσας
1051 715 1152 756 ὡσεὶ
1196 715 1416 770 δισχιλίους
1458 714 1530 756 καὶ
1572 713 1699 761 αὐτὸς

203 781 375 827 ἐκείνοις
405 782 747 836 συνεμβεβηκώς,
787 781 976 836 ἀπῆλθεν
1007 782 1304 825 ἐπισιτίσασθαι
1333 783 1406 825 καὶ
1436 783 1699 831 συλλέξαντες

143 900 145 903 v
202 848 251 890 τὰ
282 850 466 904 χρειώδη
499 850 556 895 εἰς
585 849 632 891 τὸ
654 849 917 903 Δορόστολον
947 850 1190 905 ἐπανῄεσαν.
1251 851 1326 893 καί
1351 867 1463 898 τινας
1491 853 1578 893 τῶν
1593 849 1758 893 Ῥω-44

201 918 343 972 μαίων
373 918 637 972 θεράποντας
667 917 761 971 περὶ
791 917 863 959 τὸν
892 918 1084 973 ποταμὸν
1105 919 1439 974 ἐσκεδασμένους
1458 917 1549 961 κατ’
1572 919 1699 965 ἄλλας

144 993 191 1029 10
201 986 273 1028 καὶ
316 986 443 1032 ἄλλας
485 987 626 1040 χρείας
668 986 835 1034 ἰδόντες,
879 986 1074 1041 ἐκβάντες
1115 991 1201 1030 τῶν
1241 988 1402 1030 πλοίων
1444 987 1580 1034 ἐνίους
1617 987 1697 1028 α’π-

202 1055 383 1096 έκτειναν
414 1054 485 1095 καὶ
515 1054 715 1100 λαθόντες
746 1053 872 1101 αὖθις
910 1056 967 1101 εἶς
1005 1055 1052 1097 τὸ
1083 1055 1346 1110 Δορόστολον
1389 1056 1696 1111 ἒπανήλθοσαν.

200 1127 323 1164 τοῦτο
358 1123 469 1164 πάνυ
509 1123 581 1164 τὸν
617 1123 786 1177 βασιλέα
826 1123 1004 1178 ἐλύπησε
1040 1123 1111 1166 καὶ
1141 1128 1227 1171 τοῖς
1255 1128 1330 1166 τοῦ
1362 1125 1510 1166 στόλου
1542 1125 1697 1180 κατάρ-
1711 1131 1758 1167 45
1769 1131 1967 1176 P‚11213A

201 1206 347 1246 χουσιν
386 1191 592 1246 ἕπιχόλως
629 1190 724 1245 εἶχε,
769 1191 840 1233 καὶ
877 1193 916 1234 εἷ
948 1193 1004 1234 ἔτι
1034 1193 1205 1235 λάθοιεν
1236 1193 1388 1240 αὐτοὺς
1418 1195 1459 1235 οἱ
1487 1193 1698 1249 βάρβαροι

203 1259 548 1307 ἀποπλεύσαντες,
580 1260 773 1314 ἠπείλησε
794 1260 981 1302 θάνατον
1001 1261 1102 1303 εἶναι
1133 1262 1246 1316 σφίσι
1276 1261 1323 1304 τὸ
1354 1262 1566 1317 ἐπιτίμιον.
1628 1259 1695 1317 ἐφ’
1709 1269 1756 1304 46

145 1328 317 1374 Ῑῦὅλαις
355 1328 400 1369 δὲ
439 1328 613 1382 ἡμέραις
650 1328 851 1382 ἑξήκοντα
889 1329 1175 1384 πολιορκήσας
1210 1329 1284 1385 τὴν
1314 1330 1433 1372 πόλιν
1463 1330 1534 1372 καὶ
1563 1331 1697 1385 μήπω

200 1396 352 1451 ταύτην
384 1396 492 1437 ἑλὼν
523 1397 631 1450 ἔγνω
663 1395 773 1449 λιμῷ
803 1395 901 1442 τοὺς
929 1398 1051 1439 ἔνδον
1075 1399 1459 1452 καταγωνίσασθαι·
1491 1398 1562 1440 καὶ
1581 1415 1695 1453 περι·
1710 1406 1756 1442 47

201 1465 383 1519 κάθηται
414 1465 575 1519 ταύτην,
608 1464 815 1518 ἐπιτηρῶν
846 1465 1036 1520 ἀκριβῶς
1066 1467 1131 1508 ἵνα
1162 1467 1223 1521 μή
1254 1467 1390 1509 ποθεν
1422 1467 1562 1514 αὐτοῖς
1586 1483 1695 1522 χρει-

201 1533 313 1580 ῶόές
333 1549 367 1574 τι
393 1534 592 1588 κομισθῇ.
656 1533 695 1574 οἱ
728 1532 773 1574 ὀὲ
803 1534 1014 1588 βάρβαροι
1044 1534 1245 1580 πολλάκις
1275 1535 1490 1590 ἐκδρομὰς
1520 1536 1756 1591 ποιησά-48

200 1617 319 1656 μενοι
349 1602 538 1656 ἥττηντο·
583 1601 670 1642 ἐπεὶ
710 1600 755 1642 δὲ
792 1600 862 1642 καὶ
892 1606 955 1655 τῷ
984 1601 1095 1656 λιμῷ
1127 1603 1335 1652 ἐπιέζοντο
1378 1603 1449 1645 καὶ
1486 1605 1580 1645 οὔτε
1611 1607 1698 1646 τῶν

142 1669 444 1725 ΞΟάναγκαίων
475 1668 527 1724 ἦν
557 1670 697 1715 αὐτοῖς
717 1670 918 1724 χορηγίας
939 1670 1062 1718 ἐλπίς,
1094 1670 1195 1713 οὐδὲ
1214 1671 1354 1726 μέντοι
1376 1687 1421 1726 γε
1442 1673 1697 1727 συμμαχίας,

276 1800 292 1834 1
323 1799 467 1845 ἡμέραις
494 1798 541 1843 D,
570 1799 703 1845 ἡμέρας
729 1810 779 1835 ex
806 1799 952 1846 ἡμέραις
978 1810 1079 1836 corr.
1094 1799 1125 1835 B
1222 1800 1393 1847 εὐψυχῶς
1410 1800 1447 1836 D
1544 1801 1567 1838 5
1592 1815 1697 1847 σφεν-

274 1847 474 1892 ὅόσθλαβος
500 1847 595 1892 Ewp
621 1852 666 1883 ut
692 1850 712 1888 S
735 1847 782 1883 34
878 1848 901 1883 6
926 1848 1112 1893 διςχιλίους
1138 1847 1272 1895 Apr
1300 1848 1416 1886 Cedr.
1442 1848 1632 1895 (Scylitz.)
1660 1849 1697 1884 II

276 1906 312 1942 p.
338 1894 419 1939 402,
445 1894 502 1939 22,
527 1895 662 1939 χιλίους
687 1894 724 1929 D
852 1895 873 1931 ’7
899 1895 1140 1941 συμβεβηκὼς
1165 1895 1247 1939 BD,
1273 1896 1547 1944 συνεμβεβυκὼς
1575 1896 1623 1943 p*

275 1944 297 1976 8
322 1942 532 1988 ῥοόόστολον
559 1941 594 1977 Ι)
701 1942 735 1978 9.
763 1942 808 1978 10
832 1943 922 1978 κατά
947 1957 1041 1982 τινας
1066 1944 1126 1978 καὶ
1151 1944 1256 1982 ἄλλας
1283 1943 1313 1980 C
1420 1945 1460 1980 ll
1488 1944 1697 1980 καί-ἐπαν-

276 1990 430 2036 ήλθοσαν
457 2000 531 2025 om.
559 1989 627 2026 CD
769 1990 814 2025 13
838 1990 1012 2036 ε’πιχόλως
1037 1990 1205 2037 prDi,
1231 1991 1311 2026 ἔπισ
1335 1992 1427 2031 όλως
1453 1991 1499 2037 Α,
1525 1992 1698 2037 ἐπιχόλως

275 2048 325 2074 ex
352 2038 545 2082 ἐπισχόλως
572 2047 672 2073 corr.
699 2036 730 2072 B
830 2037 874 2073 15
900 2038 1001 2073 πέντε
1025 2038 1086 2073 καὶ
1110 2039 1280 2085 ἑξήκοντα
1339 2040 1422 2075 edr.
1450 2038 1698 2086 (Scylitz.)11

276 2097 312 2132 p.
338 2086 419 2129 403,
449 2086 492 2120 16
637 2085 693 2120 15.
721 2086 765 2121 16
790 2085 917 2131 ταύτην
940 2085 1051 2131 μήπω
1078 2085 1109 2120 Β
1265 2087 1309 2122 16
1333 2088 1572 2132 περιεκάθητο
1598 2087 1696 2133 pr

277 2134 322 2168 19
346 2134 406 2168 καὶ
424 2133 535 2187 prius
554 2143 630 2168 om.
649 2133 681 2168 Ο
779 2136 869 2179 post
893 2133 985 2179 λιμῷ
1011 2133 1104 2169 add.
1130 2133 1169 2169 δὲ
1194 2145 1219 2180 p
1318 2138 1407 2181 post
1424 2134 1504 2170 οὔτε
1522 2135 1613 2171 add.
1638 2140 1698 2182 τῆς

275 2180 430 2227 BwpDe
527 2180 575 2216 20
598 2179 681 2215 οὐδὲ
704 2179 823 2225 ARw,
850 2180 893 2216 οὐ
919 2191 944 2227 p
1041 2195 1080 2227 γε
1106 2191 1182 2217 om.
1210 2181 1306 2229 Ewp

204 2301 380 2347 acceptis
406 2300 448 2335 in
474 2299 675 2335 Dorostoli
703 2299 914 2336 obsidione
947 2299 1032 2336 dies
1065 2301 1290 2346 complures
1324 2305 1420 2337 sunt
1451 2301 1697 2346 commorati,

206 2349 389 2384 barbaris
416 2348 573 2383 sortiter
598 2358 686 2382 sese
713 2347 1035 2383 defendentibus.
1086 2348 1183 2384 Cum
1211 2354 1346 2384 autem
1366 2349 1518 2384 crebris
1536 2349 1698 2395 proeliis
1710 2349 1758 2386 42

204 2396 316 2432 multi
345 2395 657 2431 vulnerarentur
683 2399 722 2431 et
748 2396 827 2430 iam
855 2405 1018 2430 annona
1052 2395 1381 2439 destituerentur,
1419 2397 1549 2442 coepti
1582 2401 1698 2432 erant

206 2444 339 2490 frangi
382 2444 535 2486 animis,
575 2453 665 2478 cum
700 2444 786 2489 ipse
821 2442 1195 2488 Sphendosthlabus
1227 2450 1346 2479 nocte
1379 2444 1489 2479 illuni
1524 2454 1572 2479 ac
1605 2445 1758 2481 tem-43

207 2496 398 2538 pestuosn
433 2501 522 2526 cum
556 2490 716 2526 duobus
750 2490 908 2525 circiter
940 2491 1099 2526 milibus
1127 2491 1304 2526 virorum
1332 2492 1371 2526 in
1401 2491 1537 2527 lintres
1563 2502 1698 2527 mono-

207 2540 323 2584 xylsts
350 2539 543 2585 impositis
566 2540 854 2573 frumentatum
882 2538 981 2573 abiit
1006 2542 1045 2573 et
1064 2538 1184 2574 rebus
1202 2540 1439 2574 necessariis
1463 2540 1699 2585 conquisitis

208 2587 461 2622 Dorostolum
491 2587 640 2621 furtive
667 2585 795 2629 rediit,
835 2585 1108 2621 Romanorum
1140 2586 1294 2631 aliquot
1325 2587 1524 2630 ministris,
1563 2588 1630 2632 qui
1659 2588 1758 2623 in44

206 2636 294 2681 ripn
320 2634 494 2669 tluminis
519 2634 606 2668 aliis
633 2638 755 2679 atque
781 2633 869 2668 aliis
895 2633 944 2669 de
972 2634 1103 2669 causis
1130 2634 1400 2678 vagabantur,
1434 2635 1699 2670 exscensione

209 2685 314 2718 facta
342 2681 572 2717 intersectis.
623 2681 679 2716 Ea
707 2691 770 2716 res
796 2681 898 2716 adeo
927 2681 1093 2716 molesta
1120 2681 1195 2716 fuit
1222 2682 1321 2725 regi,
1347 2687 1392 2717 ut
1418 2682 1556 2717 classis
1588 2692 1700 2728 prae·
1713 2683 1759 2718 45

208 2730 323 2765 sectis
350 2730 475 2764 iratus
501 2732 667 2764 mortem
694 2729 959 2771 minitaretur,
986 2729 1017 2763 si
1046 2728 1309 2764 barbarorum
1338 2739 1545 2774 egressum
1565 2729 1699 2765 denuo

207 2776 491 2822 neglexissent.
542 2776 723 2821 Cumque
749 2776 889 2812 urbem
919 2786 990 2821 per
1007 2776 1186 2820 integros
1204 2777 1419 2822 sexaginta
1437 2776 1523 2812 dics
1550 2777 1699 2812 frustra
1712 2778 1759 2813 4⁴3

208 2824 440 2868 obsedisset,
478 2824 658 2859 urbanos
684 2825 790 2859 fame
816 2823 981 2858 domare
1007 2824 1157 2867 statuit,
1194 2834 1426 2869 coronaque
1452 2824 1699 2860 circumdata
1713 2826 1758 2862 47

208 2877 398 2907 accurate
436 2871 680 2914 observavit,
718 2882 769 2906 ne
809 2871 995 2906 alicunde
1022 2876 1268 2907 commeatus
1302 2872 1597 2918 importaretur.
1648 2872 1760 2909 At48

209 2919 369 2956 barbari
396 2919 530 2956 multis
556 2919 836 2967 eruptionibus
865 2919 968 2963 victi,
1011 2923 1266 2965 urgenthuc
1298 2920 1404 2955 fame
1430 2930 1500 2967 spe
1527 2924 1567 2956 et
1598 2930 1701 2957 com—
