2054 3282
288 217 499 258 BELLVM
523 222 696 261 CIVILE
722 222 882 262 INTER
907 219 1123 262 COPRON.
1151 219 1217 255 ET
1242 217 1612 262 ARTABASDVM.
1667 224 1738 263 267

237 347 370 403 μάχαι
399 346 523 388 πάλιν
553 346 748 402 ἐγίνοντο.
810 347 835 389 ὁ
867 346 913 389 δὲ
938 347 1255 394 Κωνσταντῒνος
1285 347 1332 389 ἐκ
1353 346 1635 402 Χαλκηδόνος
1664 363 1738 390 πε·
1754 345 1798 382 13

239 416 440 472 ραιωθεὶς
482 416 556 471 τὴν
597 416 718 458 πόλιν
761 416 1007 471 ἐπολιόρκει,
1050 415 1146 470 περὶ
1181 416 1231 458 τὰ
1261 420 1435 471 χερσαῖα
1466 417 1576 471 τείχη
1609 416 1737 470 βαλό-

237 502 365 542 μενος
407 485 590 540 χάρακα.
651 484 910 539 προσβαλὼν
954 484 1000 526 δὲ
1036 485 1173 540 τούτῳ
1210 485 1282 527 καὶ
1320 485 1510 540 ἡττηθεὶς
1541 485 1566 527 ὁ
1591 485 1737 539 Ἀρτά-
1755 483 1798 519 14

238 555 399 610 βασὸος
427 559 501 609 τῆς
535 553 701 600 πόλεως
737 553 852 600 ἐντὸς
887 553 1144 595 συνέκλεισεν
1182 553 1331 596 ἑαυτὸν
1368 553 1441 596 καὶ
1475 557 1550 596 τοῦ
1587 554 1740 609 ταύτην

202 623 519 678 ὃφρουρεῒσῦαι
550 622 754 676 ἀσφαλῶς
785 621 1014 676 ἐπεμέλετο.
1075 626 1150 664 τοῦ
1182 622 1229 664 δὲ
1250 622 1555 677 Κοπρωνύμου
1577 622 1738 664 θαλασ-
1755 621 1798 657 15

238 695 545 746 σοκρατοῦντος
582 690 654 732 καὶ
688 689 749 745 μὴ
790 691 946 736 ἐῶντος
982 690 1056 737 τὰς
1095 691 1336 747 φορτηγοὺς
1374 691 1560 738 ὁλκάδας
1602 692 1648 733 ἐν
1689 695 1739 747 τῇ

236 760 353 802 πόλει
383 760 603 814 καταίρειν,
634 758 755 813 λιμὸς
784 758 882 806 τοὺς
913 760 957 801 ἐν
987 759 1113 815 ταύτῃ
1145 761 1312 810 ἐπίεζεν,
1345 761 1452 803 ὥστε
1482 759 1664 807 πολλοὺς
1690 760 1738 802 ἐκ
1753 759 1782 797 C

236 829 386 872 τούτου
431 828 684 871 διόλλυσθαι.
745 828 816 870 καὶ
858 827 930 870 τὸν
971 833 1046 870 τοῦ
1079 828 1369 884 Ἀρταβάσδου
1413 828 1506 871 υἱὸν
1549 828 1739 884 Νικήταν
1754 829 1798 865 16

237 898 409 953 συνέσχε
439 896 511 939 καὶ
540 897 728 951 πεδήσας
758 896 966 939 ἐδείκνυεν
997 897 1124 939 αὐτὸν
1154 903 1216 952 τῷ
1245 898 1380 952 πατρί.
1442 897 1525 940 εἶτα
1547 898 1738 953 προσβα-
1754 898 1798 934 17

179 966 225 1001 10
237 967 325 1009 λὼν
356 965 481 1013 αὖθις
511 970 560 1021 τῇ
590 965 707 1007 πόλει
738 966 888 1020 ταύτης
913 966 1153 1021 ἐκράτησεν.
1215 967 1240 1008 ὁ
1263 966 1308 1009 δὲ
1323 966 1611 1022 Ἀρτάβασδος
1632 967 1737 1009 ᾶπο-
1754 968 1799 1004 18

17 1035 65 1074 D
81 1036 224 1073 111346
239 1034 344 1090 δράς
374 1035 431 1082 εἷς
462 1034 670 1090 φρούριόν
699 1050 734 1076 τι
763 1038 838 1076 τοῦ
869 1035 1057 1089 θέματος
1075 1035 1276 1090 Ὀψικίου
1303 1036 1560 1078 συνέκλεισεν
1591 1035 1740 1078 ἑαυτὸν

22 1114 24 1116 ’
237 1104 309 1146 καὶ
339 1102 612 1158 κατασχεθεὶς
641 1107 848 1158 πηροῦται
878 1102 976 1150 τοὺς
997 1103 1252 1158 ὀφθαλμοὺς
1272 1104 1348 1146 σὺν
1368 1108 1452 1151 τοῖς
1474 1104 1592 1146 δυσὶν
1613 1105 1740 1147 υἱέσιν

237 1173 378 1214 αὐτοῦ.
439 1175 525 1213 τῶν
557 1172 601 1214 δὲ
637 1177 698 1226 τῷ
723 1172 1000 1226 Ἀρταβάσδῳ
1037 1173 1407 1227 συμμαχησάντων
1448 1173 1595 1215 πολλοὶ
1637 1174 1738 1229 ἀνῃ-
1755 1175 1799 1210 19

237 1241 427 1296 ρέθησαν
456 1240 572 1294 παρὰ
603 1244 677 1282 τοῦ
699 1241 1021 1295 Κοπρωνύμου,
1053 1241 1125 1283 καὶ
1155 1241 1240 1295 πρὸ
1271 1245 1357 1283 τῶν
1382 1242 1522 1284 ἄλλων
1542 1242 1738 1297 Βακτάγ-

179 1317 224 1353 15
238 1326 326 1365 γιος
356 1309 381 1351 ὅ
411 1310 638 1363 πατρίκιος,
681 1313 767 1351 τῶν
798 1310 1017 1364 ἐπισήμων
1053 1310 1175 1364 ἀνήρ,
1221 1308 1272 1352 οὗ
1308 1310 1384 1365 τὴν
1420 1315 1597 1364 γυναῖκα
1635 1310 1738 1366 μετὰ
1752 1313 1800 1348 20

236 1379 451 1425 πλείστους
482 1378 693 1424 ἐνιαυτοὺς
714 1378 877 1433 ἐβίασεν
899 1378 923 1420 ὁ
944 1378 1148 1432 τύραννος
1168 1379 1365 1420 ἀπελθεῖν
1387 1380 1444 1426 εἷς
1463 1379 1538 1434 τὴν
1560 1378 1739 1434 Χώραν,
1755 1381 1791 1416 D

235 1448 341 1490 ἔνθα
385 1448 543 1495 ἐκεῖνος
586 1446 804 1501 ἐτέθαπτο,
847 1446 919 1489 καὶ
958 1447 1202 1502 ἀνασκάψαι
1238 1447 1287 1490 τὰ
1318 1451 1392 1490 τοῦ
1425 1447 1582 1503 ἀνδρὸς
1613 1449 1741 1504 αὐτῆς

237 1601 257 1637 1
283 1603 334 1637 ὅτι
359 1602 380 1636 ὄ
403 1601 651 1647 Κοπρώνυμος
674 1601 890 1646 περαιωθεὶς
915 1601 965 1641 εἶς
987 1602 1137 1647 Θρᾴκην
1162 1601 1226 1648 τὴν
1249 1603 1351 1638 πόλιν
1367 1602 1567 1647 ἐπολιόρκει
1584 1602 1644 1638 καὶ
1662 1603 1740 1639 ταύ-

235 1663 296 1695 της
321 1649 495 1695 ἐκράτησε
521 1649 582 1685 καὶ
616 1650 680 1691 (ὅτι
706 1649 737 1684 Ε
763 1660 871 1684 novo
900 1654 1143 1695 argumento
1171 1650 1348 1696 incepto)
1379 1651 1563 1696 ἐτύφλωσε
1589 1650 1647 1686 τὸν
1668 1651 1739 1695 Ἆρ-

234 1698 410 1743 τάβασδον
441 1697 501 1732 καὶ
533 1697 615 1736 τοὺς
645 1696 744 1736 υἱοὺς
775 1697 883 1732 αὐτοῦ
919 1697 979 1732 καὶ
1012 1698 1071 1733 τὸν
1100 1698 1321 1744 πατριάρχην
1343 1699 1561 1734 Ἆναστάσιον
1586 1699 1740 1745 δημοσίᾳ

235 1746 351 1792 τύψας
375 1745 646 1792 ἐθριάμβευσεν,
672 1744 733 1780 εἴτ’
760 1745 866 1785 αὖθις
890 1745 1110 1792 πατριάρχην
1136 1745 1240 1782 αὐτὸν
1266 1747 1379 1782 εἴασεν
1402 1746 1490 1782 εἶναι
1518 1745 1581 1783 ΟΕ

309 1890 328 1925 1
355 1889 588 1935 Χαλχηδόνος
608 1890 655 1936 p*
672 1890 810 1926 invitis
827 1889 937 1926 ARW
1033 1890 1056 1926 2
1079 1891 1295 1937 βαλλόμενος
1313 1891 1344 1926 Β
1442 1891 1465 1927 5
1481 1891 1672 1937 ἐπεμέλητο
1691 1891 1739 1937 p*

309 1937 447 1973 invitis
473 1935 581 1972 ARW
713 1939 758 1974 10
785 1942 875 1984 post
899 1939 996 1974 πόλει
1022 1938 1114 1974 add.
1140 1939 1249 1986 βαβαὶ
1274 1944 1345 1975 τῶν
1369 1939 1642 1985 ἀνεξιχνιάστων
1668 1939 1739 1984 (ἀν-

308 1985 537 2030 εζιχνιάστων
563 1985 632 2028 w*‚
669 1986 778 2032 quod
806 1986 1041 2022 coniectura
1068 1987 1217 2022 infelici
1242 1988 1415 2023 mutavit
1441 1988 1481 2023 in
1508 1987 1739 2033 ἀνιχνιάστων

311 2035 350 2079 p)
377 2037 438 2068 τοῦ
465 2035 556 2075 (orn.
583 2033 684 2080 w*p)
710 2034 799 2069 θεοῦ
826 2034 966 2079 (κυρίου
993 2033 1072 2076 BC)
1098 2035 1283 2079 κριμάτων
1309 2035 1407 2081 pr
1572 2036 1615 2070 11
1643 2038 1739 2071 ante

308 2081 458 2126 ὀψικίου
484 2080 576 2116 add.
603 2086 664 2117 τοῦ
690 2080 847 2127 BwpDi
1056 2082 1100 2118 13
1125 2083 1185 2118 καὶ
1211 2088 1282 2118 τῶν
1306 2083 1616 2129 συμμαχησάντων
1641 2083 1738 2129 αὐτῷ

307 2128 429 2164 πολλοὶ
446 2128 522 2164 κτλ.
550 2128 647 2175 pr
746 2128 792 2164 14
816 2129 1006 2176 βακτάγιος
1025 2129 1072 2175 D,
1100 2141 1202 2166 corr.
1217 2130 1286 2170 Dw
1385 2131 1429 2167 17
1455 2131 1685 2178 κατασκάψαι
1709 2130 1738 2168 C

237 2291 403 2327 egresso
430 2281 565 2317 denuo
592 2292 758 2328 pugnae
784 2283 1148 2328 committebantur,
1187 2287 1227 2320 et
1255 2283 1543 2320 Constantinus
1577 2284 1738 2321 Chalce-
1753 2282 1798 2318 13

238 2329 344 2365 done
358 2334 615 2365 transvectus
640 2331 746 2366 iacto
777 2331 885 2366 eirca
911 2332 1118 2366 terrestria
1144 2333 1304 2367 moenia
1331 2333 1438 2368 vallo
1465 2333 1606 2368 urbem
1626 2333 1738 2368 obse·

237 2376 305 2412 dit.
357 2376 456 2413 Cum
483 2387 531 2413 eo
567 2388 810 2423 congressus
836 2377 1090 2414 Artabasdus
1117 2383 1156 2415 et
1182 2380 1313 2415 victus
1340 2380 1381 2415 in
1407 2380 1549 2415 urbem
1577 2391 1620 2415 se
1647 2391 1738 2415 con·
1752 2377 1798 2413 14

237 2424 354 2460 clusit
379 2429 420 2460 et
445 2425 556 2461 dedit
582 2436 758 2471 operam,
797 2430 842 2461 ut
874 2437 922 2461 ea
949 2426 1164 2472 diligenter
1191 2428 1472 2464 custodiretur.
1524 2427 1604 2464 Sed
1642 2428 1738 2474 quia
1754 2426 1798 2462 15

237 2471 519 2518 Copronymus
553 2483 665 2509 mare
704 2474 870 2510 tenebat
911 2485 1044 2520 neque
1088 2476 1296 2510 onerarias
1339 2486 1465 2511 naves
1508 2475 1560 2511 ad
1594 2476 1736 2512 urbem

237 2520 384 2566 appelli
388 2520 642 2602 1patiebatur,
669 2522 814 2557 urbani
841 2525 954 2557 tanta
981 2523 1087 2557 fame
1108 2523 1407 2568 premebantur,
1434 2527 1479 2559 ut
1504 2523 1617 2559 multi
1638 2525 1738 2569 peri-

236 2571 337 2603 rent.
409 2567 499 2603 dem
531 2568 723 2609 Nicetam.
762 2569 979 2605 Artabasdi
1008 2570 1143 2613 tilium,
1180 2572 1324 2606 nactus
1349 2573 1390 2606 in
1418 2571 1582 2606 vincula
1609 2572 1738 2607 conie-
1754 2570 1798 2605 16

238 2623 346 2651 ctum
367 2616 471 2661 patri
487 2616 736 2652 ostendebat.
789 2616 947 2653 Deinde
966 2627 1106 2653 rursus
1132 2621 1286 2654 tentata
1303 2620 1610 2664 oppugnatione
1636 2619 1738 2654 urbe
1756 2617 1798 2653 17

238 2663 391 2708 potitus
417 2666 488 2699 est.
539 2662 617 2699 Sed
644 2663 898 2700 Artabasdus
926 2665 1087 2711 elapsus
1113 2665 1152 2701 in
1180 2666 1386 2701 castellum
1415 2666 1619 2712 quoddam
1647 2677 1738 2713 pro·
1754 2666 1798 2701 18

238 2710 397 2746 vinciae
429 2710 576 2756 Opsicii
615 2722 658 2747 se
685 2713 847 2758 recepit,
886 2713 955 2747 ubi
985 2713 1299 2758 comprehensus
1339 2724 1428 2749 cum
1456 2714 1617 2750 duobus
1654 2715 1738 2750 suis

238 2757 328 2793 filiis
372 2763 628 2794 excaecatur.
680 2758 782 2795 Sunt
821 2764 862 2796 et
888 2760 1191 2796 foederatorum
1218 2759 1436 2797 Artubasdi
1476 2763 1588 2797 multi
1616 2773 1640 2797 a
1667 2761 1734 2798 Co·
1754 2761 1797 2796 19

237 2815 434 2851 pronymo
461 2806 661 2842 interfecti
696 2811 735 2842 et
762 2818 859 2853 prae
886 2809 1031 2844 ceteris
1058 2808 1306 2853 Bau-tangius
1332 2810 1537 2855 patricius,
1565 2810 1626 2845 vir
1652 2810 1737 2846 illu-

237 2853 348 2898 stri83
376 2854 492 2889 cuius
518 2863 686 2890 uxorem
715 2859 805 2901 post
831 2856 1024 2901 plurimos
1051 2866 1180 2891 annos
1207 2857 1246 2891 in
1274 2858 1562 2893 monasterium
1579 2856 1735 2893 Chorae
1750 2857 1798 2894 20

237 2900 351 2937 abire
377 2901 512 2947 coegit
537 2905 747 2948 tyrannus,
788 2903 859 2939 ubi
893 2903 959 2939 ino
992 2903 1175 2951 sepultus
1202 2908 1301 2950 erat,
1343 2908 1383 2942 et
1408 2906 1564 2943 refossa
1602 2906 1735 2943 mariti
