2054 3282
376 221 444 260 192
775 220 957 261 ZONAR.
984 220 1116 260 EPIT.
1142 219 1234 260 XIV
1264 220 1317 268 13,
1344 219 1471 261 7-26.

337 346 449 399 ὃμὲν
486 346 657 401 ἕκράτει,
702 346 827 387 ἐνίοτε
860 344 896 386 δ’
932 346 1086 399 ἥττητο.
1150 345 1193 385 ἕν
1230 350 1307 399 μιᾷ
1345 345 1390 387 δὲ
1433 346 1571 400 ἡμέρᾳ
1614 346 1695 388 υἱοὶ
1738 347 1866 389 αὐτοῦ

279 419 311 454 Β
337 414 473 455 9ἑπτοὶ
505 415 552 455 ἐκ
583 414 711 455 νόσου
743 414 932 467 λοιμικῆς
957 413 1028 454 καὶ
1047 416 1228 467 πυρετοῦ
1251 413 1523 468 ἐτελεύτησαν.
1586 413 1867 469 Κομεντίολον

374 482 419 523 δὲ
451 482 606 527 στείλας
638 482 662 523 ὁ
692 481 882 536 βασιλεὺς
913 481 1018 522 κατὰ
1042 481 1245 534 Χαγάνου
1276 481 1379 535 μετὰ
1410 482 1712 537 πολυπληθοῦς
1743 499 1864 538 στρα-

372 555 458 596 τιᾶς
488 551 642 604 λέγεται
675 550 928 591 ἐντείλασθαι
959 550 1076 603 αὐτῷ
1100 550 1333 603 προδοῦναι
1354 554 1437 595 τοῖς
1460 550 1654 596 ἐναντίοις
1674 551 1720 592 τὸ
1742 566 1865 606 στρα-

371 618 560 660 τιωτικὸν
605 619 670 659 διά
714 633 825 663 τινας
868 618 1026 663 στάσεις
1069 618 1139 659 καὶ
1177 618 1345 666 ἀταξίας
1381 619 1540 664 τούτοις
1576 623 1902 673 μνησικακῶν.5

314 691 359 725 10
372 687 442 728 καὶ
471 686 701 740 συμβαλὼν
721 690 806 731 τοῖς
826 686 1060 740 βαρβάροις
1082 687 1350 732 ἀσυντάκτως
1371 687 1395 728 ὁ
1416 686 1709 741 Κομεντίολος,
1742 687 1868 735 αὐτὸς

370 755 448 809 μὲν
477 754 579 809 μετιὶ
612 758 696 795 τῶν
727 754 820 808 περὶ
852 754 978 795 αὐτὸν
1010 755 1066 801 εἰς
1097 755 1237 810 φυγὴν
1268 755 1438 810 ἐτράπη,
1471 754 1579 810 πρὸς
1608 760 1730 797 τοῦτο
1760 773 1865 811 προ-

314 828 355 862 11
371 823 810 877 παρασκευασάμενος.
872 826 957 864 τῶν
990 823 1035 864 δὲ
1065 824 1224 865 λοιπῶν
1256 824 1296 865 οἱ
1324 823 1402 877 μὲν
1433 824 1594 877 ἔπεσον,
1628 824 1667 865 οἷ
1698 822 1735 865 δ’
1759 825 1916 873 ἒζω-Ι)
1935 830 2052 867 ΙΙΙ29

373 892 604 945 γρήθησαν.
666 890 767 932 εἶναι
805 890 850 932 δὲ
887 891 984 937 τοὺς
1017 892 1314 946 ζωγρηθέντας
1345 891 1446 945 φασὶ
1477 891 1571 945 περὶ
1603 891 1772 933 δώδεκα
1803 909 1864 947 χι-

313 964 358 999 12
371 960 525 1005 λιάόας.
588 959 658 1000 καὶ
690 960 714 1001 ὁ
745 959 947 1013 Χαγάνος
977 965 1026 1015 τῇ
1065 961 1157 1015 νίκῃ
1195 960 1320 1014 ταύτῃ
1362 960 1618 1013 ἒξογκώθεὶς
1654 961 1750 1015 ἄχρι
1792 965 1865 1003 τοῦ
1883 969 1928 1004 10

312 1033 357 1067 13
373 1028 558 1082 Μακροῦ
602 1028 761 1083 τείχους
804 1028 990 1082 ἄφίκετο.
1054 1029 1251 1077 συλλέξας
1295 1028 1340 1070 δὲ
1377 1029 1401 1070 ὁ
1437 1028 1629 1083 βασιλεὺς
1670 1028 1773 1071 λαὸν
1809 1031 1866 1076 εἰς

257 1101 286 1138 C
313 1101 358 1136 14
371 1096 567 1151 φυλακὴν
597 1101 670 1138 τοῦ
701 1097 860 1151 τείχους
890 1097 1063 1143 τούτους
1094 1098 1376 1152 ε’κπέπομφεν.
1439 1098 1486 1138 ἐκ
1519 1097 1565 1138 δὲ
1585 1102 1657 1152 τῆς
1677 1098 1866 1153 λοιμικῆς

371 1165 498 1206 νόσου
531 1166 582 1206 οὗ
612 1166 736 1220 μόνοι
761 1166 800 1206 οἱ
820 1170 893 1207 τοῦ
915 1165 1121 1219 Χαγάνου
1143 1166 1236 1220 υἱοί,
1270 1166 1332 1212 ὡς
1363 1167 1528 1221 εἴρηται,
1562 1166 1730 1220 ἔθανον,
1763 1166 1864 1207 ἀλλὰ

312 1239 357 1275 15
371 1234 441 1274 καὶ
483 1234 648 1288 πλῆθος
679 1237 764 1275 τῶν
797 1233 989 1288 Ἆβάρων
1019 1235 1142 1275 πολύ·
1188 1235 1290 1276 ὅθεν
1333 1235 1560 1289 ἀθυμήσας
1593 1235 1617 1276 ὁ
1647 1235 1867 1290 βάρβαρος

313 1309 357 1344 16
371 1303 568 1344 ἔσπευδεν
605 1304 662 1348 εἷς
692 1302 740 1344 τὰ
774 1303 903 1344 οἰκεῖα
936 1303 1223 1351 ἒπαναζεῦξαι.
1288 1303 1411 1358 δηλοῖ
1437 1302 1513 1345 οὖν
1543 1309 1605 1358 τῷ
1636 1304 1865 1358 Μαυρικίῳ
1882 1314 1926 1348 15

371 1371 666 1426 ἐξωνήσασθαι
691 1371 787 1418 τοὺς
808 1371 1113 1426 αἰχμαλώτους,
1145 1373 1190 1413 ἓν
1211 1369 1278 1426 ἐφ’
1302 1372 1466 1426 ἑκάστῳ
1490 1372 1640 1414 ὃιὸόντι
1661 1372 1862 1427 νόμισμα·

311 1446 356 1482 17
371 1439 395 1480 ὁ
427 1438 473 1481 δὲ
503 1438 695 1494 βασιλεὺς
726 1440 777 1481 οὗ
809 1440 1039 1481 κατένευσε.
1101 1440 1172 1481 καὶ
1204 1441 1227 1481 ὃ
1253 1440 1454 1494 Χαγάνος
1484 1442 1609 1495 ᾔτησε
1639 1441 1779 1496 λαβεῖν
1810 1442 1867 1488 εἰς

312 1516 357 1550 18
370 1508 545 1550 ἕκαστον
587 1512 672 1549 τῶν
715 1508 997 1563 αἰχμαλώτων
1040 1508 1119 1550 ἀνὰ
1156 1510 1283 1563 ἥμισυ
1320 1513 1393 1550 τοῦ
1431 1509 1695 1563 νο,ιιίσματος.
1758 1511 1782 1551 ὁ
1821 1510 1864 1551 δὲ

372 1625 416 1660 15
441 1627 491 1660 ὅτι
516 1625 567 1671 μὴ
594 1625 823 1671 ὠνησαμένου
850 1631 910 1662 τοῦ
935 1626 1109 1673 βασιλέως
1135 1626 1214 1665 τοὺς
1240 1626 1485 1672 αἰχμαλώτους
1511 1628 1531 1661 ὁ
1552 1628 1714 1673 Χαγάνος
1738 1628 1866 1667 πάντας

370 1675 461 1715 (om.
488 1674 534 1716 Ε)
559 1674 691 1709 ἀνεῖλεν
718 1673 781 1710 CE

441 1782 463 1816 3
489 1785 579 1828 post
604 1781 695 1817 κατὰ
712 1782 803 1817 add.
822 1787 882 1817 τοῦ
901 1782 999 1828 pr
1096 1782 1187 1828 χαγά
1206 1782 1208 1828 j
1224 1781 1311 1827 μετὰ
1329 1782 1413 1827 (Sic)
1434 1782 1469 1817 A
1567 1783 1587 1818 7
1614 1787 1683 1818 τῶν
1697 1781 1864 1828 prDi,

441 1829 498 1864 τὸν
516 1828 551 1864 Α
640 1830 995 1875 παρασκευασάμενος
1014 1829 1076 1865 BC
1162 1830 1184 1865 8
1203 1830 1248 1875 δ’]
1273 1830 1311 1865 δὲ
1331 1831 1425 1876 Ewp
1514 1830 1558 1865 12
1575 1831 1718 1869 τούτους
1739 1841 1813 1866 om.
1829 1831 1864 1865 D

443 1877 487 1912 13
511 1878 621 1922 μόνον
647 1876 846 1923 CEwpDz',
873 1889 910 1912 V.
938 1878 987 1912 ad
1016 1878 1107 1914 XlV
1134 1879 1166 1923 6,
1193 1878 1239 1913 30
1368 1879 1412 1912 14
1437 1878 1584 1923 ἀβάρων
1610 1877 1755 1924 AEwp,
1781 1879 1864 1924 βαρ-

439 1925 563 1971 βάρων
589 1925 631 1969 Ο,
659 1925 946 1960 barbarorum:
982 1926 1048 1961 Wo
1074 1926 1153 1969 lat,
1180 1937 1217 1960 v.
1245 1926 1297 1960 ad
1323 1925 1414 1961 XIV
1443 1927 1497 1968 11,
1527 1927 1570 1961 18
1766 1926 1810 1960 15
1835 1927 1865 1960 ἔ-

440 1986 587 2046 σπευεζξν
614 1972 662 2019 p*
680 1973 824 2033 invitis
842 1972 961 2032 ARvsj,
988 1974 1298 2033 V'.Hu!f'sehi}¹¹n
1321 1972 1397 2033 Df'e
1423 1974 1566 2034 erza'hl.
1586 1973 1709 2019 Zeitf.
1728 1974 1763 2009 b.
1783 1974 1863 2009 Pol.

440 2020 512 2104 {⁷21¹
533 2035 717 2114 [ῖιωέἕυν
737 2021 1566 2114 ῗέΡη)ηιῖιῗυᾜῗςθὲιέίῖαέωτοῗαῗέἔὲἱῗᾶῗῗ
1578 2023 1618 2104 ὅ)
1637 2021 1733 2104 {ff
1757 2032 1864 2104 3333

441 2117 505 2152 vel
531 2117 668 2162 plures
783 2117 838 2152 17.
854 2117 900 2152 18
924 2117 982 2162 ἐφ’
1009 2117 1144 2162 ἑκάστῳ
1172 2122 1242 2152 τῶν
1267 2118 1503 2162 αἰχμαλώτων
1528 2118 1647 2163 λαβεῖν
1671 2118 1744 2162 ᾔτει
1770 2118 1865 2162 νομί-

442 2177 570 2209 σματος
595 2166 704 2210 ἥμισυ
734 2163 765 2199 O
793 2167 832 2200 et
858 2164 889 2199 P
915 2175 1022 2200 unus
1049 2165 1114 2200 vel
1142 2165 1278 2210 plures

332 2277 642 2322 SseRomanas
668 2277 851 2324 legiones
877 2277 978 2313 alias
1004 2277 1206 2321 vincebat,
1244 2277 1343 2313 alias
1370 2277 1621 2313 vincebatur.
1672 2278 1768 2313 Eius
1794 2278 1862 2313 filii

333 2327 522 2371 9septem
548 2335 630 2360 uno
658 2325 724 2361 die
743 2326 972 2371 pestilentia
999 2336 1047 2361 ae
1073 2325 1177 2360 febri
1203 2328 1297 2360 sunt
1322 2326 1481 2360 mortui.
1532 2325 1617 2360 Rex
1645 2326 1764 2361 misso
1793 2324 1862 2361 Oo-

322 2372 325 2374 ’
368 2373 559 2409 mentiolo
595 2377 735 2409 eontra
763 2373 1002 2419 Chaganum
1044 2383 1134 2408 eum
1162 2383 1386 2418 permagno
1428 2373 1610 2408 exercitu
1647 2373 1861 2408 mandasse

368 2423 509 2465 fertur,
543 2426 587 2456 ut
614 2421 805 2467 legiones,
845 2422 992 2466 quibus
1020 2421 1070 2456 ob
1105 2421 1322 2456 seditiones
1362 2420 1556 2465 quasdam
1597 2424 1635 2455 et
1666 2421 1861 2456 tumultus

310 2470 356 2504 10
368 2470 550 2504 infensus
578 2474 675 2513 erat,
702 2469 885 2504 hostibus
926 2469 1127 2515 proderet.
1178 2468 1322 2513 Itaque
1359 2472 1509 2503 temere
1548 2478 1637 2502 eum
1679 2468 1862 2503 barbaris

369 2527 611 2562 congressus
639 2516 912 2552 Comentiolus
938 2517 1024 2562 ipse
1052 2527 1142 2551 eum
1169 2516 1251 2551 suis
1277 2516 1430 2561 fugam,
1471 2526 1591 2560 quam
1619 2519 1713 2551 ante
1748 2527 1862 2561 para-

310 2565 352 2598 11
368 2567 494 2608 verat,
526 2565 709 2610 capessit,
737 2564 881 2600 ceteris
908 2564 1052 2610 partim
1080 2564 1220 2605 eaesis,
1246 2564 1390 2609 partim
1418 2564 1544 2609 captis
1571 2563 1622 2598 ad
1648 2573 1860 2599 numerum

310 2612 354 2646 12
369 2612 582 2647 duodecim
610 2613 772 2647 milium.
823 2612 880 2646 Ea
899 2612 1078 2647 *victoria
1102 2610 1319 2657 chaganus
1355 2611 1483 2646 elatus
1510 2621 1640 2656 usque
1681 2611 1731 2646 ad
1758 2610 1861 2647 Lon-

310 2659 354 2693 13
368 2670 462 2703 gum
492 2669 650 2694 murum
666 2660 871 2705 processit.
923 2659 1071 2694 Verum
1097 2669 1170 2694 rex
1185 2658 1344 2693 delectu
1358 2659 1494 2693 habito
1509 2659 1652 2693 milites
1679 2659 1731 2693 ad
1757 2660 1861 2694 muri

309 2706 354 2740 14
369 2707 645 2742 defensionem
672 2708 787 2742 misit.
837 2707 979 2752 Neque
1006 2717 1103 2742 vero
1131 2705 1314 2752 chagani
1340 2706 1413 2741 soli
1446 2706 1514 2740 filii
1541 2706 1778 2751 pestilentia,
1817 2710 1861 2741 ut

310 2754 516 2789 15dictum
545 2759 614 2798 est,
641 2755 787 2789 mortui
816 2759 909 2790 sunt
935 2754 1006 2790 sed
1041 2756 1081 2789 et
1106 2753 1287 2789 Avarum
1326 2754 1470 2799 ingens
1496 2753 1721 2788 multitudo.
1773 2753 1861 2795 Qua

310 2801 354 2835 16
369 2801 419 2836 de
456 2812 580 2837 eausa
615 2802 813 2837 barbarus
843 2803 976 2837 animo
1003 2811 1129 2847 aeger
1156 2801 1317 2836 domum
1345 2811 1567 2846 properans
1593 2800 1786 2836 Mauricio
1813 2802 1861 2836 si-

368 2849 544 2893 gnifieat,
572 2850 603 2883 si
628 2850 810 2894 captivos
837 2849 1034 2885 redimere
1061 2849 1166 2893 velit,
1193 2854 1237 2884 ut
1263 2850 1304 2883 in
1330 2849 1511 2894 singulos
1537 2848 1706 2884 solidum
1734 2858 1860 2883 unum

227 2896 281 2933 17.
312 2896 528 2942 lsspendat.
580 2896 807 2932 Rec-usante
834 2908 931 2943 rege
947 2897 1166 2943 Chagauus
1181 2897 1384 2932 semissem
1400 2896 1585 2942 postulat.
1637 2895 1734 2931 Cum
1765 2907 1860 2932 vero
