2054 3282
346 233 414 267 ‘232
703 230 883 267 ZONAR.
912 229 1041 265 El‘lT.
1069 228 1158 264 XIV
1185 228 1242 271 29,
1269 228 1421 273 26-23,
1447 227 1480 262 4.

345 354 492 408 μόνον,
525 353 626 394 ἀλλὰ
653 353 792 407 μέντοι
813 351 884 393 καὶ
906 352 949 392 ἐν
970 350 1177 402 κολάσεσι,
1209 349 1280 390 καὶ
1302 350 1352 390 οὐ
1375 348 1470 395 τοὺς
1490 349 1688 403 τυχόντας
1708 349 1842 403 μόνον

347 422 556 475 ἐκόλαζεν,
591 421 691 463 ἀλλὰ
725 421 796 461 καὶ
826 424 911 461 τῶν
942 419 1139 471 ὑπερλίαν
1172 419 1332 472 ἥπτετο,
1365 417 1427 463 ὡς
1451 418 1522 459 καὶ
1543 417 1671 472 αὐτὴν
1692 422 1841 472 τυπτῆ-

288 494 333 528 27
348 491 418 531 σαί
445 507 544 532 ποτε
575 491 648 544 τὴν
678 490 837 543 μητέρα
869 492 942 529 τοῦ
979 486 1278 541 βασιλεύοντος.
1341 485 1415 527 καί
1447 502 1533 527 τινα
1574 486 1618 527 δὲ
1654 485 1844 540 μοναχὸν

354 557 594 612 Θεοδόσιον,
627 558 857 611 ἔγκλειστον
878 556 975 610 πρὶν
997 556 1108 608 ὄντα,
1137 554 1298 608 γενικὸν
1319 555 1343 595 ὁ
1364 554 1555 608 βασιλεὺς
1575 554 1842 609 προεβάλετο,

348 627 419 668 καὶ
450 627 501 681 ἦν
534 624 625 668 οὐδ’
662 625 785 671 οὗτος
816 626 951 679 ἥττων
989 625 1045 670 εἰς
1083 623 1236 664 κακίαν
1271 628 1345 664 τοῦ
1383 623 1579 677 ἕκτομίου
1611 622 1881 677 Στεφάνου,5

290 699 337 734 28
348 695 517 737 πολλῶν
549 693 624 736 οὖν
654 691 754 747 παρ’
788 694 928 734 αὐτῶν
961 693 1109 734 δεινῶν
1131 693 1468 746 ἐπενηνεγμένων
1487 698 1549 746 τῷ
1570 692 1845 746 πολιτεύματι,

291 768 336 802 29
348 763 520 818 μισητός
566 764 718 804 ἅπασιν
762 763 785 804 ὁ
824 761 1110 807 Ἶουστινιανὸς
1154 761 1285 809 ἔδοξε.
1359 761 1430 802 τὸν
1475 765 1575 814 γοῦν
1619 759 1847 815 στρατηγὸν

350 831 547 873 Λεόντιον
578 832 623 879 ἕξ
654 830 856 877 ὑπονοίας
886 834 960 871 τοῦ
991 834 1062 885 τῆς
1092 830 1300 885 βασιλείας
1322 830 1512 884 ἐφίεσθαι
1533 829 1761 883 καθείρξας
1783 828 1848 870 ἐπὶ

352 900 429 941 δύο
462 900 683 948 ἐνιαυτούς,
727 900 899 953 ὕστερον
931 898 1124 953 ἐκβαλὼν
1155 898 1384 953 στρατηγὸν
1409 897 1610 943 Ἑλλάδος
1641 897 1845 952 ἐποίησεν.

292 969 375 1009 3Οὸ
409 968 454 1009 δὲ
485 968 652 1022 Παύλῳ
690 969 764 1009 τινὶ
801 973 982 1023 μοναχῷ
1018 967 1289 1021 ἀστρολογίαν
1319 967 1492 1021 μετιόντι
1523 967 1594 1008 καὶ
1624 966 1698 1020 τὴν
1729 966 1845 1020 βασι·
1865 969 1909 1004 10

309 1037 462 1078 Ολείαν
500 1038 856 1092 χρησμοδοτοῧντι
895 1038 1012 1091 αὐτῷ
1050 1052 1176 1091 φησιν
1215 1037 1276 1082 ὡς
1307 1036 1422 1090 “εῗγὼ
1455 1036 1536 1090 ἤδη
1569 1036 1710 1089 ἄπειμι
1739 1034 1848 1088 πρὸς

347 1105 545 1147 Ἑλλάδα·
591 1105 686 1147 οἶδα
725 1106 770 1148 δὲ
808 1106 868 1147 ὅτι
900 1106 924 1147 ὁ
955 1105 1146 1160 βασιλεὺς
1183 1105 1313 1146 στελεῖ
1338 1104 1434 1150 τοὺς
1466 1103 1765 1158 ἅναιρήσοντάς
1794 1120 1848 1157 με

293 1178 336 1213 31
354 1174 488 1216 ὀπίσω
531 1191 629 1228 μου.
691 1176 716 1216 ἃ
759 1175 803 1216 δὲ
842 1175 892 1216 σύ
929 1191 1003 1229 μοι
1046 1174 1286 1228 προῦλεγες,
1332 1173 1554 1227 οἴχονται.”
1615 1173 1639 1214 ὁ
1678 1172 1722 1214 δὲ
1758 1172 1846 1226 “μὴ

354 1243 687 1298 δειλανδρήσῃς”
718 1245 813 1298 ἔφη,
846 1240 964 1285 ςῗάλλ’
988 1244 1247 1297 ἐπιχείρησον
1275 1247 1324 1297 τῇ
1345 1242 1503 1295 πράξει,
1535 1241 1606 1283 καὶ
1627 1242 1706 1283 οὐκ
1729 1241 1848 1282 ἄστο-

294 1316 341 1352 32
353 1313 493 1366 χήσεις
538 1317 611 1354 τοῦ
659 1313 855 1366 ἐφετοῦ.”
920 1311 1183 1366 παραλαβὼν
1227 1310 1302 1352 οὖν
1346 1311 1370 1351 ὁ
1414 1310 1609 1356 Λεόντιος
1651 1309 1747 1356 τοὺς
1790 1309 1851 1355 οἷς
1868 1311 1910 1347 15

354 1382 526 1434 ἐθάρρει
563 1381 634 1422 καὶ
670 1380 743 1427 τὰς
781 1381 985 1435 δημοσίας
1018 1381 1247 1434 διαρρήξας
1278 1379 1441 1433 εἱρκτὰς
1471 1378 1567 1425 τοὺς
1598 1378 1850 1432 καθειργμέ-

294 1454 341 1490 33
355 1466 454 1496 νους
485 1450 697 1504 ἐξήγαγεν,
736 1451 792 1495 εἰς
823 1449 988 1504 πλῆθος
1018 1449 1357 1502 περιισταμένους
1387 1447 1508 1500 πολύ,
1549 1448 1592 1488 οἳ
1618 1447 1689 1488 καὶ
1719 1447 1776 1493 εἰς
1805 1445 1852 1487 τὸ

355 1520 464 1574 μέγα
495 1518 777 1572 παρελθόντες
807 1519 976 1572 τέμενος
1006 1522 1080 1560 τοῦ
1102 1518 1221 1572 θεοῦ,
1253 1517 1422 1558 πολλῶν
1443 1516 1513 1557 καὶ
1535 1515 1674 1557 ἄλλων
1695 1530 1851 1556 συνεισ-

355 1648 379 1710 J
405 1649 484 1693 περὶ
509 1648 692 1732 Λεοντιέτὲ
704 1653 765 1683 τοῦ
786 1652 980 1693 στρατηγοῦ
1009 1649 1082 1689 (τοῦ
1100 1661 1173 1692 στρ.
1191 1647 1299 1682 λεοντ.
1319 1646 1364 1690 Ε)
1387 1646 1447 1681 καὶ
1465 1647 1561 1684 ὅπως
1579 1645 1745 1690 ἐπανέστη
1763 1643 1854 1680 κατὰ

364 1699 602 1733 Ιουστινιανοῦ

432 1817 449 1850 1
477 1816 594 1860 μέντοι
623 1826 697 1850 om.
725 1815 761 1849 D
920 1815 942 1849 3
967 1829 1051 1849 ποτε
1079 1825 1152 1849 orn.
1182 1813 1212 1847 Ο
1365 1813 1388 1847 4
1415 1816 1509 1848 ante
1534 1814 1554 1847 ὁ
1580 1812 1670 1847 add.
1696 1811 1797 1850 οὗτος
1823 1811 1854 1847 Ο

432 1865 454 1899 6
479 1864 575 1908 αὐτῷ
603 1863 650 1908 D,
677 1874 778 1898 corr.
806 1862 874 1900 Dw
979 1862 1261 1906 ἑπενενηγμένων
1288 1859 1431 1906 w*pDi
1540 1860 1561 1895 7
1586 1865 1690 1894 πᾶσιν
1715 1861 1736 1894 ὁ
1759 1859 1855 1894 αὐτο-

432 1912 577 1956 κράτωρ
602 1912 776 1955 μεμίσητο
803 1911 834 1946 O
931 1911 1030 1951 ἔδοξε
1055 1908 1220 1954 EwpDz‘,
1246 1910 1366 1949 ἔδοξεν
1385 1908 1430 1951 A,
1458 1908 1527 1944 sed
1547 1919 1583 1942 V.
1604 1908 1656 1942 ad
1673 1907 1770 1942 XIII
1791 1907 1820 1951 l,
1835 1907 1856 1942 5

435 1960 480 1994 10
505 1960 750 2004 στρατολογίαν
775 1958 804 1994 C
905 1959 947 1992 12
973 1958 1120 1992 ἑλλάόαν
1146 1957 1177 1991 Ε
1286 1957 1306 1990 ό
1334 1967 1408 1991 om.
1437 1956 1466 1990 B
1578 1956 1623 1990 14
1647 1955 1858 2000 ἐπιχείρισον

433 2007 520 2051 (Sic)
546 2006 582 2041 A
681 2007 726 2041 18
751 2007 1024 2051 συνειςρεόντων
1050 2005 1146 2050 Ewp

364 2139 545 2185 plebeios
572 2138 795 2180 dumtaxat,
822 2137 892 2173 sed
919 2136 1217 2183 potentissimos
1257 2136 1375 2170 etiam
1403 2135 1634 2178 invadebat,
1674 2133 1777 2169 adeo
1815 2137 1860 2168 ut

304 2184 350 2219 27
366 2189 405 2221 et
431 2187 558 2232 ipsam
587 2186 697 2231 regis
730 2189 898 2220 matrem
925 2184 1144 2230 aliquando
1172 2183 1418 2218 verberaret.
1470 2182 1518 2217 Et
1555 2193 1629 2217 rex
1657 2181 1858 2227 quendam

364 2234 606 2269 monachum
646 2243 810 2278 quoque
848 2232 1133 2275 Theodosium,
1172 2231 1326 2276 pridem
1365 2230 1574 2274 inclusum,
1612 2229 1860 2275 logothetam

366 2282 512 2317 aerarii
527 2281 759 2327 generalem
776 2280 1017 2326 designavit,
1033 2280 1101 2325 qui
1115 2289 1190 2314 nec
1205 2279 1290 2324 ipse
1305 2278 1561 2323 improbitate
1576 2276 1762 2312 eunucho
1778 2275 1860 2312 Sto-

305 2329 352 2362 ⁴28
367 2330 501 2375 phano
529 2329 710 2364 cedebat.
761 2328 860 2364 Cum
887 2332 1022 2363 autem
1049 2327 1101 2362 ab
1119 2327 1167 2362 iis
1185 2326 1414 2371 respublica
1431 2325 1565 2360 multis
1583 2324 1696 2359 malis
1714 2324 1859 2359 affecta

306 2375 353 2411 29
367 2380 482 2420 esset,
508 2387 581 2412 rex
610 2377 786 2412 omnium
814 2375 907 2411 odia
933 2375 1120 2420 suscepit.
1170 2373 1383 2409 Leontium
1406 2383 1502 2407 vero
1522 2373 1665 2407 ducem
1684 2371 1733 2406 de
1752 2371 1859 2416 cupi-

368 2425 493 2460 ditate
517 2425 674 2470 imperii
700 2426 930 2469 suspectum
959 2423 1165 2458 biennium
1197 2422 1237 2456 in
1269 2420 1440 2455 vinculis
1473 2420 1622 2463 habuit,
1661 2422 1752 2464 post
1783 2419 1858 2454 eie-

307 2471 354 2506 30
368 2477 474 2508 ctum
490 2471 687 2507 Graeciae
706 2472 850 2506 ducem
865 2471 971 2506 fecit.
1009 2470 1046 2505 Is
1061 2469 1186 2504 Paulo
1203 2469 1361 2503 cuidam
1381 2467 1577 2503 monacho
1597 2466 1858 2512 astrologiam

368 2520 557 2555 tractanti
584 2523 622 2555 ct
648 2519 860 2564 imperium
889 2519 964 2553 sibi
982 2517 1219 2552 vaticinanti
1236 2517 1258 2529 ‘⁶
1267 2516 1353 2561 Ego
1364 2515 1386 2527 ³'
1401 2516 1531 2560 inquit
1548 2515 1658 2549 “iam
1677 2514 1797 2548 abibo
1818 2514 1859 2548 in

369 2567 603 2611 Graeciam3
631 2567 712 2602 scio
727 2576 867 2612 regem
892 2566 988 2600 mihi
1002 2574 1261 2611 percussores
1288 2566 1442 2608 atergo
1470 2572 1557 2597 esse
1571 2562 1860 2605 immissurumg

308 2614 353 2649 31
370 2625 418 2650 ea
445 2625 553 2658 vero,
581 2624 687 2660 quae
712 2618 757 2649 tu
781 2614 876 2648 mihi
903 2612 1203 2653 vaticinabaris‚
1236 2611 1346 2646 nihili
1374 2609 1528 2645 crunt.³'
1553 2609 1626 2645 Cui
1652 2609 1716 2644 ille
1741 2608 1862 2644 “Ne'’

369 2663 499 2707 inquit
524 2662 784 2697 “effeminato
813 2662 865 2696 sis
891 2661 1037 2704 animo,
1064 2659 1134 2694 sed
1160 2669 1243 2694 rem
1271 2662 1434 2693 strenue
1450 2657 1703 2701 administra3
1728 2666 1861 2702 neque

309 2709 354 2743 32
369 2711 497 2755 impos
523 2710 607 2744 voti
633 2709 742 2744 fies.”
788 2708 984 2744 Leontius
1016 2708 1142 2753 igitur
1164 2706 1363 2741 fidissimis
1391 2705 1619 2750 quibusque
1646 2703 1861 2749 assumptis

371 2760 410 2792 et
435 2757 606 2802 publicis
633 2757 864 2792 carceribus
890 2756 1030 2801 ruptis,
1068 2764 1258 2800 magnam
1286 2754 1538 2798 captivorum
1565 2751 1860 2786 multitudinem

310 2804 356 2839 33
371 2804 522 2848 eduxit,
550 2805 618 2849 qui
644 2805 686 2838 in
712 2814 905 2849 magnum
933 2803 995 2838 dei
1015 2802 1206 2848 templum
1225 2801 1441 2846 progressi,
1469 2800 1602 2834 multis
1628 2799 1748 2834 etiam
1774 2798 1862 2833 aliis

371 2852 678 2895 confluentibus,
717 2851 983 2886 Iustinianum
1016 2849 1238 2885 maledictis
1262 2848 1446 2883 insectati
1472 2847 1687 2882 Leontium
1718 2846 1862 2880 faustis

371 2899 571 2934 ominibus
597 2899 801 2944 prosecuti
827 2902 930 2942 sunt,
966 2897 1156 2934 Callinico
1183 2896 1412 2942 patriarcha
1439 2905 1601 2940 quoque
1627 2894 1860 2929 adiuvante.
