<?xml version="1.0" encoding="UTF-8"?>
<!DOCTYPE html PUBLIC "-//W3C//DTD XHTML 1.0 Transitional//EN"
    "http://www.w3.org/TR/xhtml1/DTD/xhtml1-transitional.dtd">
<html xmlns="http://www.w3.org/1999/xhtml" xml:lang="en" lang="en">
 <head>
  <title>
</title>
<meta http-equiv="Content-Type" content="text/html;charset=utf-8" />
  <meta name='ocr-system' content='tesseract 3.04.00' />
  <meta name='ocr-capabilities' content='ocr_page ocr_carea ocr_par ocr_line ocrx_word'/>
</head>
<body>
  <div class='ocr_page' id='page_1' title='image "./corpusscriptorum31niebuoft/corpusscriptorum31niebuoft_0647.png"; bbox 0 0 2054 3282; ppageno 0'>
   <div class='ocr_carea' id='block_1_1' title="bbox 585 261 1729 305">
    <p class='ocr_par' dir='ltr' id='par_1_1' title="bbox 585 261 1729 305">
     <span class='ocr_line' id='line_1_1' title="bbox 585 261 1729 305; baseline -0.003 -2"><span class='ocrx_word' id='word_1_1' title='bbox 585 264 849 305; x_wconf 87' lang='lat' dir='ltr'>MANIACES</span> <span class='ocrx_word' id='word_1_2' title='bbox 875 262 1136 304; x_wconf 80' lang='lat' dir='ltr'>GEORGIVS</span> <span class='ocrx_word' id='word_1_3' title='bbox 1161 262 1384 303; x_wconf 85' lang='lat' dir='ltr'>DEFICIT.</span> <span class='ocrx_word' id='word_1_4' title='bbox 1661 261 1729 300; x_wconf 79' lang='lat'><strong><em>621</em></strong></span> 
     </span>
    </p>
   </div>
   <div class='ocr_carea' id='block_1_2' title="bbox 181 386 1826 1610">
    <p class='ocr_par' dir='ltr' id='par_1_2' title="bbox 181 386 1826 1610">
     <span class='ocr_line' id='line_1_2' title="bbox 236 386 1792 444; baseline -0.003 -13"><span class='ocrx_word' id='word_1_5' title='bbox 236 387 422 444; x_wconf 86' lang='grc' dir='ltr'><strong><em>βώσατο.</em></strong></span> <span class='ocrx_word' id='word_1_6' title='bbox 484 388 572 431; x_wconf 79' lang='grc' dir='ltr'><strong><em>ἀλλ’</em></strong></span> <span class='ocrx_word' id='word_1_7' title='bbox 605 390 741 436; x_wconf 80' lang='grc' dir='ltr'><strong><em>οὕτως</em></strong></span> <span class='ocrx_word' id='word_1_8' title='bbox 773 390 929 444; x_wconf 82' lang='grc' dir='ltr'><strong><em>ἔχουσα</em></strong></span> <span class='ocrx_word' id='word_1_9' title='bbox 959 387 1032 430; x_wconf 84' lang='grc' dir='ltr'><strong><em>καὶ</em></strong></span> <span class='ocrx_word' id='word_1_10' title='bbox 1061 389 1118 435; x_wconf 82' lang='grc' dir='ltr'><strong><em>εἷς</em></strong></span> <span class='ocrx_word' id='word_1_11' title='bbox 1147 387 1271 430; x_wconf 87' lang='grc' dir='ltr'><strong><em>τόσον</em></strong></span> <span class='ocrx_word' id='word_1_12' title='bbox 1301 386 1523 442; x_wconf 83' lang='grc' dir='ltr'><strong><em>εὖκληρίας</em></strong></span> <span class='ocrx_word' id='word_1_13' title='bbox 1554 386 1730 440; x_wconf 78' lang='grc' dir='ltr'><em>ἀρθεῖσα</em></span> <span class='ocrx_word' id='word_1_14' title='bbox 1745 390 1792 426; x_wconf 82' lang='lat'><strong><em>28</em></strong></span> 
     </span>
     <span class='ocr_line' id='line_1_3' title="bbox 237 454 1731 512; baseline -0.001 -14"><span class='ocrx_word' id='word_1_15' title='bbox 237 457 309 499; x_wconf 84' lang='grc' dir='ltr'><strong><em>καὶ</em></strong></span> <span class='ocrx_word' id='word_1_16' title='bbox 338 458 535 512; x_wconf 84' lang='grc' dir='ltr'><strong><em>μείζονας</em></strong></span> <span class='ocrx_word' id='word_1_17' title='bbox 566 455 603 500; x_wconf 86' lang='grc' dir='ltr'><strong><em>δ’</em></strong></span> <span class='ocrx_word' id='word_1_18' title='bbox 637 458 806 504; x_wconf 81' lang='grc' dir='ltr'><em>ἐλπίδας</em></span> <span class='ocrx_word' id='word_1_19' title='bbox 840 454 941 511; x_wconf 75' lang='grc' dir='ltr'><strong><em>παρ’</em></strong></span> <span class='ocrx_word' id='word_1_20' title='bbox 975 457 1101 512; x_wconf 84' lang='grc' dir='ltr'><strong><em>ἑαυτῇ</em></strong></span> <span class='ocrx_word' id='word_1_21' title='bbox 1137 456 1362 498; x_wconf 73' lang='grc' dir='ltr'><em>θάλπουσα</em></span> <span class='ocrx_word' id='word_1_22' title='bbox 1399 455 1565 510; x_wconf 84' lang='grc' dir='ltr'><strong><em>ἀθρόον</em></strong></span> <span class='ocrx_word' id='word_1_23' title='bbox 1602 455 1731 509; x_wconf 85' lang='grc' dir='ltr'><strong><em>ἀναρ-</em></strong></span> 
     </span>
     <span class='ocr_line' id='line_1_4' title="bbox 237 523 1731 581; baseline -0.001 -15"><span class='ocrx_word' id='word_1_24' title='bbox 237 526 407 574; x_wconf 84' lang='grc' dir='ltr'><strong><em>πάζεται</em></strong></span> <span class='ocrx_word' id='word_1_25' title='bbox 427 525 542 580; x_wconf 88' lang='grc' dir='ltr'><strong><em>νόσῳ</em></strong></span> <span class='ocrx_word' id='word_1_26' title='bbox 563 526 634 568; x_wconf 85' lang='grc' dir='ltr'><strong><em>καὶ</em></strong></span> <span class='ocrx_word' id='word_1_27' title='bbox 654 526 840 581; x_wconf 75' lang='grc' dir='ltr'><em>θνήσκει,</em></span> <span class='ocrx_word' id='word_1_28' title='bbox 865 526 973 580; x_wconf 79' lang='grc' dir='ltr'><strong><em>μέγα</em></strong></span> <span class='ocrx_word' id='word_1_29' title='bbox 995 525 1155 571; x_wconf 87' lang='grc' dir='ltr'><strong><em>πένθος</em></strong></span> <span class='ocrx_word' id='word_1_30' title='bbox 1175 524 1458 566; x_wconf 82' lang='grc' dir='ltr'><strong><em>καταλιποῦσα</em></strong></span> <span class='ocrx_word' id='word_1_31' title='bbox 1480 529 1541 578; x_wconf 81' lang='grc' dir='ltr'><strong><em>τῷ</em></strong></span> <span class='ocrx_word' id='word_1_32' title='bbox 1561 523 1731 578; x_wconf 82' lang='grc' dir='ltr'><strong><em>βασιλεῖ.</em></strong></span> 
     </span>
     <span class='ocr_line' id='line_1_5' title="bbox 359 591 1804 650; baseline -0.001 -14"><span class='ocrx_word' id='word_1_33' title='bbox 359 594 442 636; x_wconf 81' lang='grc' dir='ltr'><strong><em>Καὶ</em></strong></span> <span class='ocrx_word' id='word_1_34' title='bbox 463 595 488 649; x_wconf 84' lang='grc' dir='ltr'>ἡ</span> <span class='ocrx_word' id='word_1_35' title='bbox 509 594 588 649; x_wconf 81' lang='grc' dir='ltr'><strong><em>μὲν</em></strong></span> <span class='ocrx_word' id='word_1_36' title='bbox 609 594 784 650; x_wconf 84' lang='grc' dir='ltr'><strong><em>ἀπῆλθε,</em></strong></span> <span class='ocrx_word' id='word_1_37' title='bbox 816 598 878 648; x_wconf 78' lang='grc' dir='ltr'><strong><em>τῷ</em></strong></span> <span class='ocrx_word' id='word_1_38' title='bbox 907 594 952 636; x_wconf 87' lang='grc' dir='ltr'><strong><em>δὲ</em></strong></span> <span class='ocrx_word' id='word_1_39' title='bbox 982 594 1144 648; x_wconf 88' lang='grc' dir='ltr'><strong><em>βασιλεῖ</em></strong></span> <span class='ocrx_word' id='word_1_40' title='bbox 1168 593 1352 647; x_wconf 86' lang='grc' dir='ltr'><strong><em>πόλεμος</em></strong></span> <span class='ocrx_word' id='word_1_41' title='bbox 1383 592 1564 647; x_wconf 85' lang='grc' dir='ltr'><strong><em>ἐπῆλθεν</em></strong></span> <span class='ocrx_word' id='word_1_42' title='bbox 1596 591 1732 646; x_wconf 84' lang='grc' dir='ltr'><strong><em>ἐμφύ-</em></strong></span> <span class='ocrx_word' id='word_1_43' title='bbox 1747 591 1804 634; x_wconf 80' lang='grc'><strong><em>22</em></strong></span> 
     </span>
     <span class='ocr_line' id='line_1_6' title="bbox 202 659 1826 717; baseline -0.002 -12"><span class='ocrx_word' id='word_1_44' title='bbox 202 662 338 709; x_wconf 76' lang='grc' dir='ltr'><strong><em>ὂλιος.</em></strong></span> <span class='ocrx_word' id='word_1_45' title='bbox 400 663 425 704; x_wconf 83' lang='grc' dir='ltr'>ὁ</span> <span class='ocrx_word' id='word_1_46' title='bbox 461 663 541 717; x_wconf 83' lang='grc' dir='ltr'><strong><em>γάρ</em></strong></span> <span class='ocrx_word' id='word_1_47' title='bbox 578 678 639 705; x_wconf 92' lang='grc' dir='ltr'><strong><em>τοι</em></strong></span> <span class='ocrx_word' id='word_1_48' title='bbox 675 663 901 717; x_wconf 85' lang='grc' dir='ltr'><strong><em>Μανιάκης</em></strong></span> <span class='ocrx_word' id='word_1_49' title='bbox 936 661 981 703; x_wconf 89' lang='grc' dir='ltr'><em>Γ</em></span> <span class='ocrx_word' id='word_1_50' title='bbox 974 663 1164 716; x_wconf 81' lang='grc' dir='ltr'><strong><em>εώργιος,</em></strong></span> <span class='ocrx_word' id='word_1_51' title='bbox 1209 661 1316 716; x_wconf 85' lang='grc' dir='ltr'><strong><em>ἀνὴρ</em></strong></span> <span class='ocrx_word' id='word_1_52' title='bbox 1359 660 1431 702; x_wconf 80' lang='grc' dir='ltr'><strong><em>καὶ</em></strong></span> <span class='ocrx_word' id='word_1_53' title='bbox 1473 660 1548 715; x_wconf 87' lang='grc' dir='ltr'><strong><em>τὴν</em></strong></span> <span class='ocrx_word' id='word_1_54' title='bbox 1589 659 1769 715; x_wconf 71' lang='grc' dir='ltr'><strong><em>ψυχὴν-2</em></strong></span> <span class='ocrx_word' id='word_1_55' title='bbox 1797 664 1826 702; x_wconf 91' lang='lat' dir='ltr'>C</span> 
     </span>
     <span class='ocr_line' id='line_1_7' title="bbox 237 722 1733 786; baseline -0.002 -14"><span class='ocrx_word' id='word_1_56' title='bbox 237 730 528 785; x_wconf 78' lang='grc' dir='ltr'><strong><em>ἀνδρειότατος</em></strong></span> <span class='ocrx_word' id='word_1_57' title='bbox 568 722 663 785; x_wconf 57' lang='grc' dir='ltr'><strong><em>τῆν’</em></strong></span> <span class='ocrx_word' id='word_1_58' title='bbox 685 731 803 786; x_wconf 87' lang='grc' dir='ltr'><strong><em>χεῖρά</em></strong></span> <span class='ocrx_word' id='word_1_59' title='bbox 841 747 884 772; x_wconf 89' lang='grc' dir='ltr'><strong><em>τε</em></strong></span> <span class='ocrx_word' id='word_1_60' title='bbox 923 730 1206 784; x_wconf 82' lang='grc' dir='ltr'><strong><em>γενναιότατος</em></strong></span> <span class='ocrx_word' id='word_1_61' title='bbox 1241 730 1313 772; x_wconf 81' lang='grc' dir='ltr'><strong><em>καὶ</em></strong></span> <span class='ocrx_word' id='word_1_62' title='bbox 1349 732 1588 784; x_wconf 81' lang='grc' dir='ltr'><strong><em>στρατηγεῖν</em></strong></span> <span class='ocrx_word' id='word_1_63' title='bbox 1628 728 1733 777; x_wconf 84' lang='grc' dir='ltr'><strong><em>δεξι-</em></strong></span> 
     </span>
     <span class='ocr_line' id='line_1_8' title="bbox 239 797 1735 854; baseline -0.001 -14"><span class='ocrx_word' id='word_1_64' title='bbox 239 800 412 854; x_wconf 82' lang='grc' dir='ltr'><strong><em>ώτατος,</em></strong></span> <span class='ocrx_word' id='word_1_65' title='bbox 455 799 571 854; x_wconf 82' lang='grc' dir='ltr'><strong><em>παρὰ</em></strong></span> <span class='ocrx_word' id='word_1_66' title='bbox 606 803 695 841; x_wconf 88' lang='grc' dir='ltr'><strong><em>ταῖν</em></strong></span> <span class='ocrx_word' id='word_1_67' title='bbox 732 799 974 854; x_wconf 81' lang='grc' dir='ltr'><strong><em>βασιλίδαιν,</em></strong></span> <span class='ocrx_word' id='word_1_68' title='bbox 1020 797 1079 841; x_wconf 84' lang='grc' dir='ltr'><strong><em>ὅτ’</em></strong></span> <span class='ocrx_word' id='word_1_69' title='bbox 1113 800 1262 841; x_wconf 83' lang='grc' dir='ltr'><strong><em>ἐκεῖναι</em></strong></span> <span class='ocrx_word' id='word_1_70' title='bbox 1298 803 1383 845; x_wconf 90' lang='grc' dir='ltr'><strong><em>τοῖς</em></strong></span> <span class='ocrx_word' id='word_1_71' title='bbox 1418 802 1490 853; x_wconf 89' lang='grc' dir='ltr'><strong><em>τῆς</em></strong></span> <span class='ocrx_word' id='word_1_72' title='bbox 1526 797 1735 853; x_wconf 83' lang='grc' dir='ltr'><strong><em>βασιλείας</em></strong></span> 
     </span>
     <span class='ocr_line' id='line_1_9' title="bbox 237 862 1736 923; baseline -0.001 -15"><span class='ocrx_word' id='word_1_73' title='bbox 237 862 478 922; x_wconf 81' lang='grc' dir='ltr'><strong><em>πράγμασιν</em></strong></span> <span class='ocrx_word' id='word_1_74' title='bbox 520 868 828 923; x_wconf 75' lang='grc' dir='ltr'><strong><em>ἐφειστήκεσαν,</em></strong></span> <span class='ocrx_word' id='word_1_75' title='bbox 876 868 933 914; x_wconf 82' lang='grc' dir='ltr'><strong><em>εἰς</em></strong></span> <span class='ocrx_word' id='word_1_76' title='bbox 973 867 1145 909; x_wconf 81' lang='grc' dir='ltr'><strong><em>Ἰταλίαν</em></strong></span> <span class='ocrx_word' id='word_1_77' title='bbox 1189 867 1401 922; x_wconf 79' lang='grc' dir='ltr'><strong><em>πεμφθεὶς</em></strong></span> <span class='ocrx_word' id='word_1_78' title='bbox 1445 865 1736 921; x_wconf 83' lang='grc' dir='ltr'><strong><em>πολεμησείων</em></strong></span> 
     </span>
     <span class='ocr_line' id='line_1_10' title="bbox 238 934 1735 991; baseline -0.002 -13"><span class='ocrx_word' id='word_1_79' title='bbox 238 940 324 982; x_wconf 90' lang='grc' dir='ltr'><strong><em>τοῖς</em></strong></span> <span class='ocrx_word' id='word_1_80' title='bbox 354 936 461 991; x_wconf 83' lang='grc' dir='ltr'><strong><em>αὐτῇ</em></strong></span> <span class='ocrx_word' id='word_1_81' title='bbox 491 936 786 991; x_wconf 83' lang='grc' dir='ltr'><strong><em>ἐπεμβαίνουσι</em></strong></span> <span class='ocrx_word' id='word_1_82' title='bbox 817 936 888 978; x_wconf 80' lang='grc' dir='ltr'><strong><em>καὶ</em></strong></span> <span class='ocrx_word' id='word_1_83' title='bbox 918 937 1069 991; x_wconf 90' lang='grc' dir='ltr'><strong><em>ταύτης</em></strong></span> <span class='ocrx_word' id='word_1_84' title='bbox 1100 936 1440 990; x_wconf 85' lang='grc' dir='ltr'><strong><em>οἷκειωσαμὲνοις</em></strong></span> <span class='ocrx_word' id='word_1_85' title='bbox 1472 935 1558 976; x_wconf 82' lang='grc' dir='ltr'><strong><em>ἔνια</em></strong></span> <span class='ocrx_word' id='word_1_86' title='bbox 1589 934 1660 976; x_wconf 83' lang='grc' dir='ltr'><strong><em>καὶ</em></strong></span> <span class='ocrx_word' id='word_1_87' title='bbox 1684 938 1735 989; x_wconf 85' lang='grc' dir='ltr'><strong><em>τῇ</em></strong></span> 
     </span>
     <span class='ocr_line' id='line_1_11' title="bbox 181 1003 1735 1060; baseline -0.002 -14"><span class='ocrx_word' id='word_1_88' title='bbox 181 1014 226 1049; x_wconf 88' lang='grc'><strong><em>10</em></strong></span> <span class='ocrx_word' id='word_1_89' title='bbox 238 1008 325 1046; x_wconf 89' lang='grc' dir='ltr'><strong><em>τῶν</em></strong></span> <span class='ocrx_word' id='word_1_90' title='bbox 355 1004 579 1060; x_wconf 89' lang='grc' dir='ltr'><strong><em>Ῥωμαίων</em></strong></span> <span class='ocrx_word' id='word_1_91' title='bbox 618 1003 744 1051; x_wconf 84' lang='grc' dir='ltr'><strong><em>αὖθις</em></strong></span> <span class='ocrx_word' id='word_1_92' title='bbox 781 1005 982 1059; x_wconf 82' lang='grc' dir='ltr'><strong><em>ἡγεμονίᾳ</em></strong></span> <span class='ocrx_word' id='word_1_93' title='bbox 1026 1004 1318 1046; x_wconf 86' lang='grc' dir='ltr'><strong><em>ἐπανασώσων</em></strong></span> <span class='ocrx_word' id='word_1_94' title='bbox 1360 1003 1479 1058; x_wconf 76' lang='grc' dir='ltr'><strong><em>αὐτά,</em></strong></span> <span class='ocrx_word' id='word_1_95' title='bbox 1523 1006 1608 1049; x_wconf 91' lang='grc' dir='ltr'><strong><em>τοῖς</em></strong></span> <span class='ocrx_word' id='word_1_96' title='bbox 1649 1006 1735 1044; x_wconf 89' lang='grc' dir='ltr'><strong><em>τῶν</em></strong></span> 
     </span>
     <span class='ocr_line' id='line_1_12' title="bbox 234 1070 1770 1128; baseline -0.002 -13"><span class='ocrx_word' id='word_1_97' title='bbox 234 1073 458 1128; x_wconf 91' lang='grc' dir='ltr'><strong><em>Ῥωμαίων</em></strong></span> <span class='ocrx_word' id='word_1_98' title='bbox 488 1073 775 1127; x_wconf 84' lang='grc' dir='ltr'><strong><em>ἀντιπολέμοις</em></strong></span> <span class='ocrx_word' id='word_1_99' title='bbox 810 1073 1139 1115; x_wconf 74' lang='grc' dir='ltr'><strong><em>ἀντικαθίστατο.</em></strong></span> <span class='ocrx_word' id='word_1_100' title='bbox 1202 1073 1288 1114; x_wconf 84' lang='grc' dir='ltr'><strong><em>ἐπεὶ</em></strong></span> <span class='ocrx_word' id='word_1_101' title='bbox 1320 1072 1366 1114; x_wconf 86' lang='grc' dir='ltr'><strong><em>δὲ</em></strong></span> <span class='ocrx_word' id='word_1_102' title='bbox 1397 1072 1454 1119; x_wconf 83' lang='grc' dir='ltr'><strong><em>εἷς</em></strong></span> <span class='ocrx_word' id='word_1_103' title='bbox 1483 1071 1554 1113; x_wconf 88' lang='grc' dir='ltr'><strong><em>τὸν</em></strong></span> <span class='ocrx_word' id='word_1_104' title='bbox 1586 1070 1733 1113; x_wconf 91' lang='grc' dir='ltr'><strong><em>Μονο-</em></strong></span> <span class='ocrx_word' id='word_1_105' title='bbox 1747 1077 1770 1112; x_wconf 89' lang='grc'><strong>3</strong></span> 
     </span>
     <span class='ocr_line' id='line_1_13' title="bbox 238 1139 1735 1198; baseline -0.002 -14"><span class='ocrx_word' id='word_1_106' title='bbox 238 1142 378 1198; x_wconf 89' lang='grc' dir='ltr'><strong><em>μάχον</em></strong></span> <span class='ocrx_word' id='word_1_107' title='bbox 417 1142 442 1184; x_wconf 87' lang='grc' dir='ltr'>ὁ</span> <span class='ocrx_word' id='word_1_108' title='bbox 479 1146 552 1198; x_wconf 86' lang='grc' dir='ltr'><strong><em>τῆς</em></strong></span> <span class='ocrx_word' id='word_1_109' title='bbox 593 1142 802 1197; x_wconf 86' lang='grc' dir='ltr'><strong><em>βασιλείας</em></strong></span> <span class='ocrx_word' id='word_1_110' title='bbox 844 1142 961 1190; x_wconf 83' lang='grc' dir='ltr'><strong><em>ἄξων</em></strong></span> <span class='ocrx_word' id='word_1_111' title='bbox 1006 1141 1326 1196; x_wconf 85' lang='grc' dir='ltr'><strong><em>μετακεκύλιστο</em></strong></span> <span class='ocrx_word' id='word_1_112' title='bbox 1369 1140 1441 1182; x_wconf 84' lang='grc' dir='ltr'><strong><em>καὶ</em></strong></span> <span class='ocrx_word' id='word_1_113' title='bbox 1477 1140 1501 1182; x_wconf 86' lang='grc' dir='ltr'>ὁ</span> <span class='ocrx_word' id='word_1_114' title='bbox 1536 1139 1735 1195; x_wconf 84' lang='grc' dir='ltr'><strong><em>Σκληρός</em></strong></span> 
     </span>
     <span class='ocr_line' id='line_1_14' title="bbox 235 1208 1732 1266; baseline -0.001 -15"><span class='ocrx_word' id='word_1_115' title='bbox 235 1210 454 1265; x_wconf 89' lang='grc' dir='ltr'><strong><em>Ῥωμανός</em></strong></span> <span class='ocrx_word' id='word_1_116' title='bbox 499 1209 700 1266; x_wconf 86' lang='grc' dir='ltr'><strong><em>(ἀδελφὸς</em></strong></span> <span class='ocrx_word' id='word_1_117' title='bbox 739 1208 776 1252; x_wconf 89' lang='grc' dir='ltr'><strong><em>δ’</em></strong></span> <span class='ocrx_word' id='word_1_118' title='bbox 809 1209 862 1266; x_wconf 86' lang='grc' dir='ltr'><strong><em>ἦν</em></strong></span> <span class='ocrx_word' id='word_1_119' title='bbox 898 1210 923 1252; x_wconf 84' lang='grc' dir='ltr'>ὁ</span> <span class='ocrx_word' id='word_1_120' title='bbox 954 1210 1062 1265; x_wconf 88' lang='grc' dir='ltr'><strong><em>ἀνὴρ</em></strong></span> <span class='ocrx_word' id='word_1_121' title='bbox 1098 1214 1171 1265; x_wconf 88' lang='grc' dir='ltr'><strong><em>τῆς</em></strong></span> <span class='ocrx_word' id='word_1_122' title='bbox 1209 1210 1427 1264; x_wconf 78' lang='grc' dir='ltr'><strong><em>ἐρωμένης</em></strong></span> <span class='ocrx_word' id='word_1_123' title='bbox 1462 1213 1525 1263; x_wconf 80' lang='grc' dir='ltr'><strong><em>τῷ</em></strong></span> <span class='ocrx_word' id='word_1_124' title='bbox 1560 1208 1732 1263; x_wconf 83' lang='grc' dir='ltr'><strong><em>βασιλεῖ)</em></strong></span> 
     </span>
     <span class='ocr_line' id='line_1_15' title="bbox 239 1277 1734 1334; baseline -0.002 -13"><span class='ocrx_word' id='word_1_125' title='bbox 239 1280 348 1334; x_wconf 85' lang='grc' dir='ltr'><strong><em>μέγα</em></strong></span> <span class='ocrx_word' id='word_1_126' title='bbox 393 1279 593 1334; x_wconf 85' lang='grc' dir='ltr'><strong><em>δεδύνητο</em></strong></span> <span class='ocrx_word' id='word_1_127' title='bbox 633 1278 700 1320; x_wconf 85' lang='grc' dir='ltr'><strong><em>διὰ</em></strong></span> <span class='ocrx_word' id='word_1_128' title='bbox 737 1278 812 1334; x_wconf 87' lang='grc' dir='ltr'><strong><em>τὴν</em></strong></span> <span class='ocrx_word' id='word_1_129' title='bbox 850 1279 1063 1333; x_wconf 86' lang='grc' dir='ltr'><strong><em>ὁμαίμονα</em></strong></span> <span class='ocrx_word' id='word_1_130' title='bbox 1101 1278 1172 1320; x_wconf 84' lang='grc' dir='ltr'><strong><em>καὶ</em></strong></span> <span class='ocrx_word' id='word_1_131' title='bbox 1209 1278 1435 1332; x_wconf 83' lang='grc' dir='ltr'><strong><em>μάγιστρος</em></strong></span> <span class='ocrx_word' id='word_1_132' title='bbox 1465 1277 1536 1319; x_wconf 80' lang='grc' dir='ltr'><strong><em>καὶ</em></strong></span> <span class='ocrx_word' id='word_1_133' title='bbox 1566 1292 1734 1332; x_wconf 87' lang='grc' dir='ltr'><strong><em>πρωτο-</em></strong></span> 
     </span>
     <span class='ocr_line' id='line_1_16' title="bbox 181 1346 1786 1403; baseline -0.004 -10"><span class='ocrx_word' id='word_1_134' title='bbox 181 1357 226 1393; x_wconf 79' lang='lat'><strong><em>15</em></strong></span> <span class='ocrx_word' id='word_1_135' title='bbox 241 1348 432 1403; x_wconf 86' lang='grc' dir='ltr'><strong><em>στράτωρ</em></strong></span> <span class='ocrx_word' id='word_1_136' title='bbox 463 1348 660 1403; x_wconf 84' lang='grc' dir='ltr'><strong><em>τετίμητο,</em></strong></span> <span class='ocrx_word' id='word_1_137' title='bbox 691 1352 754 1402; x_wconf 79' lang='grc' dir='ltr'><strong><em>τῷ</em></strong></span> <span class='ocrx_word' id='word_1_138' title='bbox 783 1347 889 1390; x_wconf 85' lang='grc' dir='ltr'><strong><em>κατὰ</em></strong></span> <span class='ocrx_word' id='word_1_139' title='bbox 920 1347 967 1389; x_wconf 87' lang='grc' dir='ltr'><strong><em>τὸ</em></strong></span> <span class='ocrx_word' id='word_1_140' title='bbox 999 1348 1113 1402; x_wconf 83' lang='grc' dir='ltr'><strong><em>θέμα</em></strong></span> <span class='ocrx_word' id='word_1_141' title='bbox 1144 1350 1230 1388; x_wconf 89' lang='grc' dir='ltr'><strong><em>τῶν</em></strong></span> <span class='ocrx_word' id='word_1_142' title='bbox 1255 1346 1513 1388; x_wconf 82' lang='grc' dir='ltr'><strong><em>ἀνατολικῶν</em></strong></span> <span class='ocrx_word' id='word_1_143' title='bbox 1534 1347 1641 1399; x_wconf 88' lang='grc' dir='ltr'><strong><em>οἴκῳ</em></strong></span> <span class='ocrx_word' id='word_1_144' title='bbox 1662 1349 1735 1387; x_wconf 84' lang='grc' dir='ltr'><strong><em>τοῦ</em></strong></span> <span class='ocrx_word' id='word_1_145' title='bbox 1751 1352 1786 1387; x_wconf 95' lang='lat' dir='ltr'>D</span> 
     </span>
     <span class='ocr_line' id='line_1_17' title="bbox 240 1414 1735 1472; baseline -0.003 -13"><span class='ocrx_word' id='word_1_146' title='bbox 240 1417 441 1472; x_wconf 85' lang='grc' dir='ltr'><strong><em>Μανιάκη</em></strong></span> <span class='ocrx_word' id='word_1_147' title='bbox 473 1418 788 1472; x_wconf 85' lang='grc' dir='ltr'><strong><em>ἀρχιτερμονῶν</em></strong></span> <span class='ocrx_word' id='word_1_148' title='bbox 818 1419 967 1463; x_wconf 85' lang='grc' dir='ltr'><strong><em>κακῶς</em></strong></span> <span class='ocrx_word' id='word_1_149' title='bbox 999 1416 1161 1458; x_wconf 79' lang='grc' dir='ltr'><strong><em>διετίθει</em></strong></span> <span class='ocrx_word' id='word_1_150' title='bbox 1191 1415 1240 1457; x_wconf 84' lang='grc' dir='ltr'><strong><em>τὰ</em></strong></span> <span class='ocrx_word' id='word_1_151' title='bbox 1271 1419 1345 1457; x_wconf 82' lang='grc' dir='ltr'><strong><em>τοῦ</em></strong></span> <span class='ocrx_word' id='word_1_152' title='bbox 1377 1414 1546 1469; x_wconf 83' lang='grc' dir='ltr'><strong><em>ἀνδρός,</em></strong></span> <span class='ocrx_word' id='word_1_153' title='bbox 1588 1430 1735 1469; x_wconf 90' lang='grc' dir='ltr'><strong><em>μνησι-</em></strong></span> 
     </span>
     <span class='ocr_line' id='line_1_18' title="bbox 239 1484 1772 1541; baseline -0.002 -14"><span class='ocrx_word' id='word_1_154' title='bbox 239 1488 389 1527; x_wconf 85' lang='grc' dir='ltr'><strong><em>κακῶν</em></strong></span> <span class='ocrx_word' id='word_1_155' title='bbox 427 1485 487 1527; x_wconf 84' lang='grc' dir='ltr'><strong><em>ὅτι</em></strong></span> <span class='ocrx_word' id='word_1_156' title='bbox 523 1485 676 1541; x_wconf 76' lang='grc' dir='ltr'><strong><em>πρῴην</em></strong></span> <span class='ocrx_word' id='word_1_157' title='bbox 715 1485 1021 1541; x_wconf 82' lang='grc' dir='ltr'><strong><em>διαφερόμενος</em></strong></span> <span class='ocrx_word' id='word_1_158' title='bbox 1059 1486 1206 1539; x_wconf 82' lang='grc' dir='ltr'><strong><em>ἐκείνῳ</em></strong></span> <span class='ocrx_word' id='word_1_159' title='bbox 1245 1488 1520 1526; x_wconf 68' lang='grc' dir='ltr'><strong><em>κατεπονεῖτο.</em></strong></span> <span class='ocrx_word' id='word_1_160' title='bbox 1581 1484 1772 1537; x_wconf 84' lang='grc' dir='ltr'><strong><em>λέγεται4</em></strong></span> 
     </span>
     <span class='ocr_line' id='line_1_19' title="bbox 240 1551 1771 1610; baseline -0.002 -14"><span class='ocrx_word' id='word_1_161' title='bbox 240 1553 286 1596; x_wconf 82' lang='grc' dir='ltr'><strong><em>δὲ</em></strong></span> <span class='ocrx_word' id='word_1_162' title='bbox 328 1553 399 1596; x_wconf 81' lang='grc' dir='ltr'><strong><em>καὶ</em></strong></span> <span class='ocrx_word' id='word_1_163' title='bbox 441 1559 515 1610; x_wconf 93' lang='grc' dir='ltr'><strong><em>τῆς</em></strong></span> <span class='ocrx_word' id='word_1_164' title='bbox 553 1555 676 1609; x_wconf 82' lang='grc' dir='ltr'><strong><em>εὐνῆς</em></strong></span> <span class='ocrx_word' id='word_1_165' title='bbox 718 1555 909 1610; x_wconf 81' lang='grc' dir='ltr'><strong><em>ἐπιβῆναι</em></strong></span> <span class='ocrx_word' id='word_1_166' title='bbox 950 1558 1024 1596; x_wconf 87' lang='grc' dir='ltr'><strong><em>τοῦ</em></strong></span> <span class='ocrx_word' id='word_1_167' title='bbox 1063 1553 1278 1608; x_wconf 83' lang='grc' dir='ltr'><strong><em>Μανιάκη.</em></strong></span> <span class='ocrx_word' id='word_1_168' title='bbox 1341 1556 1467 1594; x_wconf 86' lang='grc' dir='ltr'><strong><em>ταῦτα</em></strong></span> <span class='ocrx_word' id='word_1_169' title='bbox 1510 1557 1571 1606; x_wconf 78' lang='grc' dir='ltr'><strong><em>τῷ</em></strong></span> <span class='ocrx_word' id='word_1_170' title='bbox 1615 1551 1771 1607; x_wconf 83' lang='grc' dir='ltr'><strong><em>ἀνδρὶ5</em></strong></span> 
     </span>
    </p>
   </div>
   <div class='ocr_carea' id='block_1_3' title="bbox 238 1687 1734 1799">
    <p class='ocr_par' dir='ltr' id='par_1_3' title="bbox 238 1687 1734 1799">
     <span class='ocr_line' id='line_1_20' title="bbox 241 1687 1734 1752; baseline -0.001 -12"><span class='ocrx_word' id='word_1_171' title='bbox 241 1705 259 1740; x_wconf 89' lang='grc'><strong>1</strong></span> <span class='ocrx_word' id='word_1_172' title='bbox 287 1704 427 1752; x_wconf 77' lang='grc' dir='ltr'><strong><em>τελευτὴ</em></strong></span> <span class='ocrx_word' id='word_1_173' title='bbox 453 1710 513 1752; x_wconf 83' lang='grc' dir='ltr'><strong><em>τῆς</em></strong></span> <span class='ocrx_word' id='word_1_174' title='bbox 538 1705 766 1752; x_wconf 81' lang='grc' dir='ltr'><strong><em>Σκληραίνης</em></strong></span> <span class='ocrx_word' id='word_1_175' title='bbox 792 1706 1018 1751; x_wconf 81' lang='grc' dir='ltr'><strong><em>(σκληραίνας</em></strong></span> <span class='ocrx_word' id='word_1_176' title='bbox 1036 1705 1082 1749; x_wconf 89' lang='grc' dir='ltr'><strong><em>Ε)</em></strong></span> <span class='ocrx_word' id='word_1_177' title='bbox 1101 1704 1164 1742; x_wconf 84' lang='grc' dir='ltr'><strong><em>ΟΕ</em></strong></span> <span class='ocrx_word' id='word_1_178' title='bbox 1260 1704 1285 1739; x_wconf 88' lang='lat'>4</span> <span class='ocrx_word' id='word_1_179' title='bbox 1307 1703 1388 1750; x_wconf 77' lang='grc' dir='ltr'><strong><em>περὶ</em></strong></span> <span class='ocrx_word' id='word_1_180' title='bbox 1405 1709 1465 1750; x_wconf 87' lang='grc' dir='ltr'><strong><em>τῆς</em></strong></span> <span class='ocrx_word' id='word_1_181' title='bbox 1482 1708 1543 1739; x_wconf 88' lang='grc' dir='ltr'><strong><em>τοῦ</em></strong></span> <span class='ocrx_word' id='word_1_182' title='bbox 1561 1687 1734 1748; x_wconf 81' lang='grc' dir='ltr'><strong><em>Μανιάκη</em></strong></span> 
     </span>
     <span class='ocr_line' id='line_1_21' title="bbox 238 1752 919 1799; baseline 0.001 -11"><span class='ocrx_word' id='word_1_183' title='bbox 238 1752 448 1793; x_wconf 78' lang='grc' dir='ltr'><strong><em>ἀποστασίσς</em></strong></span> <span class='ocrx_word' id='word_1_184' title='bbox 472 1753 533 1790; x_wconf 83' lang='grc' dir='ltr'><strong><em>καὶ</em></strong></span> <span class='ocrx_word' id='word_1_185' title='bbox 557 1754 654 1793; x_wconf 69' lang='grc' dir='ltr'><strong><em>ὅπως</em></strong></span> <span class='ocrx_word' id='word_1_186' title='bbox 680 1754 828 1799; x_wconf 80' lang='grc' dir='ltr'><strong><em>διελύθη</em></strong></span> <span class='ocrx_word' id='word_1_187' title='bbox 856 1753 919 1790; x_wconf 85' lang='grc' dir='ltr'><strong><em>ΟΕ</em></strong></span> 
     </span>
    </p>
   </div>
   <div class='ocr_carea' id='block_1_4' title="bbox 308 1887 1736 2128">
    <p class='ocr_par' dir='ltr' id='par_1_4' title="bbox 308 1887 1736 2128">
     <span class='ocr_line' id='line_1_22' title="bbox 312 1887 1735 1937; baseline -0.003 -11"><span class='ocrx_word' id='word_1_188' title='bbox 312 1891 330 1926; x_wconf 88' lang='lat'>1</span> <span class='ocrx_word' id='word_1_189' title='bbox 358 1895 501 1927; x_wconf 81' lang='grc' dir='ltr'><strong><em>τοσοῦτο</em></strong></span> <span class='ocrx_word' id='word_1_190' title='bbox 527 1890 576 1936; x_wconf 91' lang='lat' dir='ltr'><strong><em>D,</em></strong></span> <span class='ocrx_word' id='word_1_191' title='bbox 601 1896 767 1927; x_wconf 85' lang='grc' dir='ltr'><strong><em>τοσοῦτον</em></strong></span> <span class='ocrx_word' id='word_1_192' title='bbox 793 1891 889 1937; x_wconf 87' lang='lat' dir='ltr'><strong><em>Ewp</em></strong></span> <span class='ocrx_word' id='word_1_193' title='bbox 970 1891 993 1926; x_wconf 80' lang='grc'>2</span> <span class='ocrx_word' id='word_1_194' title='bbox 1018 1890 1051 1926; x_wconf 86' lang='grc' dir='ltr'><strong><em>δ’</em></strong></span> <span class='ocrx_word' id='word_1_195' title='bbox 1079 1901 1154 1927; x_wconf 85' lang='lat' dir='ltr'><strong><em>om.</em></strong></span> <span class='ocrx_word' id='word_1_196' title='bbox 1181 1889 1217 1925; x_wconf 93' lang='lat' dir='ltr'>D</span> <span class='ocrx_word' id='word_1_197' title='bbox 1291 1894 1445 1926; x_wconf 84' lang='grc' dir='ltr'><strong><em>τυποῦσα</em></strong></span> <span class='ocrx_word' id='word_1_198' title='bbox 1471 1888 1508 1924; x_wconf 91' lang='lat' dir='ltr'>D</span> <span class='ocrx_word' id='word_1_199' title='bbox 1581 1888 1604 1923; x_wconf 89' lang='lat'>4</span> <span class='ocrx_word' id='word_1_200' title='bbox 1629 1887 1735 1934; x_wconf 83' lang='grc' dir='ltr'><strong><em>ἀπῆλ-</em></strong></span> 
     </span>
     <span class='ocr_line' id='line_1_23' title="bbox 311 1936 1736 1985; baseline -0.003 -11"><span class='ocrx_word' id='word_1_201' title='bbox 311 1939 375 1974; x_wconf 83' lang='grc' dir='ltr'><strong><em>θεν</em></strong></span> <span class='ocrx_word' id='word_1_202' title='bbox 401 1938 619 1985; x_wconf 77' lang='lat' dir='ltr'><strong>B⁸EwpDi‚</strong></span> <span class='ocrx_word' id='word_1_203' title='bbox 646 1950 684 1974; x_wconf 86' lang='lat' dir='ltr'><strong><em>v.</em></strong></span> <span class='ocrx_word' id='word_1_204' title='bbox 704 1939 755 1974; x_wconf 80' lang='lat' dir='ltr'>ad</span> <span class='ocrx_word' id='word_1_205' title='bbox 770 1939 951 1983; x_wconf 82' lang='lat' dir='ltr'>X1111‚5</span> <span class='ocrx_word' id='word_1_206' title='bbox 1047 1939 1070 1974; x_wconf 88' lang='lat'>8</span> <span class='ocrx_word' id='word_1_207' title='bbox 1095 1938 1332 1984; x_wconf 79' lang='grc' dir='ltr'><strong><em>ἐφεστήκεσαν</em></strong></span> <span class='ocrx_word' id='word_1_208' title='bbox 1358 1937 1394 1972; x_wconf 94' lang='lat' dir='ltr'>D</span> <span class='ocrx_word' id='word_1_209' title='bbox 1489 1936 1736 1981; x_wconf 84' lang='grc' dir='ltr'><strong><em>πολεμησείων</em></strong></span> 
     </span>
     <span class='ocr_line' id='line_1_24' title="bbox 310 1985 1735 2033; baseline -0.003 -11"><span class='ocrx_word' id='word_1_210' title='bbox 310 1986 382 2022; x_wconf 75' lang='lat' dir='ltr'><strong><em>AR</em></strong></span> <span class='ocrx_word' id='word_1_211' title='bbox 397 1986 477 2022; x_wconf 84' lang='lat' dir='ltr'><strong><em>duo</em></strong></span> <span class='ocrx_word' id='word_1_212' title='bbox 493 1986 534 2031; x_wconf 86' lang='lat' dir='ltr'><strong><em>P,</em></strong></span> <span class='ocrx_word' id='word_1_213' title='bbox 558 1987 772 2032; x_wconf 83' lang='grc' dir='ltr'><strong><em>πολεμήσων</em></strong></span> <span class='ocrx_word' id='word_1_214' title='bbox 785 1997 892 2022; x_wconf 75' lang='lat' dir='ltr'>unus</span> <span class='ocrx_word' id='word_1_215' title='bbox 907 1986 1002 2033; x_wconf 89' lang='lat' dir='ltr'><strong><em>Pwp</em></strong></span> <span class='ocrx_word' id='word_1_216' title='bbox 1100 1987 1123 2021; x_wconf 85' lang='lat'>9</span> <span class='ocrx_word' id='word_1_217' title='bbox 1149 1985 1434 2031; x_wconf 79' lang='grc' dir='ltr'><strong><em>ὠκειωσαμένοις</em></strong></span> <span class='ocrx_word' id='word_1_218' title='bbox 1448 1985 1478 2019; x_wconf 79' lang='grc' dir='ltr'><strong>Β</strong></span> <span class='ocrx_word' id='word_1_219' title='bbox 1574 1985 1617 2019; x_wconf 87' lang='lat'><strong><em>10</em></strong></span> <span class='ocrx_word' id='word_1_220' title='bbox 1641 1985 1735 2029; x_wconf 84' lang='grc' dir='ltr'><strong><em>ἀρχῆ</em></strong></span> 
     </span>
     <span class='ocr_line' id='line_1_25' title="bbox 310 2032 1734 2080; baseline -0.004 -10"><span class='ocrx_word' id='word_1_221' title='bbox 310 2033 375 2070; x_wconf 88' lang='lat' dir='ltr'><strong><em>BC</em></strong></span> <span class='ocrx_word' id='word_1_222' title='bbox 499 2035 543 2070; x_wconf 81' lang='lat'><strong><em>14</em></strong></span> <span class='ocrx_word' id='word_1_223' title='bbox 567 2034 628 2070; x_wconf 84' lang='grc' dir='ltr'><strong><em>καὶ</em></strong></span> <span class='ocrx_word' id='word_1_224' title='bbox 649 2034 745 2080; x_wconf 83' lang='grc' dir='ltr'><strong><em>μάγ.]</em></strong></span> <span class='ocrx_word' id='word_1_225' title='bbox 769 2035 957 2080; x_wconf 83' lang='grc' dir='ltr'><strong><em>μάγισῐρός</em></strong></span> <span class='ocrx_word' id='word_1_226' title='bbox 983 2048 1018 2069; x_wconf 84' lang='grc' dir='ltr'><strong><em>τε</em></strong></span> <span class='ocrx_word' id='word_1_227' title='bbox 1044 2033 1107 2070; x_wconf 87' lang='lat' dir='ltr'><strong><em>BC</em></strong></span> <span class='ocrx_word' id='word_1_228' title='bbox 1242 2034 1286 2069; x_wconf 87' lang='grc'><strong><em>16</em></strong></span> <span class='ocrx_word' id='word_1_229' title='bbox 1309 2033 1531 2079; x_wconf 84' lang='grc' dir='ltr'><strong><em>μνησικακὸν</em></strong></span> <span class='ocrx_word' id='word_1_230' title='bbox 1559 2032 1598 2077; x_wconf 75' lang='lat'><strong><em>1⁴2,</em></strong></span> <span class='ocrx_word' id='word_1_231' title='bbox 1624 2032 1734 2066; x_wconf 83' lang='lat' dir='ltr'>unde</span> 
     </span>
     <span class='ocr_line' id='line_1_26' title="bbox 308 2081 1385 2128; baseline 0 -11"><span class='ocrx_word' id='word_1_232' title='bbox 308 2081 545 2128; x_wconf 77' lang='grc' dir='ltr'><strong><em>μνησικακῶν</em></strong></span> <span class='ocrx_word' id='word_1_233' title='bbox 570 2082 654 2128; x_wconf 83' lang='lat' dir='ltr'><strong><em>w*p</em></strong></span> <span class='ocrx_word' id='word_1_234' title='bbox 754 2083 798 2118; x_wconf 90' lang='lat'><strong><em>18</em></strong></span> <span class='ocrx_word' id='word_1_235' title='bbox 823 2083 872 2122; x_wconf 83' lang='grc' dir='ltr'><strong><em>εἰς</em></strong></span> <span class='ocrx_word' id='word_1_236' title='bbox 898 2082 960 2128; x_wconf 83' lang='grc' dir='ltr'><strong><em>τὴν</em></strong></span> <span class='ocrx_word' id='word_1_237' title='bbox 985 2081 1091 2128; x_wconf 82' lang='grc' dir='ltr'><strong><em>εὐνὴν</em></strong></span> <span class='ocrx_word' id='word_1_238' title='bbox 1115 2082 1295 2128; x_wconf 77' lang='grc' dir='ltr'><strong><em>ἐξυβρίσαι</em></strong></span> <span class='ocrx_word' id='word_1_239' title='bbox 1323 2081 1385 2117; x_wconf 86' lang='lat' dir='ltr'><strong><em>BC</em></strong></span> 
     </span>
    </p>
   </div>
   <div class='ocr_carea' id='block_1_5' title="bbox 238 2223 1832 2987">
    <p class='ocr_par' dir='ltr' id='par_1_5' title="bbox 238 2223 1832 2406">
     <span class='ocr_line' id='line_1_27' title="bbox 239 2223 1796 2272; baseline -0.003 -10"><span class='ocrx_word' id='word_1_240' title='bbox 239 2229 430 2262; x_wconf 84' lang='lat' dir='ltr'>accurate</span> <span class='ocrx_word' id='word_1_241' title='bbox 457 2226 710 2272; x_wconf 78' lang='lat' dir='ltr'>perquireret</span> <span class='ocrx_word' id='word_1_242' title='bbox 734 2225 963 2261; x_wconf 83' lang='lat' dir='ltr'>adamatam</span> <span class='ocrx_word' id='word_1_243' title='bbox 991 2224 1100 2271; x_wconf 85' lang='lat' dir='ltr'>apud</span> <span class='ocrx_word' id='word_1_244' title='bbox 1128 2234 1220 2260; x_wconf 88' lang='lat' dir='ltr'><strong><em>eum</em></strong></span> <span class='ocrx_word' id='word_1_245' title='bbox 1247 2235 1328 2260; x_wconf 90' lang='lat' dir='ltr'><strong><em>non</em></strong></span> <span class='ocrx_word' id='word_1_246' title='bbox 1353 2234 1452 2260; x_wconf 82' lang='lat' dir='ltr'>esse.</span> <span class='ocrx_word' id='word_1_247' title='bbox 1503 2223 1617 2266; x_wconf 83' lang='lat' dir='ltr'><strong><em>Quae</em></strong></span> <span class='ocrx_word' id='word_1_248' title='bbox 1643 2233 1734 2259; x_wconf 86' lang='lat' dir='ltr'><strong><em>eum</em></strong></span> <span class='ocrx_word' id='word_1_249' title='bbox 1749 2226 1796 2263; x_wconf 79' lang='lat'><strong><em>28</em></strong></span> 
     </span>
     <span class='ocr_line' id='line_1_28' title="bbox 238 2272 1733 2319; baseline -0.003 -9"><span class='ocrx_word' id='word_1_250' title='bbox 238 2284 287 2310; x_wconf 88' lang='lat' dir='ltr'><strong><em>eo</em></strong></span> <span class='ocrx_word' id='word_1_251' title='bbox 313 2274 402 2310; x_wconf 87' lang='lat' dir='ltr'>loeo</span> <span class='ocrx_word' id='word_1_252' title='bbox 428 2278 584 2309; x_wconf 87' lang='lat' dir='ltr'>tantum</span> <span class='ocrx_word' id='word_1_253' title='bbox 611 2273 811 2308; x_wconf 79' lang='lat' dir='ltr'>felicitatis</span> <span class='ocrx_word' id='word_1_254' title='bbox 838 2273 987 2319; x_wconf 86' lang='lat' dir='ltr'>adepta</span> <span class='ocrx_word' id='word_1_255' title='bbox 1013 2276 1118 2308; x_wconf 84' lang='lat' dir='ltr'>esset</span> <span class='ocrx_word' id='word_1_256' title='bbox 1146 2283 1195 2308; x_wconf 84' lang='lat' dir='ltr'>ac</span> <span class='ocrx_word' id='word_1_257' title='bbox 1220 2273 1374 2307; x_wconf 84' lang='lat' dir='ltr'>maiora</span> <span class='ocrx_word' id='word_1_258' title='bbox 1393 2272 1513 2307; x_wconf 82' lang='lat' dir='ltr'>etiam</span> <span class='ocrx_word' id='word_1_259' title='bbox 1540 2274 1733 2317; x_wconf 81' lang='lat' dir='ltr'>speraret,</span> 
     </span>
     <span class='ocr_line' id='line_1_29' title="bbox 240 2319 1384 2368; baseline -0.003 -11"><span class='ocrx_word' id='word_1_260' title='bbox 240 2331 390 2368; x_wconf 81' lang='lat' dir='ltr'>magno</span> <span class='ocrx_word' id='word_1_261' title='bbox 417 2331 508 2357; x_wconf 87' lang='lat' dir='ltr'><strong><em>eum</em></strong></span> <span class='ocrx_word' id='word_1_262' title='bbox 536 2321 648 2356; x_wconf 83' lang='lat' dir='ltr'>luctu</span> <span class='ocrx_word' id='word_1_263' title='bbox 674 2322 782 2366; x_wconf 87' lang='lat' dir='ltr'>regis</span> <span class='ocrx_word' id='word_1_264' title='bbox 808 2321 942 2357; x_wconf 82' lang='lat' dir='ltr'>subito</span> <span class='ocrx_word' id='word_1_265' title='bbox 969 2331 1019 2355; x_wconf 85' lang='lat' dir='ltr'><strong><em>ex</em></strong></span> <span class='ocrx_word' id='word_1_266' title='bbox 1047 2320 1188 2356; x_wconf 90' lang='lat' dir='ltr'>morbo</span> <span class='ocrx_word' id='word_1_267' title='bbox 1215 2319 1384 2356; x_wconf 85' lang='lat' dir='ltr'>decedit.</span> 
     </span>
     <span class='ocr_line' id='line_1_30' title="bbox 356 2365 1832 2406; baseline -0.002 -2"><span class='ocrx_word' id='word_1_268' title='bbox 356 2368 414 2404; x_wconf 79' lang='lat'><strong><em>22.</em></strong></span> <span class='ocrx_word' id='word_1_269' title='bbox 466 2369 560 2405; x_wconf 80' lang='lat' dir='ltr'>Post</span> <span class='ocrx_word' id='word_1_270' title='bbox 598 2370 685 2404; x_wconf 75' lang='lat' dir='ltr'>eius</span> <span class='ocrx_word' id='word_1_271' title='bbox 724 2369 877 2404; x_wconf 91' lang='lat' dir='ltr'>obitum</span> <span class='ocrx_word' id='word_1_272' title='bbox 916 2379 987 2403; x_wconf 84' lang='lat' dir='ltr'><strong><em>rex</em></strong></span> <span class='ocrx_word' id='word_1_273' title='bbox 1029 2368 1130 2403; x_wconf 85' lang='lat' dir='ltr'>bello</span> <span class='ocrx_word' id='word_1_274' title='bbox 1172 2368 1278 2403; x_wconf 82' lang='lat' dir='ltr'>civili</span> <span class='ocrx_word' id='word_1_275' title='bbox 1317 2367 1584 2402; x_wconf 76' lang='lat' dir='ltr'>conflictatur.</span> <span class='ocrx_word' id='word_1_276' title='bbox 1633 2365 1733 2402; x_wconf 83' lang='lat' dir='ltr'>Nam</span> <span class='ocrx_word' id='word_1_277' title='bbox 1752 2370 1782 2406; x_wconf 82' lang='lat'><strong><em>1,</em></strong></span> <span class='ocrx_word' id='word_1_278' title='bbox 1809 2370 1832 2406; x_wconf 84' lang='lat'><strong>2</strong></span> 
     </span>
    </p>

    <p class='ocr_par' dir='ltr' id='par_1_6' title="bbox 239 2414 1735 2462">
     <span class='ocr_line' id='line_1_31' title="bbox 239 2414 1735 2462; baseline -0.003 -10"><span class='ocrx_word' id='word_1_279' title='bbox 239 2416 443 2453; x_wconf 84' lang='lat' dir='ltr'>Maniaces</span> <span class='ocrx_word' id='word_1_280' title='bbox 461 2417 674 2462; x_wconf 84' lang='lat' dir='ltr'>Georgius,</span> <span class='ocrx_word' id='word_1_281' title='bbox 702 2417 763 2451; x_wconf 88' lang='lat' dir='ltr'>vir</span> <span class='ocrx_word' id='word_1_282' title='bbox 781 2420 821 2452; x_wconf 89' lang='lat' dir='ltr'><strong><em>et</em></strong></span> <span class='ocrx_word' id='word_1_283' title='bbox 839 2416 972 2452; x_wconf 86' lang='lat' dir='ltr'>animo</span> <span class='ocrx_word' id='word_1_284' title='bbox 992 2417 1207 2451; x_wconf 79' lang='lat' dir='ltr'>fortissimo</span> <span class='ocrx_word' id='word_1_285' title='bbox 1227 2419 1266 2451; x_wconf 86' lang='lat' dir='ltr'><strong><em>et</em></strong></span> <span class='ocrx_word' id='word_1_286' title='bbox 1289 2425 1413 2450; x_wconf 86' lang='lat' dir='ltr'>manu</span> <span class='ocrx_word' id='word_1_287' title='bbox 1438 2414 1735 2460; x_wconf 84' lang='lat' dir='ltr'>promptissima</span> 
     </span>
    </p>

    <p class='ocr_par' dir='ltr' id='par_1_7' title="bbox 240 2461 1772 2987">
     <span class='ocr_line' id='line_1_32' title="bbox 241 2461 1735 2507; baseline -0.003 -7"><span class='ocrx_word' id='word_1_288' title='bbox 241 2468 281 2500; x_wconf 83' lang='lat' dir='ltr'><strong><em>et</em></strong></span> <span class='ocrx_word' id='word_1_289' title='bbox 306 2464 480 2500; x_wconf 82' lang='lat' dir='ltr'>ducendi</span> <span class='ocrx_word' id='word_1_290' title='bbox 507 2465 710 2499; x_wconf 83' lang='lat' dir='ltr'>exereitus</span> <span class='ocrx_word' id='word_1_291' title='bbox 765 2464 1011 2507; x_wconf 64' lang='lat' dir='ltr'>mitissimus,</span> <span class='ocrx_word' id='word_1_292' title='bbox 1039 2463 1133 2498; x_wconf 88' lang='lat' dir='ltr'><strong><em>dum</em></strong></span> <span class='ocrx_word' id='word_1_293' title='bbox 1161 2463 1267 2499; x_wconf 82' lang='lat' dir='ltr'>dune</span> <span class='ocrx_word' id='word_1_294' title='bbox 1294 2462 1384 2498; x_wconf 85' lang='lat' dir='ltr'>illae</span> <span class='ocrx_word' id='word_1_295' title='bbox 1403 2462 1591 2497; x_wconf 85' lang='lat' dir='ltr'>mulieres</span> <span class='ocrx_word' id='word_1_296' title='bbox 1613 2461 1735 2497; x_wconf 85' lang='lat' dir='ltr'>rebus</span> 
     </span>
     <span class='ocr_line' id='line_1_33' title="bbox 242 2510 1734 2558; baseline -0.002 -11"><span class='ocrx_word' id='word_1_297' title='bbox 242 2516 468 2558; x_wconf 82' lang='lat' dir='ltr'>praeerant,</span> <span class='ocrx_word' id='word_1_298' title='bbox 495 2512 547 2547; x_wconf 83' lang='lat' dir='ltr'>ad</span> <span class='ocrx_word' id='word_1_299' title='bbox 571 2511 716 2547; x_wconf 83' lang='lat' dir='ltr'>bellum</span> <span class='ocrx_word' id='word_1_300' title='bbox 756 2511 876 2546; x_wconf 88' lang='lat' dir='ltr'>taliae</span> <span class='ocrx_word' id='word_1_301' title='bbox 902 2511 1157 2547; x_wconf 78' lang='lat' dir='ltr'>inferendum</span> <span class='ocrx_word' id='word_1_302' title='bbox 1185 2515 1224 2546; x_wconf 76' lang='lat' dir='ltr'>vt</span> <span class='ocrx_word' id='word_1_303' title='bbox 1250 2510 1301 2545; x_wconf 88' lang='lat' dir='ltr'>ad</span> <span class='ocrx_word' id='word_1_304' title='bbox 1329 2520 1388 2553; x_wconf 85' lang='lat' dir='ltr'><strong><em>ea,</em></strong></span> <span class='ocrx_word' id='word_1_305' title='bbox 1416 2520 1522 2555; x_wconf 83' lang='lat' dir='ltr'>quae</span> <span class='ocrx_word' id='word_1_306' title='bbox 1549 2510 1600 2545; x_wconf 83' lang='lat' dir='ltr'>ab</span> <span class='ocrx_word' id='word_1_307' title='bbox 1626 2512 1734 2544; x_wconf 87' lang='lat' dir='ltr'>exte-</span> 
     </span>
     <span class='ocr_line' id='line_1_34' title="bbox 241 2557 1735 2604; baseline -0.003 -9"><span class='ocrx_word' id='word_1_308' title='bbox 241 2560 296 2595; x_wconf 83' lang='lat' dir='ltr'>ris</span> <span class='ocrx_word' id='word_1_309' title='bbox 311 2560 363 2595; x_wconf 92' lang='lat' dir='ltr'><strong><em>ibi</em></strong></span> <span class='ocrx_word' id='word_1_310' title='bbox 379 2569 480 2595; x_wconf 88' lang='lat' dir='ltr'>occu</span> <span class='ocrx_word' id='word_1_311' title='bbox 511 2566 578 2595; x_wconf 83' lang='lat' dir='ltr'><strong><em>ata</em></strong></span> <span class='ocrx_word' id='word_1_312' title='bbox 594 2565 720 2602; x_wconf 83' lang='lat' dir='ltr'>erant,</span> <span class='ocrx_word' id='word_1_313' title='bbox 747 2558 1019 2594; x_wconf 83' lang='lat' dir='ltr'>Romanorum</span> <span class='ocrx_word' id='word_1_314' title='bbox 1036 2559 1202 2604; x_wconf 87' lang='lat' dir='ltr'>imperio</span> <span class='ocrx_word' id='word_1_315' title='bbox 1221 2557 1502 2603; x_wconf 82' lang='lat' dir='ltr'>recuperanda</span> <span class='ocrx_word' id='word_1_316' title='bbox 1520 2557 1735 2602; x_wconf 80' lang='lat' dir='ltr'>ablegatus</span> 
     </span>
     <span class='ocr_line' id='line_1_35' title="bbox 242 2604 1772 2651; baseline -0.003 -8"><span class='ocrx_word' id='word_1_317' title='bbox 242 2617 332 2643; x_wconf 86' lang='lat' dir='ltr'><strong><em>cum</em></strong></span> <span class='ocrx_word' id='word_1_318' title='bbox 373 2607 474 2643; x_wconf 74' lang='lat' dir='ltr'>hosti</span> <span class='ocrx_word' id='word_1_319' title='bbox 507 2617 555 2642; x_wconf 87' lang='lat' dir='ltr'><strong><em>us</em></strong></span> <span class='ocrx_word' id='word_1_320' title='bbox 589 2607 835 2642; x_wconf 81' lang='lat' dir='ltr'>decertabat.</span> <span class='ocrx_word' id='word_1_321' title='bbox 887 2606 1033 2642; x_wconf 81' lang='lat' dir='ltr'>Verum</span> <span class='ocrx_word' id='word_1_322' title='bbox 1068 2607 1183 2651; x_wconf 80' lang='lat' dir='ltr'>regni</span> <span class='ocrx_word' id='word_1_323' title='bbox 1222 2616 1300 2641; x_wconf 86' lang='lat' dir='ltr'><strong><em>axe</em></strong></span> <span class='ocrx_word' id='word_1_324' title='bbox 1339 2605 1391 2640; x_wconf 86' lang='lat' dir='ltr'>ad</span> <span class='ocrx_word' id='word_1_325' title='bbox 1426 2604 1772 2643; x_wconf 80' lang='lat' dir='ltr'>Monomachuni3</span> 
     </span>
     <span class='ocr_line' id='line_1_36' title="bbox 242 2652 1734 2699; baseline -0.002 -10"><span class='ocrx_word' id='word_1_326' title='bbox 242 2655 446 2699; x_wconf 83' lang='lat' dir='ltr'>devoluto,</span> <span class='ocrx_word' id='word_1_327' title='bbox 476 2654 636 2691; x_wconf 73' lang='lat' dir='ltr'>Solen-us</span> <span class='ocrx_word' id='word_1_328' title='bbox 663 2654 880 2698; x_wconf 79' lang='lat' dir='ltr'>Romanus,</span> <span class='ocrx_word' id='word_1_329' title='bbox 918 2654 1132 2689; x_wconf 82' lang='lat' dir='ltr'>adamatae</span> <span class='ocrx_word' id='word_1_330' title='bbox 1158 2653 1336 2689; x_wconf 69' lang='lat' dir='ltr'>mulieris</span> <span class='ocrx_word' id='word_1_331' title='bbox 1364 2654 1501 2696; x_wconf 79' lang='lat' dir='ltr'>frater,</span> <span class='ocrx_word' id='word_1_332' title='bbox 1539 2653 1655 2687; x_wconf 82' lang='lat' dir='ltr'>euius</span> <span class='ocrx_word' id='word_1_333' title='bbox 1683 2652 1734 2687; x_wconf 91' lang='lat' dir='ltr'><strong><em>ob</em></strong></span> 
     </span>
     <span class='ocr_line' id='line_1_37' title="bbox 240 2700 1735 2748; baseline -0.003 -10"><span class='ocrx_word' id='word_1_334' title='bbox 240 2712 419 2738; x_wconf 69' lang='lat' dir='ltr'>sororem</span> <span class='ocrx_word' id='word_1_335' title='bbox 445 2712 621 2748; x_wconf 83' lang='lat' dir='ltr'>magnae</span> <span class='ocrx_word' id='word_1_336' title='bbox 647 2707 763 2738; x_wconf 87' lang='lat' dir='ltr'>erant</span> <span class='ocrx_word' id='word_1_337' title='bbox 789 2712 885 2748; x_wconf 79' lang='lat' dir='ltr'>opes</span> <span class='ocrx_word' id='word_1_338' title='bbox 913 2703 1020 2746; x_wconf 81' lang='lat' dir='ltr'>(nam</span> <span class='ocrx_word' id='word_1_339' title='bbox 1048 2702 1099 2736; x_wconf 80' lang='lat' dir='ltr'>ab</span> <span class='ocrx_word' id='word_1_340' title='bbox 1133 2702 1377 2747; x_wconf 81' lang='lat' dir='ltr'>imperatore</span> <span class='ocrx_word' id='word_1_341' title='bbox 1410 2705 1449 2735; x_wconf 90' lang='lat' dir='ltr'><strong><em>et</em></strong></span> <span class='ocrx_word' id='word_1_342' title='bbox 1481 2700 1662 2745; x_wconf 76' lang='lat' dir='ltr'>magistri</span> <span class='ocrx_word' id='word_1_343' title='bbox 1696 2705 1735 2734; x_wconf 83' lang='lat' dir='ltr'><strong><em>et</em></strong></span> 
     </span>
     <span class='ocr_line' id='line_1_38' title="bbox 241 2747 1734 2796; baseline -0.001 -12"><span class='ocrx_word' id='word_1_344' title='bbox 241 2750 542 2796; x_wconf 78' lang='lat' dir='ltr'>protostratoris</span> <span class='ocrx_word' id='word_1_345' title='bbox 561 2749 752 2785; x_wconf 87' lang='lat' dir='ltr'>honorem</span> <span class='ocrx_word' id='word_1_346' title='bbox 773 2749 945 2794; x_wconf 79' lang='lat' dir='ltr'>adeptus</span> <span class='ocrx_word' id='word_1_347' title='bbox 960 2752 1071 2792; x_wconf 78' lang='lat' dir='ltr'>erat),</span> <span class='ocrx_word' id='word_1_348' title='bbox 1099 2748 1260 2784; x_wconf 83' lang='lat' dir='ltr'>domurn</span> <span class='ocrx_word' id='word_1_349' title='bbox 1276 2747 1468 2783; x_wconf 72' lang='lat' dir='ltr'>Maniae-is</span> <span class='ocrx_word' id='word_1_350' title='bbox 1489 2748 1527 2782; x_wconf 90' lang='lat' dir='ltr'>in</span> <span class='ocrx_word' id='word_1_351' title='bbox 1551 2748 1734 2783; x_wconf 81' lang='lat' dir='ltr'>orientali</span> 
     </span>
     <span class='ocr_line' id='line_1_39' title="bbox 243 2795 1734 2844; baseline -0.002 -11"><span class='ocrx_word' id='word_1_352' title='bbox 243 2798 453 2844; x_wconf 83' lang='lat' dir='ltr'>provincia</span> <span class='ocrx_word' id='word_1_353' title='bbox 484 2797 559 2833; x_wconf 80' lang='lat' dir='ltr'>sibi</span> <span class='ocrx_word' id='word_1_354' title='bbox 594 2798 800 2832; x_wconf 82' lang='lat' dir='ltr'>finitimam</span> <span class='ocrx_word' id='word_1_355' title='bbox 829 2797 929 2831; x_wconf 83' lang='lat' dir='ltr'>male</span> <span class='ocrx_word' id='word_1_356' title='bbox 957 2797 1158 2839; x_wconf 81' lang='lat' dir='ltr'>tractavit,</span> <span class='ocrx_word' id='word_1_357' title='bbox 1196 2806 1348 2831; x_wconf 69' lang='lat' dir='ltr'>mentor</span> <span class='ocrx_word' id='word_1_358' title='bbox 1375 2796 1524 2831; x_wconf 78' lang='lat' dir='ltr'>veteris</span> <span class='ocrx_word' id='word_1_359' title='bbox 1550 2795 1734 2839; x_wconf 85' lang='lat' dir='ltr'>iniuriae,</span> 
     </span>
     <span class='ocr_line' id='line_1_40' title="bbox 241 2842 1772 2891; baseline -0.002 -11"><span class='ocrx_word' id='word_1_360' title='bbox 241 2855 323 2891; x_wconf 85' lang='lat' dir='ltr'>qua</span> <span class='ocrx_word' id='word_1_361' title='bbox 348 2845 400 2880; x_wconf 85' lang='lat' dir='ltr'>ab</span> <span class='ocrx_word' id='word_1_362' title='bbox 427 2845 492 2880; x_wconf 87' lang='lat' dir='ltr'>illo</span> <span class='ocrx_word' id='word_1_363' title='bbox 519 2846 559 2880; x_wconf 92' lang='lat' dir='ltr'>in</span> <span class='ocrx_word' id='word_1_364' title='bbox 579 2845 839 2880; x_wconf 84' lang='lat' dir='ltr'>contentione</span> <span class='ocrx_word' id='word_1_365' title='bbox 859 2844 1035 2889; x_wconf 77' lang='lat' dir='ltr'>quadam</span> <span class='ocrx_word' id='word_1_366' title='bbox 1055 2853 1272 2890; x_wconf 71' lang='lat' dir='ltr'>oppressus</span> <span class='ocrx_word' id='word_1_367' title='bbox 1290 2847 1387 2879; x_wconf 87' lang='lat' dir='ltr'>erat.</span> <span class='ocrx_word' id='word_1_368' title='bbox 1440 2842 1548 2878; x_wconf 72' lang='lat' dir='ltr'>Idem</span> <span class='ocrx_word' id='word_1_369' title='bbox 1574 2842 1732 2877; x_wconf 79' lang='lat' dir='ltr'>thorum</span> <span class='ocrx_word' id='word_1_370' title='bbox 1749 2845 1772 2881; x_wconf 84' lang='lat'>4</span> 
     </span>
     <span class='ocr_line' id='line_1_41' title="bbox 242 2891 1772 2938; baseline -0.002 -10"><span class='ocrx_word' id='word_1_371' title='bbox 242 2902 404 2938; x_wconf 87' lang='lat' dir='ltr'>quoque</span> <span class='ocrx_word' id='word_1_372' title='bbox 430 2892 623 2927; x_wconf 77' lang='lat' dir='ltr'>Maniacis</span> <span class='ocrx_word' id='word_1_373' title='bbox 655 2892 844 2938; x_wconf 76' lang='lat' dir='ltr'>polluisse</span> <span class='ocrx_word' id='word_1_374' title='bbox 878 2893 1015 2927; x_wconf 73' lang='lat' dir='ltr'>fertur.</span> <span class='ocrx_word' id='word_1_375' title='bbox 1067 2893 1179 2933; x_wconf 74' lang='lat' dir='ltr'>Quae</span> <span class='ocrx_word' id='word_1_376' title='bbox 1216 2892 1302 2926; x_wconf 83' lang='lat' dir='ltr'>viro</span> <span class='ocrx_word' id='word_1_377' title='bbox 1333 2891 1518 2926; x_wconf 80' lang='lat' dir='ltr'>nuntiata</span> <span class='ocrx_word' id='word_1_378' title='bbox 1545 2893 1772 2935; x_wconf 74' lang='lat' dir='ltr'>nmgnamb</span> 
     </span>
     <span class='ocr_line' id='line_1_42' title="bbox 242 2939 1734 2987; baseline -0.001 -11"><span class='ocrx_word' id='word_1_379' title='bbox 242 2943 281 2977; x_wconf 80' lang='lat' dir='ltr'><strong><em>et</em></strong></span> <span class='ocrx_word' id='word_1_380' title='bbox 313 2940 592 2987; x_wconf 85' lang='lat' dir='ltr'>indignitatem</span> <span class='ocrx_word' id='word_1_381' title='bbox 626 2945 666 2976; x_wconf 87' lang='lat' dir='ltr'><strong><em>et</em></strong></span> <span class='ocrx_word' id='word_1_382' title='bbox 697 2950 919 2975; x_wconf 80' lang='lat' dir='ltr'>maerorem</span> <span class='ocrx_word' id='word_1_383' title='bbox 953 2939 1191 2984; x_wconf 81' lang='lat' dir='ltr'>attulerunt3</span> <span class='ocrx_word' id='word_1_384' title='bbox 1230 2943 1319 2985; x_wconf 73' lang='lat' dir='ltr'>post</span> <span class='ocrx_word' id='word_1_385' title='bbox 1346 2939 1587 2985; x_wconf 77' lang='lat' dir='ltr'>magistratu</span> <span class='ocrx_word' id='word_1_386' title='bbox 1614 2940 1734 2975; x_wconf 81' lang='lat' dir='ltr'>etiam</span> 
     </span>
    </p>
   </div>
   <div class='ocr_carea' id='block_1_6' title="bbox 0 0 150 3282">
    <p class='ocr_par' dir='ltr' id='par_1_8' title="bbox 0 0 150 3282">
     <span class='ocr_line' id='line_1_43' title="bbox 0 0 150 3282; baseline 0 0"><span class='ocrx_word' id='word_1_387' title='bbox 0 0 150 3282; x_wconf 95' lang='lat' dir='ltr'><strong><em> </em></strong></span> 
     </span>
    </p>
   </div>
  </div>
 </body>
</html>
