<?xml version="1.0" encoding="UTF-8"?>
<!DOCTYPE html PUBLIC "-//W3C//DTD XHTML 1.0 Transitional//EN"
    "http://www.w3.org/TR/xhtml1/DTD/xhtml1-transitional.dtd">
<html xmlns="http://www.w3.org/1999/xhtml" xml:lang="en" lang="en">
 <head>
  <title>
</title>
<meta http-equiv="Content-Type" content="text/html;charset=utf-8" />
  <meta name='ocr-system' content='tesseract 3.04.00' />
  <meta name='ocr-capabilities' content='ocr_page ocr_carea ocr_par ocr_line ocrx_word'/>
</head>
<body>
  <div class='ocr_page' id='page_1' title='image "./corpusscriptorum31niebuoft/corpusscriptorum31niebuoft_0622.png"; bbox 0 0 2054 3282; ppageno 0'>
   <div class='ocr_carea' id='block_1_1' title="bbox 341 249 1449 297">
    <p class='ocr_par' dir='ltr' id='par_1_1' title="bbox 341 249 1449 297">
     <span class='ocr_line' id='line_1_1' title="bbox 341 249 1449 297; baseline -0.005 -5"><span class='ocrx_word' id='word_1_1' title='bbox 341 253 412 292; x_wconf 81' lang='lat'><em>596</em></span> <span class='ocrx_word' id='word_1_2' title='bbox 735 252 915 291; x_wconf 79' lang='lat' dir='ltr'>zoNAR.</span> <span class='ocrx_word' id='word_1_3' title='bbox 943 250 1073 288; x_wconf 87' lang='lat' dir='ltr'><strong>EPIT.</strong></span> <span class='ocrx_word' id='word_1_4' title='bbox 1099 249 1212 287; x_wconf 83' lang='lat' dir='ltr'><em>xvn</em></span> <span class='ocrx_word' id='word_1_5' title='bbox 1239 250 1294 297; x_wconf 82' lang='lat'><em>16,</em></span> <span class='ocrx_word' id='word_1_6' title='bbox 1322 249 1449 287; x_wconf 80' lang='lat'>1—11,</span> 
     </span>
    </p>
   </div>
   <div class='ocr_carea' id='block_1_2' title="bbox 58 371 1837 430">
    <p class='ocr_par' dir='ltr' id='par_1_2' title="bbox 58 371 1837 430">
     <span class='ocr_line' id='line_1_2' title="bbox 58 371 1837 430; baseline -0.002 -12"><span class='ocrx_word' id='word_1_7' title='bbox 58 380 258 418; x_wconf 83' lang='lat' dir='ltr'><strong>P11239A</strong></span> <span class='ocrx_word' id='word_1_8' title='bbox 275 376 328 418; x_wconf 87' lang='grc'><em>16</em></span> <span class='ocrx_word' id='word_1_9' title='bbox 452 375 564 430; x_wconf 59' lang='lat' dir='ltr'>”Han</span> <span class='ocrx_word' id='word_1_10' title='bbox 606 375 651 417; x_wconf 83' lang='grc' dir='ltr'><em>δὲ</em></span> <span class='ocrx_word' id='word_1_11' title='bbox 687 380 759 430; x_wconf 86' lang='grc' dir='ltr'><em>τῆς</em></span> <span class='ocrx_word' id='word_1_12' title='bbox 795 375 923 416; x_wconf 85' lang='grc' dir='ltr'><strong><em>νόσου</em></strong></span> <span class='ocrx_word' id='word_1_13' title='bbox 961 373 1276 427; x_wconf 88' lang='grc' dir='ltr'><em>νεανιευομένης</em></span> <span class='ocrx_word' id='word_1_14' title='bbox 1311 377 1372 426; x_wconf 80' lang='grc' dir='ltr'><em>τῷ</em></span> <span class='ocrx_word' id='word_1_15' title='bbox 1407 373 1568 427; x_wconf 88' lang='grc' dir='ltr'><em>βασιλεῖ</em></span> <span class='ocrx_word' id='word_1_16' title='bbox 1602 372 1673 414; x_wconf 87' lang='grc' dir='ltr'><em>καὶ</em></span> <span class='ocrx_word' id='word_1_17' title='bbox 1715 371 1837 427; x_wconf 87' lang='grc' dir='ltr'><em>θαμὰ</em></span> 
     </span>
    </p>
   </div>
   <div class='ocr_carea' id='block_1_3' title="bbox 308 441 1874 975">
    <p class='ocr_par' dir='ltr' id='par_1_3' title="bbox 308 441 1874 975">
     <span class='ocr_line' id='line_1_3' title="bbox 342 441 1837 500; baseline -0.003 -14"><span class='ocrx_word' id='word_1_18' title='bbox 342 449 414 500; x_wconf 85' lang='grc' dir='ltr'><em>τῆς</em></span> <span class='ocrx_word' id='word_1_19' title='bbox 444 448 517 486; x_wconf 85' lang='grc' dir='ltr'><em>τοῦ</em></span> <span class='ocrx_word' id='word_1_20' title='bbox 549 443 820 498; x_wconf 79' lang='grc' dir='ltr'><em>λογιζομένου</em></span> <span class='ocrx_word' id='word_1_21' title='bbox 852 445 1109 495; x_wconf 85' lang='grc' dir='ltr'><em>παραφορᾶς</em></span> <span class='ocrx_word' id='word_1_22' title='bbox 1140 441 1256 494; x_wconf 78' lang='grc' dir='ltr'><em>αὐτῷ</em></span> <span class='ocrx_word' id='word_1_23' title='bbox 1281 441 1488 496; x_wconf 84' lang='grc' dir='ltr'><em>ἐπιούσης,</em></span> <span class='ocrx_word' id='word_1_24' title='bbox 1522 442 1615 482; x_wconf 79' lang='grc' dir='ltr'><em>οὔτε</em></span> <span class='ocrx_word' id='word_1_25' title='bbox 1635 441 1837 495; x_wconf 83' lang='grc' dir='ltr'><em>προόὸοις</em></span> 
     </span>
     <span class='ocr_line' id='line_1_4' title="bbox 344 506 1838 567; baseline -0.003 -13"><span class='ocrx_word' id='word_1_26' title='bbox 344 514 543 567; x_wconf 78' lang='grc' dir='ltr'><em>ἐκέχρητο</em></span> <span class='ocrx_word' id='word_1_27' title='bbox 587 514 774 564; x_wconf 84' lang='grc' dir='ltr'><em>συνεχῶς</em></span> <span class='ocrx_word' id='word_1_28' title='bbox 818 510 911 551; x_wconf 80' lang='grc' dir='ltr'><em>οὔτε</em></span> <span class='ocrx_word' id='word_1_29' title='bbox 954 509 1172 563; x_wconf 78' lang='grc' dir='ltr'><em>βασιλείοις</em></span> <span class='ocrx_word' id='word_1_30' title='bbox 1215 513 1403 563; x_wconf 85' lang='grc' dir='ltr'><em>πομπαῖς</em></span> <span class='ocrx_word' id='word_1_31' title='bbox 1447 506 1532 550; x_wconf 78' lang='grc' dir='ltr'><em>οὔτ’</em></span> <span class='ocrx_word' id='word_1_32' title='bbox 1575 510 1619 551; x_wconf 84' lang='grc' dir='ltr'><em>ἐν</em></span> <span class='ocrx_word' id='word_1_33' title='bbox 1655 510 1838 564; x_wconf 85' lang='grc' dir='ltr'><em>βήμασιν</em></span> 
     </span>
     <span class='ocr_line' id='line_1_5' title="bbox 345 577 1837 634; baseline -0.002 -13"><span class='ocrx_word' id='word_1_34' title='bbox 345 580 590 634; x_wconf 85' lang='grc' dir='ltr'><em>ἐχρημάτιζε</em></span> <span class='ocrx_word' id='word_1_35' title='bbox 611 584 672 633; x_wconf 75' lang='grc' dir='ltr'><em>τῷ</em></span> <span class='ocrx_word' id='word_1_36' title='bbox 693 578 888 633; x_wconf 82' lang='grc' dir='ltr'><em>βασιλείῳ</em></span> <span class='ocrx_word' id='word_1_37' title='bbox 911 577 1060 631; x_wconf 86' lang='grc' dir='ltr'><em>θρόνῳ</em></span> <span class='ocrx_word' id='word_1_38' title='bbox 1093 577 1236 623; x_wconf 79' lang='grc' dir='ltr'><em>ἄνετος</em></span> <span class='ocrx_word' id='word_1_39' title='bbox 1268 577 1533 632; x_wconf 80' lang='grc' dir='ltr'><em>ἐφεζόμενος,</em></span> <span class='ocrx_word' id='word_1_40' title='bbox 1567 577 1669 619; x_wconf 84' lang='grc' dir='ltr'><em>ἀλλὰ</em></span> <span class='ocrx_word' id='word_1_41' title='bbox 1699 592 1837 632; x_wconf 88' lang='grc' dir='ltr'><em>παρα-</em></span> 
     </span>
     <span class='ocr_line' id='line_1_6' title="bbox 342 646 1874 702; baseline -0.002 -13"><span class='ocrx_word' id='word_1_42' title='bbox 342 649 582 702; x_wconf 86' lang='grc' dir='ltr'><em>πετάσματα</em></span> <span class='ocrx_word' id='word_1_43' title='bbox 626 647 720 700; x_wconf 87' lang='grc' dir='ltr'><em>περὶ</em></span> <span class='ocrx_word' id='word_1_44' title='bbox 760 646 887 688; x_wconf 80' lang='grc' dir='ltr'><em>αὐτὸν</em></span> <span class='ocrx_word' id='word_1_45' title='bbox 924 646 1190 700; x_wconf 78' lang='grc' dir='ltr'><em>ἅπῃώρηντο,</em></span> <span class='ocrx_word' id='word_1_46' title='bbox 1235 646 1309 686; x_wconf 85' lang='grc' dir='ltr'><em>καί</em></span> <span class='ocrx_word' id='word_1_47' title='bbox 1343 662 1446 692; x_wconf 90' lang='grc' dir='ltr'><em>τινες</em></span> <span class='ocrx_word' id='word_1_48' title='bbox 1486 646 1687 700; x_wconf 76' lang='grc' dir='ltr'><em>ἐπιτηρεῖν</em></span> <span class='ocrx_word' id='word_1_49' title='bbox 1724 661 1837 686; x_wconf 91' lang='grc' dir='ltr'><em>τετα-</em></span> <span class='ocrx_word' id='word_1_50' title='bbox 1851 651 1874 687; x_wconf 87' lang='grc'>5</span> 
     </span>
     <span class='ocr_line' id='line_1_7' title="bbox 308 713 1838 771; baseline -0.001 -14"><span class='ocrx_word' id='word_1_51' title='bbox 308 717 486 771; x_wconf 79' lang='grc' dir='ltr'><em>2γμένοι</em></span> <span class='ocrx_word' id='word_1_52' title='bbox 518 715 644 756; x_wconf 80' lang='grc' dir='ltr'><em>αὐτὸν</em></span> <span class='ocrx_word' id='word_1_53' title='bbox 674 715 944 768; x_wconf 75' lang='grc' dir='ltr'><em>περιίσταντο,</em></span> <span class='ocrx_word' id='word_1_54' title='bbox 977 715 1021 755; x_wconf 86' lang='grc' dir='ltr'><em>οἳ</em></span> <span class='ocrx_word' id='word_1_55' title='bbox 1047 714 1226 768; x_wconf 77' lang='grc' dir='ltr'><em>ὁπηνίκα</em></span> <span class='ocrx_word' id='word_1_56' title='bbox 1258 730 1292 755; x_wconf 93' lang='grc' dir='ltr'><em>τι</em></span> <span class='ocrx_word' id='word_1_57' title='bbox 1324 717 1495 768; x_wconf 88' lang='grc' dir='ltr'><em>σημεῖον</em></span> <span class='ocrx_word' id='word_1_58' title='bbox 1527 713 1639 755; x_wconf 81' lang='grc' dir='ltr'><em>εἶδον</em></span> <span class='ocrx_word' id='word_1_59' title='bbox 1668 717 1740 768; x_wconf 87' lang='grc' dir='ltr'><em>τῆς</em></span> <span class='ocrx_word' id='word_1_60' title='bbox 1764 717 1838 755; x_wconf 81' lang='grc' dir='ltr'><em>τοῦ</em></span> 
     </span>
     <span class='ocr_line' id='line_1_8' title="bbox 343 780 1840 838; baseline -0.002 -12"><span class='ocrx_word' id='word_1_61' title='bbox 343 789 419 826; x_wconf 82' lang='grc' dir='ltr'><em>νοῦ</em></span> <span class='ocrx_word' id='word_1_62' title='bbox 450 783 725 838; x_wconf 80' lang='grc' dir='ltr'><em>παρατροπῆς</em></span> <span class='ocrx_word' id='word_1_63' title='bbox 767 781 914 837; x_wconf 80' lang='grc' dir='ltr'><em>(πολλὰ</em></span> <span class='ocrx_word' id='word_1_64' title='bbox 953 783 998 824; x_wconf 80' lang='grc' dir='ltr'><em>δὲ</em></span> <span class='ocrx_word' id='word_1_65' title='bbox 1028 783 1179 837; x_wconf 88' lang='grc' dir='ltr'><em>ταύτην</em></span> <span class='ocrx_word' id='word_1_66' title='bbox 1211 783 1327 836; x_wconf 79' lang='grc' dir='ltr'><em>αὐτῷ</em></span> <span class='ocrx_word' id='word_1_67' title='bbox 1357 780 1659 836; x_wconf 80' lang='grc' dir='ltr'><em>προεμήνυον),</em></span> <span class='ocrx_word' id='word_1_68' title='bbox 1704 782 1840 823; x_wconf 86' lang='grc' dir='ltr'><em>εἷλκον</em></span> 
     </span>
     <span class='ocr_line' id='line_1_9' title="bbox 344 850 1840 905; baseline -0.001 -12"><span class='ocrx_word' id='word_1_69' title='bbox 344 850 407 893; x_wconf 80' lang='grc' dir='ltr'><em>ἐπ’</em></span> <span class='ocrx_word' id='word_1_70' title='bbox 431 853 589 893; x_wconf 85' lang='grc' dir='ltr'><em>ἐκεῖνον</em></span> <span class='ocrx_word' id='word_1_71' title='bbox 611 851 740 897; x_wconf 75' lang='grc' dir='ltr'><em>εὐθὺς</em></span> <span class='ocrx_word' id='word_1_72' title='bbox 765 850 814 892; x_wconf 87' lang='grc' dir='ltr'><em>τὰ</em></span> <span class='ocrx_word' id='word_1_73' title='bbox 846 851 1203 905; x_wconf 85' lang='grc' dir='ltr'><em>παραπετάσματα</em></span> <span class='ocrx_word' id='word_1_74' title='bbox 1236 850 1307 891; x_wconf 90' lang='grc' dir='ltr'><em>καὶ</em></span> <span class='ocrx_word' id='word_1_75' title='bbox 1338 851 1497 896; x_wconf 86' lang='grc' dir='ltr'><em>τούτοις</em></span> <span class='ocrx_word' id='word_1_76' title='bbox 1527 850 1598 892; x_wconf 89' lang='grc' dir='ltr'><em>τὸν</em></span> <span class='ocrx_word' id='word_1_77' title='bbox 1628 850 1840 905; x_wconf 87' lang='grc' dir='ltr'><em>πάσχοντα</em></span> 
     </span>
     <span class='ocr_line' id='line_1_10' title="bbox 309 917 1842 975; baseline -0.001 -13"><span class='ocrx_word' id='word_1_78' title='bbox 309 921 698 975; x_wconf 88' lang='grc' dir='ltr'><em>3συγκαλύπτοντες</em></span> <span class='ocrx_word' id='word_1_79' title='bbox 738 920 884 967; x_wconf 77' lang='grc' dir='ltr'><em>ἐξιέναι</em></span> <span class='ocrx_word' id='word_1_80' title='bbox 919 923 1003 966; x_wconf 90' lang='grc' dir='ltr'><em>τοῖς</em></span> <span class='ocrx_word' id='word_1_81' title='bbox 1042 923 1302 973; x_wconf 84' lang='grc' dir='ltr'><em>παρεστῶσιν</em></span> <span class='ocrx_word' id='word_1_82' title='bbox 1343 919 1636 960; x_wconf 79' lang='grc' dir='ltr'><em>ἐνεκελεύοντο.</em></span> <span class='ocrx_word' id='word_1_83' title='bbox 1697 923 1759 973; x_wconf 78' lang='grc' dir='ltr'><em>τῷ</em></span> <span class='ocrx_word' id='word_1_84' title='bbox 1796 917 1842 960; x_wconf 81' lang='grc' dir='ltr'><em>δὲ</em></span> 
     </span>
    </p>
   </div>
   <div class='ocr_carea' id='block_1_4' title="bbox 307 986 1902 1043">
    <p class='ocr_par' dir='ltr' id='par_1_4' title="bbox 307 986 1902 1043">
     <span class='ocr_line' id='line_1_11' title="bbox 307 986 1902 1043; baseline 0 -13"><span class='ocrx_word' id='word_1_85' title='bbox 307 989 509 1043; x_wconf 86' lang='grc' dir='ltr'><em>4ἄθρόον</em></span> <span class='ocrx_word' id='word_1_86' title='bbox 545 1004 586 1030; x_wconf 90' lang='grc' dir='ltr'><em>τε</em></span> <span class='ocrx_word' id='word_1_87' title='bbox 622 988 668 1029; x_wconf 85' lang='grc' dir='ltr'><em>τὸ</em></span> <span class='ocrx_word' id='word_1_88' title='bbox 705 988 847 1033; x_wconf 87' lang='grc' dir='ltr'><em>πάθος</em></span> <span class='ocrx_word' id='word_1_89' title='bbox 879 987 994 1042; x_wconf 81' lang='grc' dir='ltr'><em>ἐπῄει</em></span> <span class='ocrx_word' id='word_1_90' title='bbox 1025 987 1096 1028; x_wconf 83' lang='grc' dir='ltr'><em>καὶ</em></span> <span class='ocrx_word' id='word_1_91' title='bbox 1129 987 1294 1041; x_wconf 83' lang='grc' dir='ltr'><em>ἀθρόον</em></span> <span class='ocrx_word' id='word_1_92' title='bbox 1326 987 1536 1042; x_wconf 81' lang='grc' dir='ltr'><em>ἀφίστατο.</em></span> <span class='ocrx_word' id='word_1_93' title='bbox 1598 988 1735 1034; x_wconf 82' lang='grc' dir='ltr'><em>οὕτως</em></span> <span class='ocrx_word' id='word_1_94' title='bbox 1766 986 1842 1029; x_wconf 86' lang='grc' dir='ltr'><em>οὗν</em></span> <span class='ocrx_word' id='word_1_95' title='bbox 1857 995 1902 1030; x_wconf 92' lang='grc'><em>10</em></span> 
     </span>
    </p>
   </div>
   <div class='ocr_carea' id='block_1_5' title="bbox 299 1055 1841 1317">
    <p class='ocr_par' dir='ltr' id='par_1_5' title="bbox 299 1055 1841 1317">
     <span class='ocr_line' id='line_1_12' title="bbox 299 1055 1841 1112; baseline -0.001 -13"><span class='ocrx_word' id='word_1_96' title='bbox 299 1058 456 1112; x_wconf 80' lang='grc' dir='ltr'><em>Βέχων</em></span> <span class='ocrx_word' id='word_1_97' title='bbox 488 1058 512 1099; x_wconf 86' lang='grc' dir='ltr'>ὁ</span> <span class='ocrx_word' id='word_1_98' title='bbox 542 1055 717 1111; x_wconf 70' lang='grc' dir='ltr'><em>Μχαὴλ</em></span> <span class='ocrx_word' id='word_1_99' title='bbox 747 1055 853 1097; x_wconf 85' lang='grc' dir='ltr'><em>κατὰ</em></span> <span class='ocrx_word' id='word_1_100' title='bbox 884 1055 1023 1110; x_wconf 87' lang='grc' dir='ltr'><em>βραχὺ</em></span> <span class='ocrx_word' id='word_1_101' title='bbox 1055 1055 1126 1097; x_wconf 84' lang='grc' dir='ltr'><em>καὶ</em></span> <span class='ocrx_word' id='word_1_102' title='bbox 1156 1059 1230 1097; x_wconf 87' lang='grc' dir='ltr'><em>τοῦ</em></span> <span class='ocrx_word' id='word_1_103' title='bbox 1263 1056 1368 1110; x_wconf 86' lang='grc' dir='ltr'><em>ὁρᾶν</em></span> <span class='ocrx_word' id='word_1_104' title='bbox 1398 1055 1472 1110; x_wconf 87' lang='grc' dir='ltr'><em>τὴν</em></span> <span class='ocrx_word' id='word_1_105' title='bbox 1502 1056 1741 1110; x_wconf 81' lang='grc' dir='ltr'><em>βασίλισσαν</em></span> <span class='ocrx_word' id='word_1_106' title='bbox 1769 1055 1841 1097; x_wconf 84' lang='grc' dir='ltr'><em>καὶ</em></span> 
     </span>
     <span class='ocr_line' id='line_1_13' title="bbox 343 1121 1841 1180; baseline -0.002 -13"><span class='ocrx_word' id='word_1_107' title='bbox 343 1130 416 1167; x_wconf 84' lang='grc' dir='ltr'><em>τοῦ</em></span> <span class='ocrx_word' id='word_1_108' title='bbox 447 1125 660 1180; x_wconf 87' lang='grc' dir='ltr'><em>προσιέναι</em></span> <span class='ocrx_word' id='word_1_109' title='bbox 692 1125 893 1178; x_wconf 82' lang='grc' dir='ltr'><em>ἀπείχετο,</em></span> <span class='ocrx_word' id='word_1_110' title='bbox 939 1126 965 1179; x_wconf 84' lang='grc' dir='ltr'><em>ἢ</em></span> <span class='ocrx_word' id='word_1_111' title='bbox 999 1124 1248 1178; x_wconf 82' lang='grc' dir='ltr'><em>αἰδούμενος</em></span> <span class='ocrx_word' id='word_1_112' title='bbox 1280 1123 1340 1165; x_wconf 84' lang='grc' dir='ltr'><em>ὅτι</em></span> <span class='ocrx_word' id='word_1_113' title='bbox 1372 1124 1438 1165; x_wconf 82' lang='grc' dir='ltr'><em>οἶα</em></span> <span class='ocrx_word' id='word_1_114' title='bbox 1470 1121 1567 1166; x_wconf 83' lang='grc' dir='ltr'><em>ἀνθ’</em></span> <span class='ocrx_word' id='word_1_115' title='bbox 1602 1125 1705 1166; x_wconf 83' lang='grc' dir='ltr'><em>οἴων</em></span> <span class='ocrx_word' id='word_1_116' title='bbox 1736 1124 1841 1179; x_wconf 80' lang='grc' dir='ltr'><em>αὐτῇ</em></span> 
     </span>
     <span class='ocr_line' id='line_1_14' title="bbox 344 1192 1840 1248; baseline -0.003 -12"><span class='ocrx_word' id='word_1_117' title='bbox 344 1194 652 1248; x_wconf 82' lang='grc' dir='ltr'><em>ἅνταπέὸωκεν,</em></span> <span class='ocrx_word' id='word_1_118' title='bbox 686 1195 711 1248; x_wconf 81' lang='grc' dir='ltr'><em>ἢ</em></span> <span class='ocrx_word' id='word_1_119' title='bbox 735 1193 795 1234; x_wconf 85' lang='grc' dir='ltr'><em>ὅτι</em></span> <span class='ocrx_word' id='word_1_120' title='bbox 816 1193 938 1247; x_wconf 85' lang='grc' dir='ltr'><em>θαμὰ</em></span> <span class='ocrx_word' id='word_1_121' title='bbox 960 1192 1031 1234; x_wconf 85' lang='grc' dir='ltr'><em>καὶ</em></span> <span class='ocrx_word' id='word_1_122' title='bbox 1054 1193 1295 1247; x_wconf 81' lang='grc' dir='ltr'><em>ἕτοιμότατα</em></span> <span class='ocrx_word' id='word_1_123' title='bbox 1317 1196 1391 1234; x_wconf 82' lang='grc' dir='ltr'><em>τοῦ</em></span> <span class='ocrx_word' id='word_1_124' title='bbox 1412 1192 1582 1238; x_wconf 87' lang='grc' dir='ltr'><em>πάθους</em></span> <span class='ocrx_word' id='word_1_125' title='bbox 1606 1192 1724 1246; x_wconf 79' lang='grc' dir='ltr'><em>αὐτῷ</em></span> <span class='ocrx_word' id='word_1_126' title='bbox 1755 1192 1840 1233; x_wconf 88' lang='grc' dir='ltr'><em>ἐπι-</em></span> 
     </span>
     <span class='ocr_line' id='line_1_15' title="bbox 344 1258 1840 1317; baseline -0.002 -13"><span class='ocrx_word' id='word_1_127' title='bbox 344 1264 563 1317; x_wconf 84' lang='grc' dir='ltr'><em>γινομένου</em></span> <span class='ocrx_word' id='word_1_128' title='bbox 606 1261 807 1317; x_wconf 82' lang='grc' dir='ltr'><em>ᾐσχύνετο</em></span> <span class='ocrx_word' id='word_1_129' title='bbox 850 1261 1028 1316; x_wconf 85' lang='grc' dir='ltr'><em>πάσχων</em></span> <span class='ocrx_word' id='word_1_130' title='bbox 1074 1262 1185 1303; x_wconf 79' lang='grc' dir='ltr'><em>οὕτω</em></span> <span class='ocrx_word' id='word_1_131' title='bbox 1230 1258 1330 1315; x_wconf 87' lang='grc' dir='ltr'><em>παρ’</em></span> <span class='ocrx_word' id='word_1_132' title='bbox 1377 1261 1535 1315; x_wconf 85' lang='grc' dir='ltr'><em>ἐκείνης</em></span> <span class='ocrx_word' id='word_1_133' title='bbox 1574 1260 1769 1315; x_wconf 71' lang='grc' dir='ltr'><em>ὁρᾶσθαι,</em></span> <span class='ocrx_word' id='word_1_134' title='bbox 1814 1262 1840 1315; x_wconf 91' lang='grc' dir='ltr'><em>ἢ</em></span> 
     </span>
    </p>
   </div>
   <div class='ocr_carea' id='block_1_6' title="bbox 345 1328 1902 1385">
    <p class='ocr_par' dir='ltr' id='par_1_6' title="bbox 345 1328 1902 1385">
     <span class='ocr_line' id='line_1_16' title="bbox 345 1328 1902 1385; baseline -0.001 -13"><span class='ocrx_word' id='word_1_135' title='bbox 345 1331 412 1372; x_wconf 81' lang='grc' dir='ltr'><em>διὰ</em></span> <span class='ocrx_word' id='word_1_136' title='bbox 455 1330 501 1372; x_wconf 87' lang='grc' dir='ltr'><em>τὸ</em></span> <span class='ocrx_word' id='word_1_137' title='bbox 539 1330 614 1385; x_wconf 85' lang='grc' dir='ltr'><em>τὴν</em></span> <span class='ocrx_word' id='word_1_138' title='bbox 652 1331 735 1378; x_wconf 78' lang='grc' dir='ltr'><em>ἕξιν</em></span> <span class='ocrx_word' id='word_1_139' title='bbox 774 1334 847 1371; x_wconf 86' lang='grc' dir='ltr'><em>τοῦ</em></span> <span class='ocrx_word' id='word_1_140' title='bbox 886 1330 1083 1384; x_wconf 87' lang='grc' dir='ltr'><em>σώματος</em></span> <span class='ocrx_word' id='word_1_141' title='bbox 1125 1329 1385 1384; x_wconf 78' lang='grc' dir='ltr'><em>διεφθάρθαι</em></span> <span class='ocrx_word' id='word_1_142' title='bbox 1423 1330 1463 1370; x_wconf 84' lang='grc' dir='ltr'><em>οἱ</em></span> <span class='ocrx_word' id='word_1_143' title='bbox 1495 1329 1565 1370; x_wconf 85' lang='grc' dir='ltr'><em>καὶ</em></span> <span class='ocrx_word' id='word_1_144' title='bbox 1595 1328 1704 1383; x_wconf 84' lang='grc' dir='ltr'><em>πρὸς</em></span> <span class='ocrx_word' id='word_1_145' title='bbox 1731 1329 1842 1383; x_wconf 82' lang='grc' dir='ltr'><em>μίξιν</em></span> <span class='ocrx_word' id='word_1_146' title='bbox 1858 1335 1902 1371; x_wconf 83' lang='lat'><em>15</em></span> 
     </span>
    </p>
   </div>
   <div class='ocr_carea' id='block_1_7' title="bbox 309 1398 1842 1522">
    <p class='ocr_par' dir='ltr' id='par_1_7' title="bbox 309 1398 1842 1522">
     <span class='ocr_line' id='line_1_17' title="bbox 309 1398 1840 1454; baseline -0.001 -14"><span class='ocrx_word' id='word_1_147' title='bbox 309 1407 332 1442; x_wconf 85' lang='grc'>5</span> <span class='ocrx_word' id='word_1_148' title='bbox 344 1399 403 1454; x_wconf 88' lang='grc' dir='ltr'><em>μὴ</em></span> <span class='ocrx_word' id='word_1_149' title='bbox 443 1399 686 1453; x_wconf 88' lang='grc' dir='ltr'><em>πεφυκέναι.</em></span> <span class='ocrx_word' id='word_1_150' title='bbox 748 1399 846 1440; x_wconf 84' lang='grc' dir='ltr'><em>ἔνιοι</em></span> <span class='ocrx_word' id='word_1_151' title='bbox 886 1399 932 1440; x_wconf 84' lang='grc' dir='ltr'><em>δέ</em></span> <span class='ocrx_word' id='word_1_152' title='bbox 970 1414 1096 1453; x_wconf 91' lang='grc' dir='ltr'><em>φασιν</em></span> <span class='ocrx_word' id='word_1_153' title='bbox 1136 1399 1197 1444; x_wconf 84' lang='grc' dir='ltr'><em>ὡς</em></span> <span class='ocrx_word' id='word_1_154' title='bbox 1235 1398 1409 1452; x_wconf 81' lang='grc' dir='ltr'><em>ἀνδράσι</em></span> <span class='ocrx_word' id='word_1_155' title='bbox 1447 1402 1740 1453; x_wconf 88' lang='grc' dir='ltr'><em>πνευματικοῖς</em></span> <span class='ocrx_word' id='word_1_156' title='bbox 1776 1398 1840 1446; x_wconf 83' lang='grc' dir='ltr'><em>ἐξ·</em></span> 
     </span>
     <span class='ocr_line' id='line_1_18' title="bbox 347 1466 1842 1522; baseline -0.001 -13"><span class='ocrx_word' id='word_1_157' title='bbox 347 1467 718 1522; x_wconf 86' lang='grc' dir='ltr'><em>ομολογησάμενος</em></span> <span class='ocrx_word' id='word_1_158' title='bbox 747 1466 794 1508; x_wconf 86' lang='grc' dir='ltr'><em>τὸ</em></span> <span class='ocrx_word' id='word_1_159' title='bbox 825 1471 897 1522; x_wconf 86' lang='grc' dir='ltr'><em>τῆς</em></span> <span class='ocrx_word' id='word_1_160' title='bbox 926 1467 1114 1522; x_wconf 88' lang='grc' dir='ltr'><em>μοιχείας</em></span> <span class='ocrx_word' id='word_1_161' title='bbox 1152 1467 1223 1509; x_wconf 87' lang='grc' dir='ltr'><em>καὶ</em></span> <span class='ocrx_word' id='word_1_162' title='bbox 1258 1471 1332 1508; x_wconf 81' lang='grc' dir='ltr'><em>τοῦ</em></span> <span class='ocrx_word' id='word_1_163' title='bbox 1364 1466 1501 1521; x_wconf 87' lang='grc' dir='ltr'><em>φόνου</em></span> <span class='ocrx_word' id='word_1_164' title='bbox 1531 1470 1606 1508; x_wconf 82' lang='grc' dir='ltr'><em>τοῦ</em></span> <span class='ocrx_word' id='word_1_165' title='bbox 1636 1466 1842 1521; x_wconf 87' lang='grc' dir='ltr'><em>βασιλέως</em></span> 
     </span>
    </p>
   </div>
   <div class='ocr_carea' id='block_1_8' title="bbox 348 1612 1841 1803">
    <p class='ocr_par' dir='ltr' id='par_1_8' title="bbox 348 1612 1841 1660">
     <span class='ocr_line' id='line_1_19' title="bbox 348 1612 1841 1660; baseline -0.001 -11"><span class='ocrx_word' id='word_1_166' title='bbox 348 1615 368 1649; x_wconf 91' lang='grc'>1</span> <span class='ocrx_word' id='word_1_167' title='bbox 406 1616 457 1649; x_wconf 83' lang='grc' dir='ltr'><em>ὅτι</em></span> <span class='ocrx_word' id='word_1_168' title='bbox 489 1615 510 1660; x_wconf 82' lang='grc' dir='ltr'><strong><em>ἡ</em></strong></span> <span class='ocrx_word' id='word_1_169' title='bbox 542 1616 644 1653; x_wconf 85' lang='grc' dir='ltr'><em>νόσος</em></span> <span class='ocrx_word' id='word_1_170' title='bbox 679 1619 739 1660; x_wconf 88' lang='grc' dir='ltr'><em>τῆς</em></span> <span class='ocrx_word' id='word_1_171' title='bbox 772 1619 984 1660; x_wconf 85' lang='grc' dir='ltr'><em>παραφορᾶς</em></span> <span class='ocrx_word' id='word_1_172' title='bbox 1023 1614 1262 1659; x_wconf 85' lang='grc' dir='ltr'><em>κατεκράτησε</em></span> <span class='ocrx_word' id='word_1_173' title='bbox 1297 1615 1437 1659; x_wconf 86' lang='grc' dir='ltr'><em>σφόδρα</em></span> <span class='ocrx_word' id='word_1_174' title='bbox 1475 1620 1536 1650; x_wconf 86' lang='grc' dir='ltr'><em>τοῦ</em></span> <span class='ocrx_word' id='word_1_175' title='bbox 1570 1614 1741 1660; x_wconf 85' lang='grc' dir='ltr'><em>βασιλέως</em></span> <span class='ocrx_word' id='word_1_176' title='bbox 1778 1612 1841 1649; x_wconf 84' lang='lat' dir='ltr'><em>CE</em></span> 
     </span>
    </p>

    <p class='ocr_par' dir='ltr' id='par_1_9' title="bbox 348 1661 1840 1708">
     <span class='ocr_line' id='line_1_20' title="bbox 348 1661 1840 1708; baseline -0.001 -11"><span class='ocrx_word' id='word_1_177' title='bbox 348 1663 394 1697; x_wconf 88' lang='lat'><em>10</em></span> <span class='ocrx_word' id='word_1_178' title='bbox 418 1664 514 1701; x_wconf 84' lang='grc' dir='ltr'><em>ὅπως</em></span> <span class='ocrx_word' id='word_1_179' title='bbox 541 1662 627 1707; x_wconf 86' lang='grc' dir='ltr'><em>(οἶος</em></span> <span class='ocrx_word' id='word_1_180' title='bbox 652 1663 698 1707; x_wconf 87' lang='grc' dir='ltr'><em>Ε)</em></span> <span class='ocrx_word' id='word_1_181' title='bbox 724 1664 804 1707; x_wconf 83' lang='grc' dir='ltr'><em>ἔσχε</em></span> <span class='ocrx_word' id='word_1_182' title='bbox 829 1665 920 1704; x_wconf 82' lang='lat' dir='ltr'>(om.</span> <span class='ocrx_word' id='word_1_183' title='bbox 948 1663 993 1704; x_wconf 87' lang='lat' dir='ltr'><em>E)</em></span> <span class='ocrx_word' id='word_1_184' title='bbox 1018 1663 1097 1707; x_wconf 87' lang='grc' dir='ltr'><em>περὶ</em></span> <span class='ocrx_word' id='word_1_185' title='bbox 1128 1662 1190 1707; x_wconf 84' lang='grc' dir='ltr'><em>τὴν</em></span> <span class='ocrx_word' id='word_1_186' title='bbox 1222 1663 1428 1708; x_wconf 89' lang='grc' dir='ltr'><em>βασίλισσαν</em></span> <span class='ocrx_word' id='word_1_187' title='bbox 1461 1663 1482 1696; x_wconf 84' lang='grc' dir='ltr'>ὄ</span> <span class='ocrx_word' id='word_1_188' title='bbox 1503 1661 1667 1708; x_wconf 87' lang='grc' dir='ltr'><em>βασιλεὺς</em></span> <span class='ocrx_word' id='word_1_189' title='bbox 1692 1661 1840 1706; x_wconf 88' lang='grc' dir='ltr'><em>Μιχαήλ</em></span> 
     </span>
    </p>

    <p class='ocr_par' dir='ltr' id='par_1_10' title="bbox 348 1709 1841 1803">
     <span class='ocr_line' id='line_1_21' title="bbox 348 1709 1841 1802; baseline -0.001 -57"><span class='ocrx_word' id='word_1_190' title='bbox 348 1709 411 1793; x_wconf 58' lang='grc' dir='ltr'><em>ξθΕ</em></span> <span class='ocrx_word' id='word_1_191' title='bbox 443 1710 536 1802; x_wconf 77' lang='lat' dir='ltr'>(sed)</span> <span class='ocrx_word' id='word_1_192' title='bbox 557 1710 586 1744; x_wconf 88' lang='lat' dir='ltr'>E</span> <span class='ocrx_word' id='word_1_193' title='bbox 613 1710 688 1745; x_wconf 89' lang='lat' dir='ltr'><em>hoc</em></span> <span class='ocrx_word' id='word_1_194' title='bbox 720 1712 1005 1756; x_wconf 79' lang='lat' dir='ltr'>argumentum</span> <span class='ocrx_word' id='word_1_195' title='bbox 1041 1720 1254 1756; x_wconf 86' lang='lat' dir='ltr'>perperam</span> <span class='ocrx_word' id='word_1_196' title='bbox 1287 1710 1400 1756; x_wconf 91' lang='lat' dir='ltr'>ponit</span> <span class='ocrx_word' id='word_1_197' title='bbox 1432 1713 1523 1755; x_wconf 91' lang='lat' dir='ltr'>post</span> <span class='ocrx_word' id='word_1_198' title='bbox 1555 1713 1841 1755; x_wconf 84' lang='lat' dir='ltr'><strong>argumentum</strong></span> 
     </span>
     <span class='ocr_line' id='line_1_22' title="bbox 394 1768 521 1803; baseline 0 -11"><span class='ocrx_word' id='word_1_199' title='bbox 394 1768 521 1803; x_wconf 87' lang='lat' dir='ltr'>quens</span> 
     </span>
    </p>
   </div>
   <div class='ocr_carea' id='block_1_9' title="bbox 418 1876 1842 2209">
    <p class='ocr_par' dir='ltr' id='par_1_11' title="bbox 418 1876 1842 2209">
     <span class='ocr_line' id='line_1_23' title="bbox 419 1876 1841 1923; baseline -0.001 -11"><span class='ocrx_word' id='word_1_200' title='bbox 419 1877 439 1911; x_wconf 87' lang='lat'>1</span> <span class='ocrx_word' id='word_1_201' title='bbox 465 1877 715 1922; x_wconf 81' lang='grc' dir='ltr'><em>νεανευομένης</em></span> <span class='ocrx_word' id='word_1_202' title='bbox 740 1877 776 1911; x_wconf 94' lang='lat' dir='ltr'>D</span> <span class='ocrx_word' id='word_1_203' title='bbox 882 1877 905 1912; x_wconf 89' lang='lat'><strong>3</strong></span> <span class='ocrx_word' id='word_1_204' title='bbox 928 1877 1061 1923; x_wconf 88' lang='grc' dir='ltr'><em>βήμασι</em></span> <span class='ocrx_word' id='word_1_205' title='bbox 1087 1877 1130 1921; x_wconf 85' lang='lat' dir='ltr'><em>B,</em></span> <span class='ocrx_word' id='word_1_206' title='bbox 1155 1877 1284 1923; x_wconf 85' lang='grc' dir='ltr'><em>βήματι</em></span> <span class='ocrx_word' id='word_1_207' title='bbox 1311 1876 1339 1913; x_wconf 88' lang='lat' dir='ltr'>C</span> <span class='ocrx_word' id='word_1_208' title='bbox 1448 1877 1471 1911; x_wconf 87' lang='grc'>4</span> <span class='ocrx_word' id='word_1_209' title='bbox 1496 1876 1725 1922; x_wconf 82' lang='grc' dir='ltr'><em>ἐχρημάτιζεν</em></span> <span class='ocrx_word' id='word_1_210' title='bbox 1751 1878 1841 1921; x_wconf 85' lang='lat' dir='ltr'>post</span> 
     </span>
     <span class='ocr_line' id='line_1_24' title="bbox 418 1923 1841 1970; baseline -0.001 -11"><span class='ocrx_word' id='word_1_211' title='bbox 418 1925 630 1970; x_wconf 84' lang='grc' dir='ltr'><em>ἐφεζόμενος</em></span> <span class='ocrx_word' id='word_1_212' title='bbox 655 1924 719 1960; x_wconf 88' lang='lat' dir='ltr'><em>BC</em></span> <span class='ocrx_word' id='word_1_213' title='bbox 815 1925 911 1970; x_wconf 87' lang='grc' dir='ltr'><em>παρὰ</em></span> <span class='ocrx_word' id='word_1_214' title='bbox 935 1925 1133 1969; x_wconf 88' lang='grc' dir='ltr'><em>πετάσματα</em></span> <span class='ocrx_word' id='word_1_215' title='bbox 1162 1926 1191 1959; x_wconf 86' lang='grc' dir='ltr'>Ε</span> <span class='ocrx_word' id='word_1_216' title='bbox 1289 1924 1311 1959; x_wconf 81' lang='lat'>5</span> <span class='ocrx_word' id='word_1_217' title='bbox 1335 1924 1440 1960; x_wconf 80' lang='grc' dir='ltr'><em>αὐτὸν</em></span> <span class='ocrx_word' id='word_1_218' title='bbox 1466 1923 1634 1970; x_wconf 74' lang='lat' dir='ltr'><em>prDi,</em></span> <span class='ocrx_word' id='word_1_219' title='bbox 1664 1924 1780 1959; x_wconf 83' lang='grc' dir='ltr'><em>αὐτῶν</em></span> <span class='ocrx_word' id='word_1_220' title='bbox 1805 1923 1841 1958; x_wconf 90' lang='grc' dir='ltr'><strong>Α</strong></span> 
     </span>
     <span class='ocr_line' id='line_1_25' title="bbox 465 1971 1841 2018; baseline -0.001 -11"><span class='ocrx_word' id='word_1_221' title='bbox 465 1972 659 2018; x_wconf 85' lang='grc' dir='ltr'><em>ἀπῃώρητο</em></span> <span class='ocrx_word' id='word_1_222' title='bbox 687 1972 716 2008; x_wconf 90' lang='lat' dir='ltr'>C</span> <span class='ocrx_word' id='word_1_223' title='bbox 837 1973 857 2008; x_wconf 83' lang='lat'><strong>7</strong></span> <span class='ocrx_word' id='word_1_224' title='bbox 886 1978 1124 2017; x_wconf 86' lang='grc' dir='ltr'><em>παραπομπῆς</em></span> <span class='ocrx_word' id='word_1_225' title='bbox 1150 1972 1185 2006; x_wconf 94' lang='lat' dir='ltr'>D</span> <span class='ocrx_word' id='word_1_226' title='bbox 1307 1973 1403 2007; x_wconf 86' lang='grc' dir='ltr'><em>εἶκον</em></span> <span class='ocrx_word' id='word_1_227' title='bbox 1430 1973 1461 2007; x_wconf 89' lang='grc' dir='ltr'>Ε</span> <span class='ocrx_word' id='word_1_228' title='bbox 1594 1972 1639 2006; x_wconf 92' lang='grc'><em>10</em></span> <span class='ocrx_word' id='word_1_229' title='bbox 1663 1971 1700 2006; x_wconf 85' lang='grc' dir='ltr'><em>τὸ</em></span> <span class='ocrx_word' id='word_1_230' title='bbox 1724 1971 1841 2010; x_wconf 82' lang='grc' dir='ltr'><em>πάθος</em></span> 
     </span>
     <span class='ocr_line' id='line_1_26' title="bbox 420 2018 1841 2065; baseline -0.001 -10"><span class='ocrx_word' id='word_1_231' title='bbox 420 2020 555 2065; x_wconf 82' lang='grc' dir='ltr'><em>ἀθρόον</em></span> <span class='ocrx_word' id='word_1_232' title='bbox 580 2034 616 2055; x_wconf 88' lang='grc' dir='ltr'><em>τε</em></span> <span class='ocrx_word' id='word_1_233' title='bbox 641 2020 676 2055; x_wconf 95' lang='lat' dir='ltr'>D</span> <span class='ocrx_word' id='word_1_234' title='bbox 773 2020 880 2055; x_wconf 87' lang='grc' dir='ltr'><em>ἐποίει</em></span> <span class='ocrx_word' id='word_1_235' title='bbox 907 2020 937 2054; x_wconf 89' lang='grc' dir='ltr'>Β</span> <span class='ocrx_word' id='word_1_236' title='bbox 1049 2021 1094 2055; x_wconf 82' lang='grc'><em>12</em></span> <span class='ocrx_word' id='word_1_237' title='bbox 1118 2020 1274 2065; x_wconf 88' lang='grc' dir='ltr'><em>προιέναι</em></span> <span class='ocrx_word' id='word_1_238' title='bbox 1300 2019 1336 2054; x_wconf 91' lang='lat' dir='ltr'>D</span> <span class='ocrx_word' id='word_1_239' title='bbox 1445 2020 1500 2054; x_wconf 82' lang='grc' dir='ltr'><em>οἵα</em></span> <span class='ocrx_word' id='word_1_240' title='bbox 1527 2023 1565 2055; x_wconf 79' lang='lat' dir='ltr'><em>et</em></span> <span class='ocrx_word' id='word_1_241' title='bbox 1590 2021 1646 2054; x_wconf 84' lang='grc' dir='ltr'><em>οἵα</em></span> <span class='ocrx_word' id='word_1_242' title='bbox 1671 2029 1744 2064; x_wconf 84' lang='lat' dir='ltr'><em>per</em></span> <span class='ocrx_word' id='word_1_243' title='bbox 1770 2018 1841 2053; x_wconf 79' lang='lat' dir='ltr'>dit-</span> 
     </span>
     <span class='ocr_line' id='line_1_27' title="bbox 420 2066 1840 2113; baseline -0.001 -11"><span class='ocrx_word' id='word_1_244' title='bbox 420 2070 524 2113; x_wconf 81' lang='lat' dir='ltr'>togr.</span> <span class='ocrx_word' id='word_1_245' title='bbox 545 2067 573 2103; x_wconf 90' lang='lat' dir='ltr'>C</span> <span class='ocrx_word' id='word_1_246' title='bbox 673 2068 717 2103; x_wconf 87' lang='lat'><em>13</em></span> <span class='ocrx_word' id='word_1_247' title='bbox 743 2071 837 2103; x_wconf 81' lang='lat' dir='ltr'>ante</span> <span class='ocrx_word' id='word_1_248' title='bbox 862 2073 923 2103; x_wconf 84' lang='grc' dir='ltr'><em>τοῦ</em></span> <span class='ocrx_word' id='word_1_249' title='bbox 950 2068 1041 2103; x_wconf 86' lang='lat' dir='ltr'>add.</span> <span class='ocrx_word' id='word_1_250' title='bbox 1068 2068 1108 2103; x_wconf 88' lang='grc' dir='ltr'><em>τὰ</em></span> <span class='ocrx_word' id='word_1_251' title='bbox 1128 2068 1174 2112; x_wconf 87' lang='lat' dir='ltr'><em>A,</em></span> <span class='ocrx_word' id='word_1_252' title='bbox 1203 2079 1278 2103; x_wconf 87' lang='lat' dir='ltr'><em>om.</em></span> <span class='ocrx_word' id='word_1_253' title='bbox 1293 2067 1451 2113; x_wconf 77' lang='lat' dir='ltr'><em>prDi</em></span> <span class='ocrx_word' id='word_1_254' title='bbox 1546 2067 1788 2112; x_wconf 82' lang='grc' dir='ltr'><em>ἐπιγενομένου</em></span> <span class='ocrx_word' id='word_1_255' title='bbox 1809 2066 1840 2101; x_wconf 89' lang='grc' dir='ltr'>Β</span> 
     </span>
     <span class='ocr_line' id='line_1_28' title="bbox 422 2114 1842 2161; baseline 0 -11"><span class='ocrx_word' id='word_1_256' title='bbox 422 2116 466 2150; x_wconf 82' lang='grc'><em>15</em></span> <span class='ocrx_word' id='word_1_257' title='bbox 492 2118 586 2150; x_wconf 75' lang='lat' dir='ltr'>ante</span> <span class='ocrx_word' id='word_1_258' title='bbox 612 2115 670 2150; x_wconf 85' lang='grc' dir='ltr'><em>διὰ</em></span> <span class='ocrx_word' id='word_1_259' title='bbox 697 2115 789 2150; x_wconf 83' lang='lat' dir='ltr'>add.</span> <span class='ocrx_word' id='word_1_260' title='bbox 815 2117 866 2150; x_wconf 86' lang='grc' dir='ltr'><em>ὅτι</em></span> <span class='ocrx_word' id='word_1_261' title='bbox 893 2114 923 2151; x_wconf 89' lang='lat' dir='ltr'>C</span> <span class='ocrx_word' id='word_1_262' title='bbox 1057 2116 1299 2161; x_wconf 80' lang='grc' dir='ltr'><em>ὂιεφθάρσθαι</em></span> <span class='ocrx_word' id='word_1_263' title='bbox 1325 2116 1409 2161; x_wconf 83' lang='lat' dir='ltr'><em>W*p</em></span> <span class='ocrx_word' id='word_1_264' title='bbox 1531 2117 1628 2159; x_wconf 82' lang='grc' dir='ltr'><em>μῖξιν</em></span> <span class='ocrx_word' id='word_1_265' title='bbox 1654 2126 1679 2160; x_wconf 90' lang='lat' dir='ltr'>p</span> <span class='ocrx_word' id='word_1_266' title='bbox 1705 2115 1842 2150; x_wconf 73' lang='lat' dir='ltr'>invitis</span> 
     </span>
     <span class='ocr_line' id='line_1_29' title="bbox 419 2161 1742 2209; baseline -0.001 -11"><span class='ocrx_word' id='word_1_267' title='bbox 419 2162 527 2198; x_wconf 87' lang='lat' dir='ltr'><em>ARW</em></span> <span class='ocrx_word' id='word_1_268' title='bbox 628 2164 672 2198; x_wconf 84' lang='lat'><em>17</em></span> <span class='ocrx_word' id='word_1_269' title='bbox 698 2168 758 2198; x_wconf 88' lang='grc' dir='ltr'><em>τοῦ</em></span> <span class='ocrx_word' id='word_1_270' title='bbox 785 2164 897 2208; x_wconf 87' lang='grc' dir='ltr'><em>φόνου</em></span> <span class='ocrx_word' id='word_1_271' title='bbox 923 2163 984 2198; x_wconf 84' lang='grc' dir='ltr'><em>καὶ</em></span> <span class='ocrx_word' id='word_1_272' title='bbox 1009 2168 1068 2209; x_wconf 86' lang='grc' dir='ltr'><em>τῆς</em></span> <span class='ocrx_word' id='word_1_273' title='bbox 1091 2165 1251 2208; x_wconf 88' lang='grc' dir='ltr'><em>μοιχείας</em></span> <span class='ocrx_word' id='word_1_274' title='bbox 1276 2163 1312 2197; x_wconf 91' lang='lat' dir='ltr'>D</span> <span class='ocrx_word' id='word_1_275' title='bbox 1412 2167 1472 2198; x_wconf 85' lang='grc' dir='ltr'><em>τοῦ</em></span> <span class='ocrx_word' id='word_1_276' title='bbox 1497 2164 1575 2208; x_wconf 87' lang='grc' dir='ltr'><em>βασ.</em></span> <span class='ocrx_word' id='word_1_277' title='bbox 1604 2173 1679 2198; x_wconf 86' lang='lat' dir='ltr'><em>om.</em></span> <span class='ocrx_word' id='word_1_278' title='bbox 1705 2161 1742 2196; x_wconf 92' lang='lat' dir='ltr'>D</span> 
     </span>
    </p>
   </div>
   <div class='ocr_carea' id='block_1_10' title="bbox 313 2300 1843 2962">
    <p class='ocr_par' dir='ltr' id='par_1_12' title="bbox 348 2300 1843 2442">
     <span class='ocr_line' id='line_1_30' title="bbox 468 2300 1843 2345; baseline -0.001 -10"><span class='ocrx_word' id='word_1_279' title='bbox 468 2300 524 2336; x_wconf 82' lang='lat'><em>16.</em></span> <span class='ocrx_word' id='word_1_280' title='bbox 576 2300 761 2338; x_wconf 88' lang='lat' dir='ltr'>Ceterum</span> <span class='ocrx_word' id='word_1_281' title='bbox 789 2301 929 2336; x_wconf 88' lang='lat' dir='ltr'>morbo</span> <span class='ocrx_word' id='word_1_282' title='bbox 948 2301 1222 2336; x_wconf 77' lang='lat' dir='ltr'>invalescente</span> <span class='ocrx_word' id='word_1_283' title='bbox 1240 2303 1280 2336; x_wconf 90' lang='lat' dir='ltr'><em>et</em></span> <span class='ocrx_word' id='word_1_284' title='bbox 1297 2300 1441 2335; x_wconf 89' lang='lat' dir='ltr'>mentis</span> <span class='ocrx_word' id='word_1_285' title='bbox 1459 2300 1702 2335; x_wconf 83' lang='lat' dir='ltr'>alienatione</span> <span class='ocrx_word' id='word_1_286' title='bbox 1720 2309 1843 2345; x_wconf 84' lang='lat' dir='ltr'>saepe</span> 
     </span>
     <span class='ocr_line' id='line_1_31' title="bbox 348 2347 1842 2394; baseline 0 -11"><span class='ocrx_word' id='word_1_287' title='bbox 348 2349 579 2393; x_wconf 79' lang='lat' dir='ltr'>invadente,</span> <span class='ocrx_word' id='word_1_288' title='bbox 618 2359 751 2394; x_wconf 84' lang='lat' dir='ltr'>neque</span> <span class='ocrx_word' id='word_1_289' title='bbox 789 2349 1023 2393; x_wconf 86' lang='lat' dir='ltr'>frequenter</span> <span class='ocrx_word' id='word_1_290' title='bbox 1060 2349 1099 2383; x_wconf 92' lang='lat' dir='ltr'>in</span> <span class='ocrx_word' id='word_1_291' title='bbox 1140 2349 1345 2394; x_wconf 88' lang='lat' dir='ltr'>publicum</span> <span class='ocrx_word' id='word_1_292' title='bbox 1383 2347 1572 2393; x_wconf 82' lang='lat' dir='ltr'>prodibat</span> <span class='ocrx_word' id='word_1_293' title='bbox 1603 2357 1676 2382; x_wconf 83' lang='lat' dir='ltr'><em>rex</em></span> <span class='ocrx_word' id='word_1_294' title='bbox 1708 2357 1842 2392; x_wconf 88' lang='lat' dir='ltr'>neque</span> 
     </span>
     <span class='ocr_line' id='line_1_32' title="bbox 350 2394 1842 2442; baseline -0.001 -11"><span class='ocrx_word' id='word_1_295' title='bbox 350 2406 499 2442; x_wconf 89' lang='lat' dir='ltr'>pompa</span> <span class='ocrx_word' id='word_1_296' title='bbox 530 2397 646 2442; x_wconf 86' lang='lat' dir='ltr'>regia</span> <span class='ocrx_word' id='word_1_297' title='bbox 677 2396 869 2432; x_wconf 89' lang='lat' dir='ltr'>utebatur</span> <span class='ocrx_word' id='word_1_298' title='bbox 902 2407 1035 2441; x_wconf 88' lang='lat' dir='ltr'>neque</span> <span class='ocrx_word' id='word_1_299' title='bbox 1061 2406 1230 2431; x_wconf 83' lang='lat' dir='ltr'>securus</span> <span class='ocrx_word' id='word_1_300' title='bbox 1255 2397 1295 2430; x_wconf 90' lang='lat' dir='ltr'>in</span> <span class='ocrx_word' id='word_1_301' title='bbox 1322 2396 1420 2430; x_wconf 83' lang='lat' dir='ltr'>solio</span> <span class='ocrx_word' id='word_1_302' title='bbox 1446 2395 1559 2440; x_wconf 83' lang='lat' dir='ltr'>regio</span> <span class='ocrx_word' id='word_1_303' title='bbox 1587 2394 1731 2430; x_wconf 88' lang='lat' dir='ltr'>sedens</span> <span class='ocrx_word' id='word_1_304' title='bbox 1756 2404 1842 2430; x_wconf 89' lang='lat' dir='ltr'><em>rem</em></span> 
     </span>
    </p>

    <p class='ocr_par' dir='ltr' id='par_1_13' title="bbox 313 2442 1842 2584">
     <span class='ocr_line' id='line_1_33' title="bbox 313 2442 1841 2489; baseline -0.002 -10"><span class='ocrx_word' id='word_1_305' title='bbox 313 2445 530 2489; x_wconf 49' lang='lat' dir='ltr'>‘lgereban</span> <span class='ocrx_word' id='word_1_306' title='bbox 570 2444 640 2479; x_wconf 89' lang='lat' dir='ltr'><em>sed</em></span> <span class='ocrx_word' id='word_1_307' title='bbox 667 2445 758 2479; x_wconf 90' lang='lat' dir='ltr'>vela</span> <span class='ocrx_word' id='word_1_308' title='bbox 786 2445 935 2478; x_wconf 89' lang='lat' dir='ltr'>circum</span> <span class='ocrx_word' id='word_1_309' title='bbox 962 2454 1159 2489; x_wconf 90' lang='lat' dir='ltr'>suspensa</span> <span class='ocrx_word' id='word_1_310' title='bbox 1184 2445 1292 2488; x_wconf 66' lang='lat' dir='ltr'>regis</span> <span class='ocrx_word' id='word_1_311' title='bbox 1320 2443 1494 2486; x_wconf 83' lang='lat' dir='ltr'>comites,</span> <span class='ocrx_word' id='word_1_312' title='bbox 1533 2443 1602 2487; x_wconf 87' lang='lat' dir='ltr'>qui</span> <span class='ocrx_word' id='word_1_313' title='bbox 1632 2442 1841 2477; x_wconf 87' lang='lat' dir='ltr'>attendere</span> 
     </span>
     <span class='ocr_line' id='line_1_34' title="bbox 349 2490 1842 2537; baseline -0.001 -11"><span class='ocrx_word' id='word_1_314' title='bbox 349 2492 447 2526; x_wconf 87' lang='lat' dir='ltr'>iussi</span> <span class='ocrx_word' id='word_1_315' title='bbox 475 2492 748 2527; x_wconf 88' lang='lat' dir='ltr'>observabant</span> <span class='ocrx_word' id='word_1_316' title='bbox 774 2492 892 2537; x_wconf 84' lang='lat' dir='ltr'>signa</span> <span class='ocrx_word' id='word_1_317' title='bbox 917 2492 1010 2526; x_wconf 88' lang='lat' dir='ltr'>mali</span> <span class='ocrx_word' id='word_1_318' title='bbox 1037 2491 1296 2526; x_wconf 87' lang='lat' dir='ltr'>adventantis</span> <span class='ocrx_word' id='word_1_319' title='bbox 1314 2493 1435 2535; x_wconf 87' lang='lat' dir='ltr'>(quae</span> <span class='ocrx_word' id='word_1_320' title='bbox 1453 2490 1612 2534; x_wconf 88' lang='lat' dir='ltr'>quidem</span> <span class='ocrx_word' id='word_1_321' title='bbox 1634 2490 1842 2535; x_wconf 86' lang='lat' dir='ltr'>complura</span> 
     </span>
     <span class='ocr_line' id='line_1_35' title="bbox 350 2537 1840 2584; baseline -0.002 -10"><span class='ocrx_word' id='word_1_322' title='bbox 350 2540 387 2574; x_wconf 87' lang='lat' dir='ltr'><em>ei</em></span> <span class='ocrx_word' id='word_1_323' title='bbox 419 2539 561 2584; x_wconf 85' lang='lat' dir='ltr'>erant),</span> <span class='ocrx_word' id='word_1_324' title='bbox 600 2539 884 2574; x_wconf 87' lang='lat' dir='ltr'>animadversa</span> <span class='ocrx_word' id='word_1_325' title='bbox 915 2540 1058 2574; x_wconf 87' lang='lat' dir='ltr'>mentis</span> <span class='ocrx_word' id='word_1_326' title='bbox 1090 2538 1332 2573; x_wconf 84' lang='lat' dir='ltr'>alienatione</span> <span class='ocrx_word' id='word_1_327' title='bbox 1358 2538 1490 2572; x_wconf 88' lang='lat' dir='ltr'>statim</span> <span class='ocrx_word' id='word_1_328' title='bbox 1517 2537 1775 2572; x_wconf 86' lang='lat' dir='ltr'>obducebant</span> <span class='ocrx_word' id='word_1_329' title='bbox 1801 2539 1840 2572; x_wconf 87' lang='lat' dir='ltr'><em>et</em></span> 
     </span>
    </p>

    <p class='ocr_par' dir='ltr' id='par_1_14' title="bbox 313 2584 1842 2962">
     <span class='ocr_line' id='line_1_36' title="bbox 314 2584 1838 2632; baseline -0.002 -11"><span class='ocrx_word' id='word_1_330' title='bbox 314 2586 448 2632; x_wconf 79' lang='lat' dir='ltr'>3rege</span> <span class='ocrx_word' id='word_1_331' title='bbox 474 2590 643 2632; x_wconf 84' lang='lat' dir='ltr'>aegroto</span> <span class='ocrx_word' id='word_1_332' title='bbox 669 2587 726 2621; x_wconf 90' lang='lat' dir='ltr'><em>ita</em></span> <span class='ocrx_word' id='word_1_333' title='bbox 759 2587 951 2621; x_wconf 87' lang='lat' dir='ltr'>obvoluto</span> <span class='ocrx_word' id='word_1_334' title='bbox 985 2589 1161 2621; x_wconf 85' lang='lat' dir='ltr'>astantes</span> <span class='ocrx_word' id='word_1_335' title='bbox 1193 2585 1382 2621; x_wconf 86' lang='lat' dir='ltr'>secedere</span> <span class='ocrx_word' id='word_1_336' title='bbox 1413 2585 1617 2619; x_wconf 86' lang='lat' dir='ltr'>iubebant.</span> <span class='ocrx_word' id='word_1_337' title='bbox 1669 2584 1707 2618; x_wconf 89' lang='lat' dir='ltr'><em>Is</em></span> <span class='ocrx_word' id='word_1_338' title='bbox 1742 2594 1838 2619; x_wconf 88' lang='lat' dir='ltr'>vero</span> 
     </span>
     <span class='ocr_line' id='line_1_37' title="bbox 313 2631 1841 2678; baseline -0.002 -9"><span class='ocrx_word' id='word_1_339' title='bbox 313 2634 514 2669; x_wconf 81' lang='lat' dir='ltr'>4morbus</span> <span class='ocrx_word' id='word_1_340' title='bbox 548 2637 592 2669; x_wconf 87' lang='lat' dir='ltr'>ut</span> <span class='ocrx_word' id='word_1_341' title='bbox 631 2634 764 2669; x_wconf 89' lang='lat' dir='ltr'>subito</span> <span class='ocrx_word' id='word_1_342' title='bbox 803 2634 1035 2678; x_wconf 83' lang='lat' dir='ltr'>accedebat,</span> <span class='ocrx_word' id='word_1_343' title='bbox 1073 2634 1129 2669; x_wconf 86' lang='lat' dir='ltr'><em>ita</em></span> <span class='ocrx_word' id='word_1_344' title='bbox 1167 2634 1287 2668; x_wconf 88' lang='lat' dir='ltr'>etiam</span> <span class='ocrx_word' id='word_1_345' title='bbox 1326 2632 1458 2667; x_wconf 88' lang='lat' dir='ltr'>subito</span> <span class='ocrx_word' id='word_1_346' title='bbox 1497 2632 1724 2667; x_wconf 87' lang='lat' dir='ltr'>recedebat.</span> <span class='ocrx_word' id='word_1_347' title='bbox 1776 2631 1841 2668; x_wconf 84' lang='lat' dir='ltr'>Sic</span> 
     </span>
     <span class='ocr_line' id='line_1_38' title="bbox 350 2679 1842 2727; baseline -0.001 -11"><span class='ocrx_word' id='word_1_348' title='bbox 350 2682 518 2716; x_wconf 84' lang='lat' dir='ltr'>affectus</span> <span class='ocrx_word' id='word_1_349' title='bbox 536 2681 705 2716; x_wconf 71' lang='lat' dir='ltr'>Michael</span> <span class='ocrx_word' id='word_1_350' title='bbox 724 2692 747 2716; x_wconf 89' lang='lat' dir='ltr'><em>a</em></span> <span class='ocrx_word' id='word_1_351' title='bbox 767 2684 986 2727; x_wconf 87' lang='lat' dir='ltr'>conspectu</span> <span class='ocrx_word' id='word_1_352' title='bbox 1005 2686 1044 2716; x_wconf 90' lang='lat' dir='ltr'><em>et</em></span> <span class='ocrx_word' id='word_1_353' title='bbox 1062 2691 1228 2716; x_wconf 84' lang='lat' dir='ltr'>accessu</span> <span class='ocrx_word' id='word_1_354' title='bbox 1246 2681 1412 2725; x_wconf 81' lang='lat' dir='ltr'>reginae</span> <span class='ocrx_word' id='word_1_355' title='bbox 1439 2679 1645 2724; x_wconf 85' lang='lat' dir='ltr'>paullatim</span> <span class='ocrx_word' id='word_1_356' title='bbox 1671 2680 1842 2715; x_wconf 84' lang='lat' dir='ltr'>abstine-</span> 
     </span>
     <span class='ocr_line' id='line_1_39' title="bbox 350 2727 1842 2774; baseline -0.001 -12"><span class='ocrx_word' id='word_1_357' title='bbox 350 2730 431 2773; x_wconf 84' lang='lat' dir='ltr'>bat,</span> <span class='ocrx_word' id='word_1_358' title='bbox 473 2739 546 2764; x_wconf 91' lang='lat' dir='ltr'><em>seu</em></span> <span class='ocrx_word' id='word_1_359' title='bbox 577 2729 837 2771; x_wconf 87' lang='lat' dir='ltr'>verecundia,</span> <span class='ocrx_word' id='word_1_360' title='bbox 877 2729 987 2774; x_wconf 91' lang='lat' dir='ltr'>quod</span> <span class='ocrx_word' id='word_1_361' title='bbox 1019 2739 1092 2774; x_wconf 93' lang='lat' dir='ltr'>pro</span> <span class='ocrx_word' id='word_1_362' title='bbox 1123 2729 1245 2764; x_wconf 86' lang='lat' dir='ltr'>tantis</span> <span class='ocrx_word' id='word_1_363' title='bbox 1275 2728 1426 2762; x_wconf 88' lang='lat' dir='ltr'>meritis</span> <span class='ocrx_word' id='word_1_364' title='bbox 1458 2727 1578 2761; x_wconf 85' lang='lat' dir='ltr'>talem</span> <span class='ocrx_word' id='word_1_365' title='bbox 1606 2727 1643 2762; x_wconf 92' lang='lat' dir='ltr'><em>ei</em></span> <span class='ocrx_word' id='word_1_366' title='bbox 1668 2728 1842 2772; x_wconf 85' lang='lat' dir='ltr'>gratiam</span> 
     </span>
     <span class='ocr_line' id='line_1_40' title="bbox 350 2774 1842 2822; baseline -0.001 -12"><span class='ocrx_word' id='word_1_367' title='bbox 350 2779 576 2821; x_wconf 86' lang='lat' dir='ltr'>reponeret,</span> <span class='ocrx_word' id='word_1_368' title='bbox 603 2787 675 2812; x_wconf 90' lang='lat' dir='ltr'><em>seu</em></span> <span class='ocrx_word' id='word_1_369' title='bbox 693 2776 860 2822; x_wconf 89' lang='lat' dir='ltr'>pudore,</span> <span class='ocrx_word' id='word_1_370' title='bbox 887 2786 938 2811; x_wconf 91' lang='lat' dir='ltr'><em>ne</em></span> <span class='ocrx_word' id='word_1_371' title='bbox 957 2777 998 2810; x_wconf 90' lang='lat' dir='ltr'>in</span> <span class='ocrx_word' id='word_1_372' title='bbox 1018 2776 1158 2811; x_wconf 91' lang='lat' dir='ltr'>morbo</span> <span class='ocrx_word' id='word_1_373' title='bbox 1180 2786 1264 2819; x_wconf 86' lang='lat' dir='ltr'>suo,</span> <span class='ocrx_word' id='word_1_374' title='bbox 1292 2785 1371 2820; x_wconf 92' lang='lat' dir='ltr'><em>quo</em></span> <span class='ocrx_word' id='word_1_375' title='bbox 1399 2775 1631 2819; x_wconf 81' lang='lat' dir='ltr'>saepissime</span> <span class='ocrx_word' id='word_1_376' title='bbox 1658 2778 1697 2810; x_wconf 86' lang='lat' dir='ltr'><em>et</em></span> <span class='ocrx_word' id='word_1_377' title='bbox 1723 2774 1842 2809; x_wconf 87' lang='lat' dir='ltr'>celer-</span> 
     </span>
     <span class='ocr_line' id='line_1_41' title="bbox 350 2822 1841 2869; baseline -0.001 -11"><span class='ocrx_word' id='word_1_378' title='bbox 350 2824 449 2858; x_wconf 89' lang='lat' dir='ltr'>rime</span> <span class='ocrx_word' id='word_1_379' title='bbox 476 2824 781 2869; x_wconf 84' lang='lat' dir='ltr'>corripiebatur,</span> <span class='ocrx_word' id='word_1_380' title='bbox 821 2824 872 2858; x_wconf 86' lang='lat' dir='ltr'><em>ab</em></span> <span class='ocrx_word' id='word_1_381' title='bbox 907 2834 955 2858; x_wconf 88' lang='lat' dir='ltr'><em>ea</em></span> <span class='ocrx_word' id='word_1_382' title='bbox 987 2826 1344 2867; x_wconf 68' lang='lat' dir='ltr'>cerneretur„seu</span> <span class='ocrx_word' id='word_1_383' title='bbox 1377 2822 1427 2856; x_wconf 92' lang='lat' dir='ltr'><em>ob</em></span> <span class='ocrx_word' id='word_1_384' title='bbox 1455 2823 1635 2867; x_wconf 85' lang='lat' dir='ltr'>corporis</span> <span class='ocrx_word' id='word_1_385' title='bbox 1661 2822 1841 2856; x_wconf 89' lang='lat' dir='ltr'>habitum</span> 
     </span>
     <span class='ocr_line' id='line_1_42' title="bbox 314 2868 1841 2916; baseline -0.001 -11"><span class='ocrx_word' id='word_1_386' title='bbox 314 2870 584 2916; x_wconf 71' lang='lat' dir='ltr'>beorruptum</span> <span class='ocrx_word' id='word_1_387' title='bbox 617 2875 655 2906; x_wconf 85' lang='lat' dir='ltr'><em>et</em></span> <span class='ocrx_word' id='word_1_388' title='bbox 686 2872 738 2906; x_wconf 88' lang='lat' dir='ltr'><em>ad</em></span> <span class='ocrx_word' id='word_1_389' title='bbox 764 2871 1019 2916; x_wconf 86' lang='lat' dir='ltr'>coniugalem</span> <span class='ocrx_word' id='word_1_390' title='bbox 1046 2870 1378 2906; x_wconf 82' lang='lat' dir='ltr'>consuetudinem</span> <span class='ocrx_word' id='word_1_391' title='bbox 1404 2870 1483 2903; x_wconf 87' lang='lat' dir='ltr'><em>iam</em></span> <span class='ocrx_word' id='word_1_392' title='bbox 1509 2870 1702 2915; x_wconf 89' lang='lat' dir='ltr'>ineptum.</span> <span class='ocrx_word' id='word_1_393' title='bbox 1752 2868 1841 2910; x_wconf 85' lang='lat' dir='ltr'>Qui-</span> 
     </span>
     <span class='ocr_line' id='line_1_43' title="bbox 351 2917 1840 2962; baseline -0.001 -10"><span class='ocrx_word' id='word_1_394' title='bbox 351 2917 442 2952; x_wconf 86' lang='lat' dir='ltr'><em>dam</em></span> <span class='ocrx_word' id='word_1_395' title='bbox 461 2928 558 2954; x_wconf 91' lang='lat' dir='ltr'>vero</span> <span class='ocrx_word' id='word_1_396' title='bbox 579 2918 717 2954; x_wconf 89' lang='lat' dir='ltr'>dicunt</span> <span class='ocrx_word' id='word_1_397' title='bbox 742 2929 832 2954; x_wconf 89' lang='lat' dir='ltr'><em>eum</em></span> <span class='ocrx_word' id='word_1_398' title='bbox 860 2919 1114 2954; x_wconf 68' lang='lat' dir='ltr'>confess-ariis</span> <span class='ocrx_word' id='word_1_399' title='bbox 1142 2921 1181 2954; x_wconf 90' lang='lat' dir='ltr'><em>et</em></span> <span class='ocrx_word' id='word_1_400' title='bbox 1206 2917 1446 2953; x_wconf 87' lang='lat' dir='ltr'>adulterium</span> <span class='ocrx_word' id='word_1_401' title='bbox 1475 2921 1515 2952; x_wconf 90' lang='lat' dir='ltr'><em>et</em></span> <span class='ocrx_word' id='word_1_402' title='bbox 1541 2917 1705 2952; x_wconf 89' lang='lat' dir='ltr'>caedem</span> <span class='ocrx_word' id='word_1_403' title='bbox 1731 2917 1840 2962; x_wconf 76' lang='lat' dir='ltr'>reg-is</span> 
     </span>
    </p>
   </div>
  </div>
 </body>
</html>
