2054 3282
347 228 418 267 444
703 229 885 267 ZONAR.
913 229 1045 266 EPIT.
1071 230 1162 266 XVI
1191 229 1244 274 12,
1271 229 1423 275 26-13,
1450 229 1483 265 4.

288 355 334 391 27
348 351 538 406 σόμενον,
577 353 626 394 ὃν
658 352 681 393 ὁ
712 352 932 406 βάρβαρος
962 352 1135 406 κατέσχε
1166 367 1207 392 τε
1237 351 1308 392 καὶ
1339 351 1578 407 ἐδέσμησεν.
1641 352 1766 399 αὐτὸς
1797 352 1892 395 ὂὲῙ)
1911 358 1964 396 IV

346 425 430 467 τοῖς
465 420 669 474 Τρύρκοις
700 419 857 474 ἐπῆλθε
894 419 964 460 καὶ
1003 419 1205 474 ἐτρέψατό
1243 436 1285 461 τε
1322 419 1473 466 αὐτοὺς
1516 420 1587 462 καὶ
1628 425 1678 476 τῇ
1721 422 1843 476 χώρᾳ

287 492 333 528 28
347 492 471 543 σφῶν
502 489 745 543 ἐλυμήνατο.
808 487 891 529 εἶτα
924 488 1122 529 ἐπέστειλε
1153 493 1213 542 τῷ
1245 488 1391 530 Λέοντι
1421 488 1481 543 μὴ
1515 489 1566 530 ἄν
1596 505 1695 531 ποτε
1732 490 1842 531 σπεί-

347 556 514 604 σασθαι,
546 557 584 597 εἰ
609 555 669 609 μὴ
692 555 790 601 τοὺς
811 556 1106 609 αἰχμαλώτους
1126 556 1403 611 Βουλγάρους
1423 557 1600 612 λήψοιτο
1621 557 1843 612 πρότερον·

287 630 333 664 29
346 624 417 665 καὶ
461 624 634 669 τούτους
677 623 822 678 λαβὼν
863 624 942 665 οὐκ
980 625 1204 667 ε’σπείσατο.
1267 626 1290 666 ὁ
1323 630 1425 679 γοῦν
1462 625 1652 680 βασιλεὺς
1688 630 1773 672 τοῖς
1802 633 1880 670 τεῦ

346 692 523 746 τάγμασι
554 695 638 737 τοῖς
670 690 794 745 ἑῴοις
828 691 900 732 καὶ
938 696 1022 738 τοῖς
1058 693 1260 747 ἑσπερίοις
1298 694 1408 748 ὁμοῦ
1450 694 1696 736 συνελθοῦσι
1737 694 1843 736 κατὰ

345 763 431 800 τῶν
453 759 719 813 Βουλγάρων
750 760 969 814 ἐχρήσατο,
1003 757 1089 801 ἀλλ’
1123 761 1362 816 ἡττήθησαν
1393 763 1553 803 ἅπαντα
1579 767 1639 816 τῷ
1660 762 1845 816 Συμεὼν

345 827 648 882 προσβαλόντα.
712 828 782 869 καὶ
825 828 873 869 τὰ
916 828 995 882 μὲν
1037 833 1122 870 τῶν
1161 829 1426 884 Βουλγάρων
1468 834 1614 871 τοῦτον
1656 829 1737 884 εἶχε
1773 830 1844 871 τὸν

345 895 513 950 τρόπον.

286 969 333 1004 30
460 964 513 1007 ‘O
545 964 590 1006 δὲ
620 965 812 1020 βασιλεὺς
843 966 887 1007 ἕν
918 966 1063 1020 ἀγροῖς
1093 982 1168 1007 τισι
1198 971 1248 1021 τῇ
1278 970 1352 1008 τοῦ
1375 966 1567 1021 Ζαούτζη
1593 966 1733 1008 συνὼν
1763 967 1842 1008 θυ-
1860 974 1906 1010 10

231 1035 260 1073 C
285 1037 329 1072 31
347 1032 463 1087 γατρὶ
493 1038 543 1088 τῇ
575 1033 681 1088 Ζωῇ
718 1034 1005 1089 ἐπεβουλεύθη
1044 1035 1160 1088 παρά
1197 1050 1331 1076 τινων.
1393 1035 1649 1089 αἰσθομένης
1688 1035 1734 1076 δὲ
1773 1040 1845 1090 τῆς

347 1101 476 1156 Ζωῆς
514 1103 561 1143 ἔκ
600 1103 712 1156 θροῦ
751 1102 825 1157 τὴν
869 1102 1093 1158 ἐπιβουλὴν
1136 1103 1208 1144 καὶ
1252 1103 1520 1158 ὃιυπνισάσης
1561 1103 1633 1145 τὸν
1674 1103 1843 1159 βασιλέα

347 1171 630 1225 κοιμώμενον,
664 1171 811 1212 αὐτίκα
844 1172 1000 1218 ἐκεῖνος
1029 1172 1263 1226 ἐπανῆλθεν
1286 1173 1343 1218 εἷς
1363 1171 1412 1212 τὰ
1433 1172 1615 1226 βασίλεια
1638 1172 1709 1213 καὶ
1731 1173 1842 1214 οὕτω

286 1242 333 1278 32
348 1239 517 1293 διέφυγε
547 1239 622 1294 τὴν
653 1240 892 1294 ἐπιβουλήν.
955 1241 1045 1294 ἄρτι
1079 1240 1123 1282 δὲ
1154 1245 1226 1295 τῆς
1256 1240 1466 1295 βασιλίδος
1497 1240 1713 1295 θανούσης
1736 1240 1842 1282 Θεο-

139 1310 333 1347 W111143
347 1311 511 1362 φανοῢς
541 1307 616 1362 τὴν
647 1309 869 1363 εἰρημένην
891 1308 1022 1363 Ζωὴν
1054 1309 1077 1349 ὁ
1109 1309 1300 1363 βασιλεὺς
1322 1309 1569 1363 Αὐγούσταν
1590 1309 1843 1364 ἀνηγόρευσε
1862 1317 1904 1352 15

346 1375 417 1417 καὶ
447 1376 627 1431 νόμιμον
659 1377 779 1418 ἔθετο
817 1377 998 1431 γαμετὴν
1035 1376 1108 1431 τὴν
1145 1377 1241 1431 πρὶν
1279 1377 1407 1418 αὐτοῦ
1445 1377 1675 1432 παλλακήν,
1719 1379 1744 1432 ἢ
1778 1374 1840 1419 ἐπ’

287 1449 333 1484 33
348 1444 486 1499 ὀλίγον
516 1449 588 1500 τῆς
620 1445 809 1500 εὐτυχίας
841 1445 1056 1486 ἀπώνατο·
1090 1445 1276 1487 ἐνιαυτὸν
1302 1445 1381 1500 γὰρ
1403 1446 1474 1486 ἕνα
1498 1446 1562 1486 ἐπὶ
1581 1445 1708 1500 μησὶν
1730 1445 1843 1487 ὀκτὼ

287 1517 334 1552 34
346 1517 396 1568 τῇ
438 1513 623 1568 βασιλείᾳ
668 1513 926 1567 ἐπιβιώσασα
970 1514 1183 1568 τέθνηκεν.
1246 1514 1363 1567 ἑτέρα
1405 1511 1441 1555 δ’
1482 1513 1606 1560 αὗθις
1644 1514 1842 1569 ἐπιβουλὴ

348 1643 394 1677 10
418 1642 584 1688 ἐπιβουλὴ
611 1642 700 1678 κατὰ
726 1648 785 1678 τοῦ
813 1645 905 1685 (om.
932 1643 977 1686 E)
1002 1644 1174 1689 βασιλέως
1199 1643 1349 1682 Λέοντος
1376 1643 1439 1679 CE
1551 1644 1596 1678 14
1621 1645 1671 1678 ὅτι
1697 1643 1758 1690 τὴν
1783 1649 1843 1678 τοῦ

347 1691 507 1735 Ζαούτζη
534 1690 642 1736 Ζωὴν
667 1691 813 1736 ἔστεψεν
838 1692 859 1725 ὁ
882 1691 987 1726 Λέων
1014 1692 1188 1737 (βασιλεύς
1214 1691 1259 1734 Ε)
1290 1690 1352 1727 CE
1485 1691 1529 1726 18
1554 1691 1652 1736 ἑτέρα
1677 1690 1842 1738 ἐπιβουλὴ

345 1737 441 1782 παρὰ
467 1743 527 1774 τοῦ
552 1739 713 1784 Σαμωνᾶ
737 1740 1026 1784 καταμηνυθεῖσα
1052 1739 1084 1774 Ε

419 1866 438 1900 1
466 1880 501 1901 τε
528 1877 603 1901 om.
632 1866 660 1902 C
764 1866 803 1901 δὲ
829 1877 904 1902 om.
931 1867 1027 1912 Ewp
1133 1867 1156 1902 2
1181 1867 1334 1912 ἐπῆλθεν
1361 1867 1470 1913 Ewp,
1497 1878 1534 1902 v.
1562 1866 1614 1902 ad
1639 1866 1735 1902 XIII
1764 1866 1794 1910 1,
1821 1865 1843 1901 5

418 1914 441 1948 4
465 1913 718 1959 βουλγάρωνΟ
816 1914 838 1949 5
863 1929 899 1949 τε
926 1925 1001 1950 om.
1019 1914 1146 1960 CEwp
1237 1915 1258 1949 7
1285 1919 1354 1949 τῶν
1382 1926 1456 1950 om.
1473 1915 1541 1949 DE
1627 1914 1696 1950 7.8
1719 1915 1841 1959 προςβ.

418 1967 467 2006 τῷ
494 1962 636 2006 συμεὼν
662 1962 759 2008 pr
893 1964 915 1997 8
941 1967 1061 1997 τοῦτον
1088 1973 1138 1998 ex
1165 1963 1277 1997 τούτω
1306 1973 1405 1997 corr.
1433 1962 1467 1996 A
1600 1962 1643 1996 12
1667 1962 1709 1996 ἐκ
1735 1961 1840 2006 θροῦ]

419 2009 554 2054 ἐχθροῦ
573 2009 676 2048 EDw
775 2010 819 2045 16
844 2009 1007 2055 παλακὴν
1026 2009 1104 2054 CD,
1133 2020 1234 2045 corr.
1251 2009 1320 2047 Dw
1417 2011 1461 2045 18
1486 2010 1656 2055 τέθνηκεν
1674 2007 1840 2055 prDi‚

417 2058 568 2102 τέθνηκε
596 2056 680 2100 AD,
707 2069 744 2093 V.
772 2057 824 2092 ad
850 2057 946 2092 XIII
975 2059 1006 2102 1,
1033 2058 1055 2093 5

286 2183 332 2219 27
346 2184 430 2221 Leo
458 2185 823 2232 Choerosphactem
861 2186 914 2221 ad
940 2196 1082 2232 pacem
1120 2186 1346 2222 faciendam
1381 2186 1599 2231 ablegavit.
1650 2184 1729 2222 Sed
1755 2185 1843 2220 bar-

347 2233 470 2269 barus
497 2244 544 2269 eo
572 2234 734 2270 detento
754 2237 793 2270 et
819 2234 953 2269 vincto
974 2234 1129 2269 Turcos
1155 2235 1303 2269 invasit
1329 2234 1459 2279 iisque
1485 2234 1526 2268 in
1555 2235 1695 2279 fugam
1715 2233 1843 2268 versis

285 2279 332 2314 28
347 2284 386 2315 et
411 2281 522 2326 agris
547 2291 687 2317 eorum
727 2283 895 2317 vastatis
921 2281 1049 2317 Leoni
1087 2282 1244 2327 scripsit
1282 2291 1325 2317 se
1363 2292 1452 2316 cum
1495 2291 1541 2316 eo
1580 2291 1721 2326 pacem
1760 2291 1842 2315 non

345 2328 559 2373 facturum,
586 2330 663 2364 nisi
682 2331 864 2374 captivos
883 2329 1083 2375 Bulgaros
1109 2330 1343 2380 recepisset3
1371 2339 1471 2373 quos
1498 2339 1587 2363 cum
1614 2328 1841 2373 recepisset,

285 2374 332 2409 29
346 2378 482 2411 tamen
514 2387 655 2422 pacem
682 2387 764 2412 non
790 2378 896 2413 fecit.
946 2377 1077 2422 Igitur
1102 2388 1175 2412 rex
1191 2372 1418 2412 contractis
1445 2377 1484 2410 in
1511 2386 1637 2410 unum
1657 2375 1842 2410 omnibus

345 2426 386 2458 et
412 2424 675 2460 orientalibus
701 2427 740 2460 et
767 2424 1083 2460 occidentalibus
1109 2424 1338 2470 legionibus
1362 2426 1502 2458 contia
1520 2423 1719 2468 Bulgaros
1743 2432 1841 2457 usus

346 2474 416 2516 est,
444 2481 550 2516 quae
567 2478 702 2507 tamen
721 2482 810 2507 cum
830 2471 1030 2518 Symeone
1057 2481 1300 2517 congressae
1327 2471 1639 2506 succubuerunt.
1691 2470 1751 2505 Ita
1776 2479 1841 2505 res

345 2518 616 2564 Bulgarorum
642 2530 730 2555 sese
757 2520 972 2555 habebant.

285 2565 333 2600 30
464 2566 622 2602 Deinde
648 2577 738 2603 cum
765 2567 806 2602 in
824 2567 934 2613 agris
953 2567 1194 2612 quibusdam
1213 2566 1321 2610 Zo‘es‚
1350 2566 1507 2601 Zautzis
1534 2566 1648 2608 filiae,
1677 2574 1841 2600 consuc-

285 2612 330 2647 31
347 2614 487 2649 tudine
513 2617 706 2659 uteretur,
746 2615 900 2650 insidiis
927 2625 950 2649 a
978 2615 1219 2660 quibusdam
1258 2618 1317 2650 cst
1355 2614 1575 2659 appetitus;
1615 2623 1716 2658 quas
1750 2622 1841 2647 cum

346 2661 425 2696 Zoe
444 2671 495 2696 ex
513 2672 720 2698 mulmure
738 2662 1088 2698 animadvertisset
1108 2672 1155 2697 ac
1173 2672 1311 2708 retr-ern
1330 2661 1594 2696 dormientem
1613 2661 1839 2703 excitasset,

285 2707 332 2742 32
345 2709 412 2744 ille
437 2710 568 2744 statim
597 2710 638 2744 in
657 2710 810 2756 regiam
829 2719 1018 2745 revolsus
1037 2710 1216 2745 evitavit.
1267 2709 1445 2744 Eandem
1465 2708 1572 2744 Zo'cn
1598 2708 1732 2753 paullo
1752 2710 1842 2753 post

346 2757 513 2801 reginae
547 2756 859 2803 Theophanonis
898 2757 1051 2792 obitum
1087 2756 1316 2802 Augustam
1355 2756 1573 2802 appellavit
1611 2759 1650 2791 et
1688 2755 1840 2790 dudum

347 2804 616 2839 concubinam
641 2815 811 2840 uxorem
838 2805 1058 2850 legitimam
1088 2804 1214 2839 duxit.
1264 2804 1413 2839 Verum
1432 2804 1567 2839 blevis
1586 2803 1651 2838 illa
1670 2803 1840 2837 felicitas

286 2850 439 2896 33fuit3
477 2862 570 2886 nam
598 2862 687 2887 cum
726 2862 878 2887 annum
914 2862 1041 2887 unum
1069 2855 1108 2887 et
1134 2854 1223 2887 octo
1257 2861 1413 2886 menses
1440 2852 1481 2886 in
1507 2861 1633 2896 regno
1661 2851 1839 2893 vixisset,

286 2897 333 2932 34
348 2898 456 2933 obiit.
507 2898 609 2935 Sunt
635 2902 674 2935 et
700 2900 803 2935 aliae
830 2900 1002 2935 insidiae
1017 2900 1115 2946 xregi
1141 2899 1362 2944 nuntiatae,
1391 2909 1491 2945 quas
1518 2898 1675 2933 Zautzis
1703 2908 1839 2933 conso-
