2054 3282
353 237 422 273 632
725 237 906 273 ZONAR.
933 236 1064 271 EPIT.
1092 236 1203 271 XVII
1229 236 1285 280 24,
1312 236 1371 272 5-
1382 237 1439 282 25,
1467 238 1499 272 1.

353 359 508 413 γέγονε,
549 358 620 400 καὶ
652 359 798 400 αὐτίκα
829 358 952 399 πλοῖα
985 357 1323 412 συμπηξάμενος,
1356 360 1382 400 ἃ
1413 357 1514 413 παρ’
1548 360 1688 406 αὐτοῖς
1717 360 1847 415 μονό-

354 428 456 476 ξυλα
490 428 685 481 λέγονται,
731 426 899 480 σφόδρα
938 425 1071 466 πολλὰ
1108 426 1180 467 καὶ
1221 427 1381 473 τούτοις
1418 428 1648 482 ἐμβιβάσας
1685 430 1850 484 πλῆθος

354 497 659 550 ὑπερεκπῖπτον
691 494 841 549 σχεδόν
871 511 906 535 τι
938 494 1009 535 καὶ
1040 495 1238 549 ἀριθμόν,
1272 496 1512 550 ἀκήρυκτον
1525 496 1751 551 Ῥωμαίοις
1777 498 1848 539 ἒπ-

318 568 340 602 6
355 566 481 606 έσεισε
511 564 696 617 πόλεμον
727 563 798 603 καὶ
831 563 977 616 γίνεται
1001 567 1074 617 τῆς
1099 563 1388 617 Προποντίδος
1410 564 1534 611 ἐντός.
1596 566 1658 612 ὠς
1680 563 1717 607 δ’
1741 567 1849 620 ἔγνω

353 633 428 686 τὴν
456 633 664 673 ἔπε’λευσιν
686 631 710 673 ὁ
732 635 915 685 κρατῶν,
949 632 1097 673 στέλλει
1118 630 1218 686 παρ’
1243 633 1382 679 αὐτοῖς
1403 633 1499 680 τοὺς
1519 634 1851 689 πρεσβεύσοντας
1864 637 1886 674 5

309 701 618 742 Βκαταθέσῦαι
639 699 688 740 τὰ
711 700 817 741 ὅπλα
841 704 964 755 σφᾶς,
998 701 1060 747 ὡς
1091 701 1269 755 ἑτοίμως
1300 706 1373 743 τοῦ
1405 702 1622 756 βασιλέως,
1654 704 1696 744 εἴ
1718 719 1754 744 τι
1785 704 1850 757 γέ-

319 774 474 824 7γονεν
506 769 646 815 αὐτοῖς
676 769 784 823 πρὸς
816 769 963 824 λύπην,
1009 770 1279 823 ἔξιασομένου
1318 770 1390 811 καὶ
1420 771 1765 824 θεραπεύσοντος.
1828 772 1852 813 ὁ

356 838 400 879 δὲ
431 838 651 892 βάρβαρος
682 838 969 892 ὑπερηφάνως
999 855 1040 879 τε
1070 838 1167 884 τοὺς
1197 839 1390 893 πρέσβεις
1419 839 1588 887 ἐδέξατο
1610 840 1680 881 καὶ
1701 840 1852 894 λόγους

353 906 646 960 μεγαλαύχους
676 906 748 947 καὶ
779 906 993 961 σοβαροὺς
1024 907 1274 961 ἒξηρεύξατο
1303 907 1374 948 καὶ
1396 908 1554 962 ἀτίμως
1577 908 1727 955 αὐτοὺς
1751 909 1851 950 ἀπε-

319 975 563 1029 8πέμψατο.
626 974 836 1029 ἀπογνοὺς
872 976 1007 1017 τοίνυν
1043 975 1116 1022 τὰς
1148 975 1333 1022 σπονδὰς
1365 976 1388 1017 ὁ
1421 980 1591 1029 κρατῶν
1623 977 1694 1018 καὶ
1726 977 1852 1023 αὐτὸς
1870 981 1914 1016 10

353 1043 462 1098 πρὸς
482 1044 718 1098 ναυμαχίαν
742 1044 1090 1098 παρεσκευάζετο,
1122 1044 1193 1086 καὶ
1225 1045 1310 1086 ἐπεὶ
1340 1044 1399 1099 μὴ
1434 1046 1550 1099 ἔτυχε
1581 1045 1627 1087 τὸ
1658 1045 1853 1087 ναυτικὸν

355 1112 578 1167 ἒνόημοῦν,
622 1113 887 1167 πορρωτάτω
921 1110 957 1154 δ’
992 1115 1040 1154 ὂν
1081 1113 1288 1168 φυλακαῖς
1327 1118 1486 1168 χωρῶν
1516 1114 1851 1169 προσησχόλητο,

355 1182 532 1236 τριήρεις
573 1181 684 1227 τινὰς
722 1181 793 1223 καὶ
830 1182 1015 1227 ὁλκάδας
1053 1182 1180 1228 ἄλλοις
1219 1183 1545 1236 ἑτοιμασάμενος
1584 1183 1656 1224 καὶ
1687 1183 1854 1229 ταύταις

354 1249 401 1291 τὸ
431 1254 516 1304 πῦρ
547 1249 594 1291 τὸ
626 1249 756 1304 ὑγρὸν
787 1251 1012 1304 ἐνθέμενος
1040 1251 1236 1305 ἄφθονον
1258 1251 1448 1299 ἀντέταξε
1468 1251 1619 1297 ταύτας
1639 1256 1724 1297 τοῖς
1745 1252 1848 1293 σκά-

355 1334 450 1373 φεσι
485 1323 569 1365 τοῖς
605 1320 894 1373 βαρβαρικοῖς,
939 1319 1009 1360 καὶ
1046 1319 1172 1365 αὐτὸς
1203 1320 1227 1360 ὁ
1259 1323 1428 1374 κρατῶν
1466 1320 1619 1374 παρὼν
1657 1320 1729 1361 καὶ
1761 1321 1851 1362 ἄνω
1869 1323 1914 1359 15

264 1389 294 1426 C
320 1391 439 1428 9που
471 1391 544 1429 τοῦ
575 1387 740 1442 λιμένος
770 1388 1029 1442 καθήμενος.
1092 1388 1154 1434 ὡς
1177 1388 1288 1429 δὲτὸ
1310 1388 1417 1430 πολὺ
1447 1393 1520 1443 τῆς
1552 1390 1715 1443 ἡμέρας
1745 1405 1853 1443 παρ-

357 1457 461 1511 ῆλθε
499 1456 570 1498 καὶ
609 1457 796 1511 ἠρέμουν
837 1457 876 1497 οἳ
914 1457 1125 1511 βάρβαροι
1163 1457 1233 1498 καὶ
1269 1456 1343 1511 τὴν
1374 1457 1564 1505 σύνταξιν
1595 1457 1646 1498 οὗ
1680 1457 1853 1511 διέλυον,

356 1528 463 1578 τρεῖς
492 1528 578 1566 τῶν
608 1528 792 1579 τριηρῶν
823 1525 1035 1567 ἐκέλευσεν
1067 1525 1090 1566 ὁ
1121 1525 1312 1580 βασιλεὺς
1343 1531 1404 1580 τῷ
1428 1525 1756 1579 Θεοδωροκάνῳ
1782 1526 1854 1566 λα-

356 1594 444 1647 βεῖν
475 1592 546 1634 καὶ
577 1593 935 1647 ἀκροβολίσασθαι
971 1593 1076 1635 κατὰ
1113 1597 1198 1635 τῶν
1237 1594 1484 1648 βαρβάρων,
1529 1591 1578 1635 ἵν’
1613 1594 1764 1640 αὐτοὺς
1795 1596 1853 1640 εἰς
1886 1624 1889 1626 -

300 1666 345 1700 10
357 1661 543 1716 πόλεμον
586 1661 868 1716 ἐπισπάσηται.
932 1662 956 1703 ὁ
997 1662 1041 1703 δὲ
1085 1663 1164 1704 οὒκ
1209 1661 1534 1717 ἀκροβολισμοῖς
1578 1663 1916 1718 ἒπεχείρησεν,20

359 1788 404 1824 10
427 1789 603 1834 ναυμαχία
629 1787 719 1823 κατὰ
743 1793 813 1824 τῶν
834 1790 924 1828 ‘Pa->g
950 1789 1010 1824 καὶ
1036 1789 1122 1835 ἧττα
1146 1789 1263 1824 αὐτῶν
1291 1788 1319 1825 C

428 1908 451 1943 3
475 1908 732 1951 ὓπερεκπίπτον
757 1907 904 1952 Apr,
933 1919 1034 1945 corr.
1062 1908 1117 1943 Di
1241 1908 1385 1952 ἀριθμῶ
1413 1908 1447 1942 D
1573 1909 1611 1943 11
1639 1909 1854 1953 παρεσκευά-

428 1969 510 1990 σατο
537 1955 566 1991 C
677 1955 727 2001 μὴ
755 1956 913 2001 Βννρῦἰ
939 1957 1003 2001 (cf.
1035 1958 1146 1992 Psell.
1176 1970 1211 2003 p.
1242 1956 1318 2000 145,
1346 1956 1393 1999 9),
1422 1967 1496 1990 om.
1524 1955 1556 1990 Α
1684 1956 1726 1991 14
1752 1956 1790 1990 τὸ
1815 1959 1854 1991 et

429 2007 524 2038 ante
543 2006 582 2038 et
601 2007 690 2048 post
709 2009 781 2048 πῦρ
801 2014 876 2038 om.
893 2004 927 2038 D
1031 2005 1234 2047 ἀντετάξατο
1263 2004 1297 2038 D
1396 2005 1532 2042 ταύταις
1559 2003 1587 2039 C
1686 2004 1730 2038 15
1755 2004 1853 2038 αὐτο-

427 2052 575 2095 κράτωρ
595 2051 692 2096 pr
793 2051 835 2086 16
862 2057 922 2087 τοῦ
950 2063 1024 2087 om.
1045 2053 1078 2086 D
1180 2054 1222 2089 17
1248 2052 1306 2086 καὶ
1332 2051 1405 2096 τὴν]
1433 2051 1493 2096 τὴν
1519 2050 1558 2086 δὲ
1584 2051 1615 2087 O
1717 2052 1759 2086 18
1785 2066 1852 2095 τρι-

428 2098 698 2192 Ξρῗζῂἒῌψρ,
725 2103 833 2144 τριῶν
860 2099 906 2145 Ι),
936 2101 1090 2146 τριήρων
1115 2099 1180 2145 Di,
1209 2112 1245 2135 V.
1270 2099 1322 2134 ad
1338 2098 1410 2134 XV
1428 2098 1497 2142 8,4
1594 2099 1640 2134 20
1666 2098 1704 2134 δὲ
1731 2098 1851 2143 ARW‚

359 2244 530 2287 sumpta,
569 2243 703 2277 statim
729 2242 910 2288 plurimis
937 2243 1114 2289 navigiis
1141 2244 1371 2288 compactis,
1409 2240 1514 2288 q'uae
1541 2242 1651 2288 apud
1679 2253 1748 2278 eos
1775 2253 1854 2279 mo·

358 2289 511 2334 noxyla
538 2292 747 2334 vocantur,
774 2290 1041 2333 multitudine,
1077 2300 1181 2335 quae
1211 2301 1368 2326 omnem
1396 2301 1522 2336 prope
1548 2300 1761 2325 numerum
1788 2301 1854 2326 ex-

360 2337 477 2382 cedit,
505 2337 552 2372 iis
577 2338 776 2383 imposita,
814 2339 856 2372 in
882 2338 1170 2383 Propontidem
1197 2341 1383 2383 penetrat·
1409 2338 1638 2382 bellumque
1663 2337 1853 2374 Romanis

323 2384 439 2420 6non
463 2389 557 2420 ante
583 2385 779 2420 indictum
804 2386 936 2421 infert.
988 2385 1097 2427 Quos
1123 2386 1193 2420 ubi
1219 2387 1437 2431 imperator
1458 2386 1679 2420 adventare
1707 2395 1853 2431 cogno-

359 2433 427 2476 vit,
455 2433 583 2467 missis
610 2432 754 2478 legatis
782 2433 892 2477 petit,
924 2436 968 2468 ut
994 2443 1105 2468 arma
1133 2433 1349 2478 deponant,
1376 2443 1515 2479 regem
1541 2436 1726 2478 paratum
1754 2443 1852 2478 esse,

324 2480 392 2515 7si
425 2480 523 2525 quid
556 2480 711 2515 molesti
744 2481 791 2516 iis
825 2481 1046 2524 accidisset,
1086 2481 1331 2516 satisfacere.
1381 2480 1433 2516 At
1468 2481 1666 2515 barbarus
1696 2480 1853 2526 legatos

360 2528 534 2573 superbe
567 2529 727 2573 excepit
760 2538 911 2573 eosque
936 2528 1202 2564 insolentibus
1229 2532 1268 2563 et
1294 2529 1469 2563 molestis
1495 2528 1631 2563 verbis
1662 2529 1853 2564 eructatis

323 2575 452 2610 ecum
477 2576 701 2620 ignominia
729 2575 887 2610 dimisit.
936 2575 1160 2621 Imperator
1185 2577 1310 2622 igitur
1336 2586 1438 2621 pace
1465 2575 1679 2620 desperata
1705 2577 1852 2621 etipse

359 2622 508 2657 bellum
542 2623 689 2658 navale
721 2626 839 2669 parat
871 2626 910 2658 et
943 2624 1038 2668 quia
1071 2623 1208 2659 classis
1239 2624 1471 2669 longissime
1506 2623 1647 2658 aberat
1673 2623 1852 2658 tutandis

359 2671 578 2715 provinciis
613 2674 823 2716 occupata,
861 2671 1043 2706 triremes
1078 2671 1177 2706 alias
1204 2674 1242 2706 et
1271 2671 1476 2706 onerarias
1503 2681 1641 2714 naves,
1680 2671 1851 2715 plurimo

360 2717 517 2753 Graeco
544 2718 630 2763 igni
656 2718 854 2764 imposito,
879 2718 1076 2753 adversus
1102 2719 1268 2754 classem
1294 2719 1560 2753 barbarorum
1588 2718 1706 2752 mittit
1730 2721 1851 2763 atque

323 2765 346 2799 9
359 2766 444 2809 ipse
470 2766 511 2800 in
537 2776 691 2801 summo
717 2768 838 2811 portu
857 2766 1039 2801 considit.
1089 2765 1142 2802 Ut
1160 2769 1296 2801 autem
1314 2776 1464 2810 magna
1483 2765 1560 2800 diei
1581 2768 1694 2810 parte
1715 2766 1852 2811 elapsa

359 2813 522 2847 barbari
539 2813 802 2858 quiescebant
816 2823 949 2859 neque
967 2814 1094 2848 aciem
1109 2813 1332 2857 solvebant,
1360 2813 1721 2848 Theodorocanum
1741 2813 1852 2848 iubet

360 2870 432 2894 rex
472 2870 562 2895 cum
600 2861 729 2895 tribus
766 2861 997 2896 triremibus
1034 2861 1232 2896 lacessere
1269 2861 1466 2895 barbaros
1505 2864 1543 2895 et
1581 2860 1633 2895 ad
1671 2870 1851 2906 pugnam

302 2907 347 2942 10
361 2907 517 2943 elicere.
568 2907 709 2954 Neque
742 2919 840 2944 vero
875 2909 942 2944 ille
974 2910 1106 2954 coepit
1132 2908 1302 2953 velitari,
1340 2908 1411 2944 sed
1441 2918 1621 2954 pugnarn
1647 2908 1766 2953 plane
1792 2911 1852 2943 est
