2066 3230
370 259 440 298 722
749 256 930 297 ZONAR.
957 256 1087 294 EPIT.
1114 252 1245 294 XVIII
1273 257 1327 302 19,
1354 254 1482 293 6-19.

370 386 443 424 τοῦ
488 381 632 437 φωτὸς
674 381 745 422 τὸν
784 381 959 423 δείλαιον
995 379 1246 432 ἀπεστέρησε
1284 378 1355 420 καὶ
1391 378 1582 432 εἰσήγαγε
1617 377 1774 433 τυφλὸν
1804 377 1861 425 εἷς

335 451 443 506 ’ἴτην
474 451 785 505 βασιλεύουσαν.
847 448 916 490 καὶ
947 449 973 502 ἡ
1005 447 1083 502 μὲν
1112 451 1185 488 τοῦ
1218 446 1447 501 Βρυεννίου
1480 446 1537 492 εἰς
1566 449 1688 487 τοῦτο
1720 446 1862 492 τέλους

371 520 621 574 κατήντησεν
653 518 941 563 ἐπανάστασις·
975 517 1256 569 ἐπανέστησαν
1288 514 1333 556 δὲ
1364 514 1434 556 καὶ
1457 515 1497 555 οἱ
1518 514 1735 569 Βάραγγοι
1755 513 1860 556 κατὰ

336 592 444 629 8τοῦ
482 588 699 642 βασιλέως,
744 587 899 627 ἀνελεῖν
937 584 1064 626 αὐτὸν
1101 584 1404 638 μελετήσαντες.
1467 583 1788 638 ἀντιταξαμένης
1822 579 1859 624 δ’

372 657 511 702 αὐτοῖς
531 655 669 709 χειρὸς
690 656 831 708 ἑτέρας
849 653 1100 708 Ῥωμαϊκῆς,
1133 654 1190 699 εἷς
1217 653 1372 694 ἱκεσίαν
1404 652 1630 705 ἐτράποντο
1660 651 1732 694 καὶ
1763 657 1898 706 συγ-5

373 724 544 778 γνώμης
576 724 786 777 ἐπέτυχον.

279 797 310 832 Β
337 797 358 832 9
493 791 564 845 Τῷ
596 791 641 832 δὲ
670 791 832 845 βασιλεῖ
856 790 992 844 τούτῳ
1023 794 1095 844 τῆς
1127 789 1342 844 ὁμοζύγου
1374 788 1680 844 τελευτησάσης,
1715 787 1864 830 πολλαὶ

370 860 447 914 μὲν
479 860 776 914 ἐμνηστεύοντο
813 859 1032 913 παρθένοι,
1077 858 1148 899 καὶ
1183 857 1268 911 πρὸ
1299 861 1384 899 τῶν
1414 858 1554 899 ἄλλων
1584 858 1609 912 ἡ
1639 860 1714 899 τοῦ
1744 858 1862 911 βασι-

313 934 359 969 10
371 929 479 974 λέως
508 932 581 969 τοῦ
614 927 758 969 Δούκα
792 927 982 981 θυγάτηρ
1016 926 1135 980 Ζωή.
1198 926 1222 967 ὁ
1255 926 1300 967 δὲ
1331 928 1356 981 ἢ
1389 926 1463 980 τὴν
1499 926 1689 980 βασιλίδα
1722 925 1862 967 Εὔδο-

371 998 466 1038 κίαν
496 996 646 1050 ἤθελεν
677 996 909 1049 ἀγαγέσθαι
940 997 965 1050 ἢ
998 994 1072 1049 τὴν
1103 996 1148 1043 ἐξ
1167 995 1355 1036 Ἀλανῶν
1375 994 1562 1049 Μαρίαν,
1592 994 1666 1048 τὴν
1696 999 1758 1048 τῷ
1777 993 1863 1049 πρὸ
1880 999 1925 1035 10

315 1071 357 1106 11
373 1065 502 1106 αὐτοῦ
542 1065 860 1118 συνοικήσασαν.
923 1063 1073 1105 στέλλει
1111 1067 1213 1118 γοῦν
1251 1063 1326 1117 τὴν
1356 1063 1572 1104 Εὗδοκίαν
1602 1063 1862 1117 μετακαλού-

372 1145 513 1188 μενος’
546 1134 571 1187 ἡ
596 1133 653 1181 δέ,
686 1133 747 1179 ὡς
767 1132 904 1186 λόγος,
938 1132 1016 1174 οὐκ
1039 1132 1291 1186 ἀπηνήνατο,
1325 1132 1524 1186 ἐκωλύθη
1549 1131 1594 1173 δὲ
1613 1130 1722 1186 πρὸς
1741 1134 1863 1173 τοῦτο

315 1203 398 1243 126
435 1201 627 1256 βασιλεὺς
663 1201 779 1255 παρά
822 1216 945 1242 τινων
987 1204 1201 1255 μοναχῶν.
1263 1200 1334 1242 καὶ
1377 1201 1515 1254 ἄγεται
1558 1200 1631 1255 τὴν
1673 1200 1862 1255 βασιλίδα

164 1277 359 1314 W111232
373 1270 557 1324 Μαρίαν,
590 1269 714 1311 οὐδὲν
745 1268 866 1324 ἧττον
895 1270 1203 1324 παρανομήσας
1224 1271 1249 1324 ἢ
1273 1270 1310 1310 εἰ
1332 1269 1406 1323 τὴν
1427 1268 1643 1310 Εὐδοκίαν
1668 1269 1862 1323 ἠγάγετο·

314 1346 360 1381 13
371 1339 534 1393 μοιχεία
567 1337 646 1392 γὰρ
678 1337 730 1392 ἦν
761 1338 1138 1392 ἀπηρυθριασμένη
1170 1337 1217 1379 τὸ
1247 1338 1469 1392 τολμηθέν.
1532 1337 1596 1379 διὸ
1633 1337 1705 1378 καὶ
1735 1337 1760 1378 ὁ
1790 1337 1863 1391 τὴν
1880 1341 1923 1377 15

315 1415 361 1450 14
373 1407 603 1462 ῖερολογίαν
633 1406 852 1452 τετελεκὼς
883 1404 946 1447 ἐπ’
980 1407 1119 1452 αὐτοῖς
1150 1411 1222 1461 τῆς
1252 1406 1483 1460 ἱερωσύνης
1514 1406 1791 1447 ἐκπέπτωκεν.
1838 1405 1863 1446 ὁ

330 1477 511 1531 Ομέντοι
531 1475 927 1530 προβεβασιλευκὼς
947 1475 1135 1530 ΛῚΙιχαήλ,
1169 1476 1231 1521 ὡς
1255 1477 1423 1529 εἴρηται,
1454 1474 1528 1529 τὴν
1557 1474 1675 1529 τρίχα
1706 1473 1862 1529 καρείς,

2062 485 2065 492 .,
2055 403 2066 470 var„

373 1593 396 1628 2
420 1592 647 1631 ἐπανάστασις
672 1597 743 1628 τῶν
766 1593 966 1638 Βαράγγων
993 1592 1021 1629 C
1172 1593 1193 1628 7
1219 1593 1269 1627 ὅτι
1295 1591 1357 1638 τὴν
1380 1591 1449 1637 πρὸ
1475 1596 1535 1627 τοῦ
1560 1591 1666 1627 αὐτοῦ
1690 1592 1863 1638 βασιλέως

373 1646 522 1686 γυναῖκα
546 1641 673 1685 ἔγημεν
698 1641 719 1674 ὁ
741 1641 973 1686 Βοτανειάτης
999 1640 1028 1676 C
1126 1641 1171 1675 16
1196 1642 1246 1675 ὅτι
1271 1641 1529 1686 μητροπολίτης
1550 1640 1703 1685 Ἐφέσου
1727 1640 1863 1685 ἐχειρο-

373 1688 507 1734 τονήθη
534 1689 555 1722 ὁ
578 1693 638 1733 τῆς
661 1688 838 1734 βασιλείας
862 1687 1023 1723 ἐκπεσὼν
1048 1688 1196 1734 ΝῙιχαήλ
1224 1688 1252 1724 C

446 1803 468 1839 2
493 1803 552 1839 καὶ
577 1803 599 1849 ἡ
624 1803 701 1849 μὲν]
729 1804 751 1849 ἦ
775 1803 840 1849 μὲν
864 1804 927 1840 οὗν
953 1803 982 1840 C
1157 1805 1190 1839 3.
1216 1804 1240 1839 4
1264 1808 1313 1839 τῶ
1338 1804 1477 1850 βασιλεῖ
1496 1803 1555 1839 καὶ
1580 1805 1617 1838 οἵ
1637 1804 1807 1850 βάραγγοι
1834 1802 1864 1840 C

446 1851 468 1886 5
481 1852 597 1896 ἑτέρας
612 1862 687 1886 om.
700 1851 733 1885 D
808 1853 828 1888 7
843 1852 881 1887 δὲ
896 1863 969 1887 om.
985 1851 1016 1886 Β
1089 1852 1293 1897 βοτανειάτη
1310 1851 1339 1887 C
1355 1853 1422 1887 Wo
1434 1852 1499 1887 lat.
1573 1851 1698 1896 τούτῳ]
1713 1852 1819 1887 πάλαι
1835 1850 1864 1887 C

445 1899 468 1934 8
493 1899 744 1944 ἐμνηστεύοντο
760 1899 945 1944 παρθένοι]
963 1900 1133 1945 παρθένοι
1146 1900 1394 1945 ἐμνηστεύοντο
1407 1900 1658 1945 βασιλεύσαντι,
1684 1899 1744 1934 καὶ
1757 1904 1862 1934 ταῦτα

445 1948 515 1982 ὄντι
539 1947 720 1992 παρήλικι,
748 1946 777 1982 C
797 1948 944 1983 usolat.
1072 1951 1162 1993 post
1186 1948 1359 1993 βασιλέως
1386 1947 1476 1982 add.
1504 1948 1760 1982 κωνσταντίνου
1786 1947 1815 1982 C

445 1995 467 2029 9
492 1994 651 2039 θυγάτηρ
679 2005 753 2029 om.
780 1994 810 2028 B
996 1996 1039 2030 10
1064 1995 1251 2040 ἀγαγέσθαι
1277 1995 1417 2030 εὐδόκει
1443 1994 1472 2030 C
1662 1995 1701 2036 ἐξ
1724 1995 1863 2030 ἀλανῶν

444 2040 612 2087 prDi,
638 2042 867 2086 ἕξαλαμανῶν
893 2041 927 2077 Α
1086 2044 1129 2077 11
1155 2043 1434 2088 συνοικήσουσαν
1459 2042 1495 2076 D
1646 2042 1741 2088 γοῦν]
1768 2042 1807 2077 δὲ
1833 2041 1862 2077 C

447 2090 492 2124 12
515 2089 715 2134 ἀπανήνατο
741 2090 772 2124 Ε
903 2090 948 2124 14
973 2092 1064 2135 post
1089 2092 1220 2135 μαριάν
1246 2090 1338 2125 add.
1364 2089 1425 2135 τὴν
1450 2094 1500 2124 τῶ
1525 2089 1595 2135 πρὸ
1619 2090 1726 2125 αὐτοῦ
1751 2103 1863 2124 συνοι-

445 2137 604 2182 κήσασαν
630 2137 768 2182 E(wp)‚
797 2147 871 2173 om.
898 2137 1044 2175 AOWO
1069 2138 1134 2173 lat.
1274 2141 1363 2184 post
1387 2138 1531 2183 ἠγάγετο
1557 2138 1649 2173 add.
1675 2138 1706 2172 εἰ
1725 2137 1777 2183 μὴ
1803 2137 1863 2172 καὶ

443 2185 589 2229 μᾶλλον·
618 2183 721 2221 CWO
737 2185 802 2220 lat.
913 2186 958 2220 16
983 2186 1165 2231 ἵεροσύνης
1193 2185 1277 2232 W*p
1305 2186 1441 2221 invitis
1465 2185 1537 2220 AR
1648 2186 1692 2222 17
1716 2184 1861 2230 εἴρηται]

445 2232 577 2268 XVIII
604 2232 660 2277 18,
689 2232 733 2267 12
829 2236 920 2278 post
945 2234 1064 2279 καρεὶς
1090 2234 1182 2269 add.
1208 2234 1268 2269 καὶ
1294 2233 1392 2279 pr

339 2351 522 2387 7minem
548 2354 756 2387 caecatum
782 2352 824 2387 in
848 2352 991 2388 urbem
1017 2353 1219 2398 perduxit.
1269 2353 1388 2388 Hunc
1413 2352 1606 2398 Bryennii
1640 2354 1771 2388 motus
1797 2362 1863 2387 ex-

374 2400 474 2435 itum
500 2399 658 2445 habuit3
694 2400 766 2435 sed
798 2402 837 2435 et
863 2400 1044 2446 Varangi
1070 2411 1209 2446 regem
1242 2401 1438 2436 seditione
1469 2400 1695 2435 interficere
1729 2401 1863 2435 conati

339 2445 427 2482 8ab
458 2447 537 2482 alia
563 2446 745 2483 Romana
776 2457 900 2483 manu
933 2449 1114 2494 oppressi
1149 2450 1416 2494 conversique
1451 2447 1503 2482 ad
1538 2457 1678 2492 preces
1703 2448 1863 2483 veniam

374 2495 653 2540 impetrarunt.

339 2540 361 2575 9
494 2541 593 2578 Cum
619 2546 755 2578 autem
780 2543 899 2578 huius
930 2544 1038 2590 regis
1071 2554 1175 2579 uxor
1208 2544 1382 2586 obiisset,
1420 2543 1570 2579 multae
1607 2543 1788 2589 virgines
1826 2543 1862 2578 ei

317 2588 363 2623 10
376 2589 651 2625 offerebantur
676 2600 725 2625 ac
749 2601 847 2636 prae
874 2592 1017 2626 ceteris
1037 2591 1287 2627 Constantini
1306 2591 1447 2626 Ducae
1472 2591 1553 2625 filia
1573 2590 1662 2626 Zoe.
1713 2589 1862 2626 Verum

374 2637 430 2671 illi
455 2637 642 2682 placebat
668 2642 738 2673 aut
764 2639 947 2684 reginam
973 2639 1194 2674 Eudociam
1225 2639 1375 2674 ducere
1407 2641 1477 2673 aut
1500 2637 1668 2673 Mariam
1691 2637 1862 2672 Alanam

318 2683 359 2718 11
376 2684 597 2720 decessoris
637 2686 863 2731 coniugem.
913 2686 1018 2722 Misit
1051 2687 1176 2732 igitur
1211 2686 1263 2721 ad
1297 2686 1527 2729 Eudociam‚
1569 2696 1688 2730 quam
1727 2686 1862 2720 ferunt

376 2732 611 2778 coniugium
642 2743 725 2768 non
755 2743 976 2778 recusasse,
1014 2734 1086 2769 sed
1117 2734 1323 2769 monachis
1355 2733 1596 2778 quibusdam
1631 2732 1861 2768 vetantibus

317 2779 362 2814 12
375 2779 541 2814 Mariam
567 2781 751 2825 reginam
778 2781 899 2824 ducit,
939 2791 1020 2826 qua
1045 2783 1085 2817 in
1115 2792 1160 2816 re
1190 2781 1312 2816 nihilo
1345 2781 1493 2816 rectius
1527 2781 1633 2825 fecit,
1672 2790 1792 2825 quam
1828 2780 1860 2815 si

375 2827 595 2863 Eudociam
615 2829 852 2873 accepisset3
878 2829 919 2863 id
938 2829 1043 2864 enim
1072 2830 1231 2864 facinus
1255 2829 1468 2874 impudens
1495 2832 1582 2863 erat
1607 2828 1859 2863 adulterium.

246 2873 444 2909 13.14111e
472 2878 590 2919 certe,
618 2876 686 2920 qui
712 2885 872 2911 sacrum
895 2876 1076 2922 nuptiale
1094 2879 1319 2922 peregerat,
1345 2875 1571 2911 sacerdotio
1591 2875 1749 2910 excidit.
1793 2873 1860 2909 Mi-

377 2921 490 2956 chael
517 2932 614 2957 vero
641 2923 796 2968 pridem
822 2934 907 2969 rex,
942 2928 1059 2960 tonsa
1086 2934 1211 2968 coma,
1245 2926 1290 2959 ut
1316 2923 1466 2959 dictum
1493 2927 1562 2968 est,
1599 2922 1755 2958 concilii
1781 2921 1860 2957 suf-
