2066 3230
438 222 732 275 BRYENNIVS
758 231 825 273 ΕΤ
849 231 1025 275 ΑΝΝΑ..
1055 229 1440 274 TEMPESTATES.
1619 230 1690 273 ‘155

194 359 273 415 λὴν
302 359 376 416 τὴν
407 359 596 414 ἀθυμίαν
627 359 845 408 ἕνέσταζον
881 357 953 401 καὶ
989 359 1047 406 εἷς
1082 357 1268 414 ἀγωνίαν
1305 357 1542 414 ἐνέβαλλον·
1587 357 1612 399 ὁ
1645 358 1690 400 δὲ

194 428 267 471 καὶ
298 430 434 476 οὕτως
464 430 577 485 ἔχων
607 428 829 483 ἐκαρτέρει.

308 496 431 539 Ἀλλὰ
462 496 511 539 τὰ
541 497 620 552 μὲν
649 496 744 552 περὶ
773 496 935 539 τούτων
955 496 1120 552 προϊὼν
1141 496 1166 538 0‘
1187 496 1312 551 λόγος
1332 496 1568 552 ἒκθήσεται,
1601 495 1690 551 ἄρτι
1705 500 1751 537 19

197 566 243 609 δὲ
274 565 549 622 διηγησάσθω
580 567 607 607 ἃ
637 565 927 620 παραλέλοιπε.
988 564 1135 607 πολλοὶ
1168 565 1274 607 κατὰ
1305 564 1403 612 τοὺς
1432 569 1505 620 τῆς
1535 564 1690 619 αὗταρ-
1703 569 1752 605 20

160 638 183 674 5
195 635 289 690 χίας
331 634 513 690 χρόνους
555 638 629 676 τοῦ
671 634 878 689 βασιλέως
920 634 1070 675 τούτου
1114 633 1329 689 γεγόνασιν
1367 633 1608 689 ἕμπρησμοὶ
1647 633 1692 675 ἒν

197 703 418 759 διαφόροις
453 707 526 758 τῆς
562 702 729 749 πόλεως
769 704 925 757 μέρεσι,
970 702 1042 744 καὶ
1079 702 1212 744 πολλὰ
1244 702 1395 757 ταύτης
1423 702 1690 757 κατενεμήθη

194 771 242 814 τὸ
271 775 358 826 πῦρ
393 771 465 813 καὶ
500 771 744 827 ἠρείπωσεν.
806 772 978 813 ἔπνευσε
1022 771 1070 812 δέ
1112 786 1213 813 ποτε
1249 771 1398 813 τούτου
1436 774 1692 825 κρατοῦντος
1704 775 1749 811 21

11 871 15 873 -
195 840 267 882 καὶ
308 840 463 895 ἄνεμος
505 839 696 895 σφοδρός
735 855 778 881 τε
814 839 886 881 καὶ
926 838 1161 894 βιαιότατος
1199 839 1319 894 ὥρας
1352 840 1482 894 οὔσης
1512 839 1691 894 ἐαρινῆς,

14 899 270 967 7‘1v2522‘np'
303 907 354 951 οὗ
384 908 518 951 πολλά
548 925 590 950 τε
628 908 731 950 ἄλλα
772 909 924 963 συνέβη
963 908 1254 963 συμπτώματα
1286 907 1358 950 καὶ
1388 909 1414 963 ἡ
1447 908 1493 949 ἒν
1521 912 1584 962 τῷ
1614 922 1691 948 κυ-

11 971 20 1001 i
138 982 184 1018 10
194 977 384 1032 κλοτερεῒ
420 976 492 1019 καὶ
526 978 708 1031 μεγίστῳ
743 977 981 1032 πορφυρέῳ
1021 977 1125 1018 κίονι
1161 981 1224 1031 τῷ
1253 975 1359 1018 κατὰ
1390 975 1437 1018 τὸ
1467 975 1693 1031 λεγόμενον

196 1044 435 1087 Πλακωτὸν
455 1046 598 1087 ἑστῶτι
619 1045 820 1100 ἱδρυμένη
843 1045 968 1100 στήλη
991 1045 1221 1100 κατήνεκτο
1246 1045 1318 1087 καὶ
1348 1044 1531 1091 πολλοὺς
1561 1044 1693 1086 ἀνεῖλε
1706 1049 1742 1085 D

193 1117 280 1156 τῶν
309 1114 640 1169 παρατυχόντων
671 1114 765 1156 ἐκεῖ.
826 1113 880 1169 ἦν
912 1114 957 1156 δὲ
987 1113 1034 1156 τὸ
1065 1114 1233 1169 ἄγαλμα
1270 1113 1440 1169 μεγέθει
1468 1112 1547 1167 μὲν
1577 1112 1691 1167 πάμ-
1705 1119 1753 1154 22

3 1193 7 1196 ’
192 1198 316 1237 μεγα,
354 1182 494 1224 κάλλει
525 1183 572 1224 δὲ
601 1182 855 1238 θαυμάσιον,
892 1183 916 1224 ὃ
947 1182 1019 1224 καὶ
1048 1182 1178 1225 πεσὸν
1209 1181 1519 1237 συντέθραυστό
1549 1198 1591 1223 τε
1622 1181 1693 1223 καὶ

10 1246 20 1292 i}
195 1251 253 1297 εἷς
281 1250 415 1292 πολλὰ
447 1251 691 1307 διετέτμητο.
752 1251 823 1293 καὶ
854 1250 973 1298 ὗετὸς
996 1249 1033 1293 δ’
1058 1251 1103 1293 ἒν
1133 1251 1248 1306 ἄλλῳ
1279 1250 1425 1306 χρόνῳ
1455 1249 1692 1306 κατερράγη
1706 1256 1753 1292 23

0 1293 21 1377 ἑ
137 1325 183 1362 15
195 1319 485 1374 σφοδρότατος
526 1317 618 1361 κατ’
651 1319 781 1375 αὐτὴν
817 1320 891 1375 τὴν
928 1321 1092 1375 ἡμέραν
1128 1324 1201 1375 τῆς
1238 1320 1410 1375 μνήμης
1447 1322 1532 1361 τῶν
1562 1335 1692 1373 κορυ-

0 1351 27 1451 Ξ
195 1388 338 1443 φαίων
373 1391 447 1430 τοῦ
487 1387 672 1443 Χριστοῦ
710 1389 921 1443 μαθητῶν
960 1388 1127 1442 Πέτρου
1165 1387 1237 1430 καὶ
1273 1387 1465 1436 Παύλου,
1510 1388 1558 1434 ὃς
1600 1386 1694 1441 περὶ

0 1445 22 1510 ξ’
197 1457 333 1511 δείλην
376 1456 505 1511 ὀψίαν
548 1457 759 1512 ἠργμένος
802 1457 1018 1511 διήρκεσεν
1062 1457 1158 1511 ἄχρι
1198 1460 1271 1511 τῆς
1308 1457 1436 1511 αὐτῆς
1473 1455 1592 1510 ὥρας
1622 1459 1694 1510 τῆς

22 1526 25 1527 ’
196 1525 394 1580 ἐπιούσης
430 1526 591 1580 ἡμέρας
631 1525 854 1572 ἀνένδοτος
890 1526 1086 1580 γεγονώς.
1148 1525 1215 1566 ὅτε
1244 1525 1397 1566 πολλαί
1423 1540 1465 1566 τε
1495 1529 1545 1579 τῇ
1576 1528 1695 1579 φορᾷ
1707 1529 1754 1566 24

27 1587 29 1589 μ
195 1597 282 1636 τῶν
311 1594 481 1636 ὑδάτων
512 1594 637 1636 οἰκίαι
667 1594 908 1642 κατέπεσον,
951 1593 1023 1635 καὶ
1066 1594 1110 1635 αἱ
1151 1593 1343 1639 κοιλάδες
1379 1593 1549 1635 ὑδάτων
1589 1592 1693 1648 πλη-

198 1745 222 1780 4
246 1743 325 1790 περὶ
349 1743 570 1790 ἕμπρησμῶν
594 1744 655 1780 καὶ
679 1744 819 1790 ἀνέμων
843 1744 904 1781 καὶ
928 1744 1076 1791 ὗ<ετοῦ>
1106 1743 1136 1782 C

0 1729 18 1746 ἃ

0 1781 16 1802 e

0 1807 19 1837 3,

0 1840 22 1929 ἒ
274 1876 292 1911 1
319 1875 504 1922 ἐνέβαλλον
530 1874 631 1920 RDi,
656 1876 820 1923 ἐνέβαλον
845 1875 944 1922 Awp
1085 1876 1108 1911 2
1133 1876 1225 1922 ἕχως
1251 1875 1287 1910 D
1431 1875 1629 1921 ἐγκαρτέρει
1657 1874 1693 1910 D

0 1929 21 1960 ὁ
272 1924 295 1958 4
322 1927 412 1969 post
437 1924 478 1959 δέ
502 1923 594 1959 add.
619 1938 658 1968 γε
683 1923 714 1960 C
843 1927 935 1970 post
957 1924 1078 1958 πολλοὶ
1104 1924 1196 1959 add.
1223 1923 1262 1958 δὲ
1287 1922 1317 1959 C
1437 1924 1472 1958 4.
1497 1924 1520 1958 5
1545 1925 1695 1968 χρόνους

276 1975 366 2017 post
391 1971 471 2010 τοὺς
498 1970 533 2005 D
629 1971 662 2007 4.
681 1971 703 2006 ἴ)
729 1971 817 2007 κατὰ
842 1976 902 2017 τῆς
926 1971 1114 2016 αὐταρχίας
1140 1976 1200 2006 τοῦ
1225 1971 1408 2017 βασιλέως,
1436 1971 1591 2005 omissis
1617 1970 1696 2009 τοὺς

275 2023 314 2054 et
338 2020 489 2064 χρόνους
514 2018 546 2053 Β
643 2020 665 2054 6
691 2025 750 2065 τῆς
765 2020 902 2058 πόλεως
921 2018 1106 2065 Βΰῐνρῦἰ,
1133 2025 1203 2058 τοῖς
1218 2019 1338 2053 πόλεσι
1358 2018 1393 2053 Α
1489 2019 1512 2053 8
1535 2019 1647 2064 βίαιος
1667 2018 1696 2054 C

275 2067 298 2101 9
322 2067 408 2102 ἄλλα
426 2080 461 2102 τε
476 2066 588 2103 πολλὰ
607 2066 638 2102 Ο
738 2067 783 2102 10
808 2070 902 2102 ante
927 2068 1018 2102 κίονι
1044 2066 1136 2102 add.
1163 2080 1199 2101 τε
1225 2066 1292 2102 CD
1392 2066 1434 2100 ll
1461 2066 1583 2101 ἕστώτι
1611 2066 1696 2111 w*p

322 2114 426 2160 στολὴ
455 2114 490 2149 D
648 2114 694 2150 12
716 2113 782 2159 μὲν
808 2124 885 2150 om.
912 2114 942 2149 F:
1101 2115 1146 2149 13
1172 2118 1262 2160 post
1287 2113 1327 2149 δέ
1352 2113 1443 2149 add.
1469 2127 1508 2159 γε
1535 2112 1697 2159 BCEwp

277 2162 319 2197 14
347 2162 552 2208 διατέτμητο
578 2161 620 2207 C,
645 2162 824 2207 διετέμητο
849 2161 885 2197 D

322 2292 402 2329 Sed
428 2293 527 2328 haee
555 2293 595 2328 in
622 2302 841 2339 progressu
868 2293 1061 2328 orationis
1087 2295 1206 2328 erunt
1232 2290 1493 2338 exponenda;
1519 2301 1628 2327 nune
1650 2301 1699 2327 ea
1713 2292 1758 2328 19

204 2343 444 2386 reserantur,
471 2351 577 2386 quae
604 2342 750 2376 omissa
777 2344 880 2376 sunt.
931 2340 1062 2376 Huius
1088 2341 1197 2385 rogis
1222 2340 1471 2386 temporibus
1488 2339 1614 2374 muita
1633 2340 1759 2376 θὶς-20

204 2391 343 2425 stite—,re
368 2388 566 2431 incendia,
606 2388 777 2424 diversis
809 2388 921 2423 urbis
947 2388 1045 2424 locis
1071 2389 1155 2434 igni
1183 2387 1333 2423 deletis.
1385 2386 1465 2423 Sed
1491 2387 1578 2423 eius
1604 2388 1756 2423 tem-21

205 2437 372 2483 poribus
397 2436 617 2482 aliquando
645 2446 771 2472 verno
797 2440 978 2482 tompore
1006 2435 1254 2471 vehementis
1280 2436 1390 2470 venti
1418 2434 1594 2481 procella
1613 2439 1698 2470 tum

205 2485 285 2519 aiia
303 2484 427 2520 muita
446 2487 698 2528 corruerunt,
724 2487 807 2519 tum
827 2488 962 2519 statua
979 2484 1019 2519 in
1037 2482 1214 2518 rotunda
1232 2482 1298 2518 illa
1316 2482 1493 2518 maxima
1511 2482 1699 2518 columna

204 2532 491 2579 porphyretica
516 2532 556 2567 in
585 2533 684 2575 soro,
712 2531 821 2577 quod
843 2531 1047 2566 Piacotum
1075 2535 1235 2576 vocant,
1262 2530 1419 2566 deiecta
1444 2530 1602 2574 multos,
1629 2530 1697 2575 qni

206 2583 309 2615 i'orte
340 2580 395 2615 ibi
428 2583 556 2623 erant,
595 2580 795 2614 contrivit.
846 2578 903 2614 Ea
935 2582 1069 2614 statua
1096 2582 1136 2614 et
1160 2578 1264 2614 mole
1291 2578 1436 2624 ingens
1462 2581 1502 2613 et
1529 2577 1698 2624 pulchri·
1711 2578 1759 2614 22

205 2627 344 2663 tudine
362 2627 556 2662 mirabilis
576 2636 673 2662 casu
693 2626 758 2662 iiio
778 2627 817 2661 in
837 2626 962 2661 muita
980 2627 1210 2672 fragmenta
1229 2628 1288 2661 est
1308 2625 1564 2661 comminuta.
1609 2624 1697 2660 Alio
1712 2626 1759 2661 23

205 2678 386 2721 tempore
416 2674 544 2709 imber
575 2675 775 2709 maximus
808 2684 855 2709 eo
895 2673 971 2718 die,
1009 2683 1089 2719 quo
1118 2673 1341 2719 principum
1369 2671 1514 2709 Christi
1541 2675 1698 2718 aposto-

206 2722 334 2758 lorum
354 2722 461 2757 Petri
480 2726 520 2757 et
538 2722 651 2757 Fauii
670 2722 864 2757 memoria
883 2721 1121 2765 celebratur,
1148 2721 1281 2766 erupit
1300 2721 1542 2766 vesper-ique
1567 2720 1699 2765 auspi·

206 2773 321 2805 catus
342 2769 395 2805 ad
414 2769 518 2805 idem
537 2779 667 2815 usque
686 2773 843 2814 tempus
870 2768 1063 2815 postridie
1089 2769 1175 2804 sine
1202 2768 1497 2803 intermissione
1524 2767 1698 2803 duravit.

206 2816 308 2852 Turn
328 2818 478 2863 impetn
498 2826 695 2863 aquarum
717 2817 841 2852 nnuita
860 2816 1043 2851 aedificia
1064 2819 1158 2851 sunt
1184 2814 1341 2850 deiecta
1366 2819 1406 2850 et
1433 2814 1557 2850 valles
1583 2815 1700 2860 aquis
1713 2815 1760 2851 24

206 2865 483 2900 redundantes
508 2875 533 2900 ιι
558 2865 658 2900 muri
687 2864 782 2900 nihil
809 2864 1092 2909 discreparant
1117 2866 1156 2899 et
1183 2862 1363 2898 homines
1391 2872 1471 2897 non
1507 2863 1625 2909 pauci
1653 2871 1700 2898 ae

207 2913 356 2948 inuitae
383 2913 608 2948 animantes
635 2913 852 2959 perierunt.
