<?xml version="1.0" encoding="UTF-8"?>
<!DOCTYPE html PUBLIC "-//W3C//DTD XHTML 1.0 Transitional//EN"
    "http://www.w3.org/TR/xhtml1/DTD/xhtml1-transitional.dtd">
<html xmlns="http://www.w3.org/1999/xhtml" xml:lang="en" lang="en">
 <head>
  <title>
</title>
<meta http-equiv="Content-Type" content="text/html;charset=utf-8" />
  <meta name='ocr-system' content='tesseract 3.04.00' />
  <meta name='ocr-capabilities' content='ocr_page ocr_carea ocr_par ocr_line ocrx_word'/>
</head>
<body>
  <div class='ocr_page' id='page_1' title='image "./corpusscriptorum31niebuoft/corpusscriptorum31niebuoft_0196.png"; bbox 0 0 2054 3282; ppageno 0'>
   <div class='ocr_carea' id='block_1_1' title="bbox 360 154 1441 199">
    <p class='ocr_par' dir='ltr' id='par_1_1' title="bbox 360 154 1441 199">
     <span class='ocr_line' id='line_1_1' title="bbox 360 154 1441 199; baseline -0.003 -7"><span class='ocrx_word' id='word_1_1' title='bbox 360 156 428 192; x_wconf 86' lang='lat'><em>170</em></span> <span class='ocrx_word' id='word_1_2' title='bbox 767 155 947 192; x_wconf 85' lang='lat' dir='ltr'><strong>ZONAR.</strong></span> <span class='ocrx_word' id='word_1_3' title='bbox 980 154 1108 191; x_wconf 83' lang='lat' dir='ltr'><strong>EPIT.</strong></span> <span class='ocrx_word' id='word_1_4' title='bbox 1135 154 1227 190; x_wconf 92' lang='lat' dir='ltr'><em>XIV</em></span> <span class='ocrx_word' id='word_1_5' title='bbox 1253 155 1285 199; x_wconf 87' lang='lat'><em>9,</em></span> <span class='ocrx_word' id='word_1_6' title='bbox 1315 154 1441 190; x_wconf 63' lang='lat'>1—15.</span> 
     </span>
    </p>
   </div>
   <div class='ocr_carea' id='block_1_2' title="bbox 306 276 1916 1503">
    <p class='ocr_par' dir='ltr' id='par_1_2' title="bbox 315 276 1889 607">
     <span class='ocr_line' id='line_1_2' title="bbox 315 276 1853 332; baseline 0.001 -14"><span class='ocrx_word' id='word_1_7' title='bbox 315 277 342 318; x_wconf 77' lang='grc'><strong>9</strong></span> <span class='ocrx_word' id='word_1_8' title='bbox 476 278 691 319; x_wconf 71' lang='grc' dir='ltr'><em>Ἐντεῦθεν</em></span> <span class='ocrx_word' id='word_1_9' title='bbox 721 278 853 332; x_wconf 84' lang='grc' dir='ltr'><em>μόνος</em></span> <span class='ocrx_word' id='word_1_10' title='bbox 885 277 1009 322; x_wconf 75' lang='grc' dir='ltr'><em>αὖθις</em></span> <span class='ocrx_word' id='word_1_11' title='bbox 1032 277 1055 317; x_wconf 86' lang='grc' dir='ltr'>ὁ</span> <span class='ocrx_word' id='word_1_12' title='bbox 1077 276 1321 329; x_wconf 80' lang='grc' dir='ltr'><em>Βελισάριος</em></span> <span class='ocrx_word' id='word_1_13' title='bbox 1347 281 1590 331; x_wconf 80' lang='grc' dir='ltr'><em>στρατηγῶν</em></span> <span class='ocrx_word' id='word_1_14' title='bbox 1619 282 1758 319; x_wconf 86' lang='grc' dir='ltr'><em>πᾶσαν</em></span> <span class='ocrx_word' id='word_1_15' title='bbox 1779 278 1853 332; x_wconf 85' lang='grc' dir='ltr'><em>τὴν</em></span> 
     </span>
     <span class='ocr_line' id='line_1_3' title="bbox 360 342 1851 400; baseline 0.001 -13"><span class='ocrx_word' id='word_1_16' title='bbox 360 347 526 387; x_wconf 76' lang='grc' dir='ltr'><em>Ἰταλίαν</em></span> <span class='ocrx_word' id='word_1_17' title='bbox 557 347 628 388; x_wconf 80' lang='grc' dir='ltr'><em>καὶ</em></span> <span class='ocrx_word' id='word_1_18' title='bbox 659 346 730 392; x_wconf 81' lang='grc' dir='ltr'><em>τὰς</em></span> <span class='ocrx_word' id='word_1_19' title='bbox 762 347 889 400; x_wconf 73' lang='grc' dir='ltr'><em>αὐτῆς</em></span> <span class='ocrx_word' id='word_1_20' title='bbox 919 346 1058 391; x_wconf 84' lang='grc' dir='ltr'><em>πόλεις</em></span> <span class='ocrx_word' id='word_1_21' title='bbox 1090 342 1162 398; x_wconf 77' lang='grc' dir='ltr'><em>ὑφ’</em></span> <span class='ocrx_word' id='word_1_22' title='bbox 1198 345 1346 386; x_wconf 82' lang='grc' dir='ltr'><em>ἑαυτὸν</em></span> <span class='ocrx_word' id='word_1_23' title='bbox 1368 345 1590 399; x_wconf 79' lang='grc' dir='ltr'><em>ἐποιήσατο</em></span> <span class='ocrx_word' id='word_1_24' title='bbox 1612 347 1683 388; x_wconf 83' lang='grc' dir='ltr'><em>καὶ</em></span> <span class='ocrx_word' id='word_1_25' title='bbox 1704 352 1851 389; x_wconf 89' lang='grc' dir='ltr'><em>τοσοῦ-</em></span> 
     </span>
     <span class='ocr_line' id='line_1_4' title="bbox 356 414 1854 470; baseline 0.001 -15"><span class='ocrx_word' id='word_1_26' title='bbox 356 431 427 456; x_wconf 85' lang='grc' dir='ltr'><em>τον</em></span> <span class='ocrx_word' id='word_1_27' title='bbox 458 420 541 461; x_wconf 84' lang='grc' dir='ltr'><em>τοῖς</em></span> <span class='ocrx_word' id='word_1_28' title='bbox 572 416 806 470; x_wconf 78' lang='grc' dir='ltr'><em>βαρβάροις</em></span> <span class='ocrx_word' id='word_1_29' title='bbox 837 415 908 455; x_wconf 83' lang='grc' dir='ltr'><em>καὶ</em></span> <span class='ocrx_word' id='word_1_30' title='bbox 939 414 1126 467; x_wconf 72' lang='grc' dir='ltr'><em>φοβερὸς</em></span> <span class='ocrx_word' id='word_1_31' title='bbox 1157 414 1228 454; x_wconf 80' lang='grc' dir='ltr'><em>καὶ</em></span> <span class='ocrx_word' id='word_1_32' title='bbox 1260 415 1459 468; x_wconf 76' lang='grc' dir='ltr'><strong><em>ἐράσμιος</em></strong></span> <span class='ocrx_word' id='word_1_33' title='bbox 1493 416 1659 469; x_wconf 89' lang='grc' dir='ltr'><em>γέγονεν</em></span> <span class='ocrx_word' id='word_1_34' title='bbox 1691 417 1752 462; x_wconf 88' lang='grc' dir='ltr'><em>ὡς</em></span> <span class='ocrx_word' id='word_1_35' title='bbox 1782 421 1854 470; x_wconf 87' lang='grc' dir='ltr'><em>τῆς</em></span> 
     </span>
     <span class='ocr_line' id='line_1_5' title="bbox 357 483 1853 538; baseline 0 -13"><span class='ocrx_word' id='word_1_36' title='bbox 357 487 480 537; x_wconf 76' lang='grc' dir='ltr'><em>σφῶν</em></span> <span class='ocrx_word' id='word_1_37' title='bbox 520 485 653 538; x_wconf 83' lang='grc' dir='ltr'><em>ἀρχῆς</em></span> <span class='ocrx_word' id='word_1_38' title='bbox 691 483 817 525; x_wconf 74' lang='grc' dir='ltr'><em>αὐτὸν</em></span> <span class='ocrx_word' id='word_1_39' title='bbox 855 485 998 531; x_wconf 78' lang='grc' dir='ltr'><em>ἀξιοῦν</em></span> <span class='ocrx_word' id='word_1_40' title='bbox 1037 483 1108 524; x_wconf 83' lang='grc' dir='ltr'><em>καὶ</em></span> <span class='ocrx_word' id='word_1_41' title='bbox 1144 483 1315 537; x_wconf 77' lang='grc' dir='ltr'><em>βασιλέα</em></span> <span class='ocrx_word' id='word_1_42' title='bbox 1353 483 1544 524; x_wconf 79' lang='grc' dir='ltr'><em>ἱκετεύειν</em></span> <span class='ocrx_word' id='word_1_43' title='bbox 1576 484 1703 526; x_wconf 82' lang='grc' dir='ltr'><em>αὐτὸν</em></span> <span class='ocrx_word' id='word_1_44' title='bbox 1734 485 1853 538; x_wconf 86' lang='grc' dir='ltr'><em>γενή-</em></span> 
     </span>
     <span class='ocr_line' id='line_1_6' title="bbox 357 551 1889 607; baseline 0.001 -14"><span class='ocrx_word' id='word_1_45' title='bbox 357 553 504 593; x_wconf 71' lang='grc' dir='ltr'><em>σεσθαι</em></span> <span class='ocrx_word' id='word_1_46' title='bbox 535 556 659 606; x_wconf 75' lang='grc' dir='ltr'><em>σφῶν</em></span> <span class='ocrx_word' id='word_1_47' title='bbox 690 553 760 593; x_wconf 82' lang='grc' dir='ltr'><em>καὶ</em></span> <span class='ocrx_word' id='word_1_48' title='bbox 792 551 966 597; x_wconf 78' lang='grc' dir='ltr'><em>ἑαυτοὺς</em></span> <span class='ocrx_word' id='word_1_49' title='bbox 996 552 1067 592; x_wconf 81' lang='grc' dir='ltr'><em>καὶ</em></span> <span class='ocrx_word' id='word_1_50' title='bbox 1098 551 1146 593; x_wconf 84' lang='grc' dir='ltr'><em>τὰ</em></span> <span class='ocrx_word' id='word_1_51' title='bbox 1179 553 1358 605; x_wconf 79' lang='grc' dir='ltr'><em>σφέτερα</em></span> <span class='ocrx_word' id='word_1_52' title='bbox 1383 553 1516 593; x_wconf 86' lang='grc' dir='ltr'><em>πάντα</em></span> <span class='ocrx_word' id='word_1_53' title='bbox 1540 553 1889 607; x_wconf 75' lang='grc' dir='ltr'><em>ἀνατιθεμένωνὸ</em></span> 
     </span>
    </p>

    <p class='ocr_par' dir='ltr' id='par_1_3' title="bbox 321 620 1856 745">
     <span class='ocr_line' id='line_1_7' title="bbox 321 620 1852 676; baseline 0.003 -17"><span class='ocrx_word' id='word_1_54' title='bbox 321 621 483 675; x_wconf 77' lang='grc' dir='ltr'><em>2αῦτῷ.</em></span> <span class='ocrx_word' id='word_1_55' title='bbox 547 621 570 661; x_wconf 85' lang='grc' dir='ltr'>ὁ</span> <span class='ocrx_word' id='word_1_56' title='bbox 604 621 648 662; x_wconf 76' lang='grc' dir='ltr'><em>δὲ</em></span> <span class='ocrx_word' id='word_1_57' title='bbox 687 621 797 662; x_wconf 64' lang='grc' dir='ltr'><em>ςὀὐκ</em></span> <span class='ocrx_word' id='word_1_58' title='bbox 832 621 883 661; x_wconf 78' lang='grc' dir='ltr'><em>ἄν</em></span> <span class='ocrx_word' id='word_1_59' title='bbox 913 636 1013 661; x_wconf 88' lang='grc' dir='ltr'><em>ποτε</em></span> <span class='ocrx_word' id='word_1_60' title='bbox 1045 622 1203 668; x_wconf 83' lang='grc' dir='ltr'><em>ζῶντος</em></span> <span class='ocrx_word' id='word_1_61' title='bbox 1237 620 1560 663; x_wconf 76' lang='grc' dir='ltr'><em>Ἰουστινιανοῦ”</em></span> <span class='ocrx_word' id='word_1_62' title='bbox 1591 623 1672 676; x_wconf 80' lang='grc' dir='ltr'><em>ἔφη</em></span> <span class='ocrx_word' id='word_1_63' title='bbox 1705 622 1852 676; x_wconf 68' lang='lat' dir='ltr'><strong><em>“flaoc-</em></strong></span> 
     </span>
     <span class='ocr_line' id='line_1_8' title="bbox 356 689 1856 745; baseline 0.001 -15"><span class='ocrx_word' id='word_1_64' title='bbox 356 689 449 735; x_wconf 84' lang='grc' dir='ltr'><em>λεὺς</em></span> <span class='ocrx_word' id='word_1_65' title='bbox 480 689 605 735; x_wconf 71' lang='grc' dir='ltr'><em>αὐτὸς</em></span> <span class='ocrx_word' id='word_1_66' title='bbox 636 689 844 743; x_wconf 70' lang='grc' dir='ltr'><em>κληθῆναι</em></span> <span class='ocrx_word' id='word_1_67' title='bbox 877 690 1075 743; x_wconf 81' lang='grc' dir='ltr'><em>ἀνέξομαι</em></span> <span class='ocrx_word' id='word_1_68' title='bbox 1086 690 1125 743; x_wconf 80' lang='grc'><em>”,</em></span> <span class='ocrx_word' id='word_1_69' title='bbox 1159 690 1220 735; x_wconf 84' lang='grc' dir='ltr'><em>ὡς</em></span> <span class='ocrx_word' id='word_1_70' title='bbox 1250 690 1344 743; x_wconf 85' lang='grc' dir='ltr'><em>περὶ</em></span> <span class='ocrx_word' id='word_1_71' title='bbox 1374 690 1535 731; x_wconf 83' lang='grc' dir='ltr'><em>τούτων</em></span> <span class='ocrx_word' id='word_1_72' title='bbox 1567 691 1591 731; x_wconf 87' lang='grc' dir='ltr'>ὁ</span> <span class='ocrx_word' id='word_1_73' title='bbox 1617 690 1856 745; x_wconf 81' lang='grc' dir='ltr'><em>Καισαρεὺς</em></span> 
     </span>
    </p>

    <p class='ocr_par' dir='ltr' id='par_1_4' title="bbox 321 757 1855 813">
     <span class='ocr_line' id='line_1_9' title="bbox 321 757 1855 813; baseline 0.003 -17"><span class='ocrx_word' id='word_1_74' title='bbox 321 762 343 796; x_wconf 83' lang='lat'><strong>3</strong></span> <span class='ocrx_word' id='word_1_75' title='bbox 360 757 617 811; x_wconf 78' lang='grc' dir='ltr'><em>Προκόπιος,</em></span> <span class='ocrx_word' id='word_1_76' title='bbox 662 759 778 811; x_wconf 75' lang='grc' dir='ltr'><em>αὐτῷ</em></span> <span class='ocrx_word' id='word_1_77' title='bbox 820 758 910 798; x_wconf 88' lang='grc' dir='ltr'><em>τότε</em></span> <span class='ocrx_word' id='word_1_78' title='bbox 953 758 1346 812; x_wconf 81' lang='grc' dir='ltr'><em>συστρατευόμενος,</em></span> <span class='ocrx_word' id='word_1_79' title='bbox 1394 760 1589 813; x_wconf 80' lang='grc' dir='ltr'><em>ἔγραψεν.</em></span> <span class='ocrx_word' id='word_1_80' title='bbox 1663 760 1855 802; x_wconf 76' lang='grc' dir='ltr'><em>ἐντεῦθεν</em></span> 
     </span>
    </p>

    <p class='ocr_par' dir='ltr' id='par_1_5' title="bbox 306 826 1855 882">
     <span class='ocr_line' id='line_1_10' title="bbox 306 826 1855 882; baseline 0.003 -16"><span class='ocrx_word' id='word_1_81' title='bbox 306 827 493 867; x_wconf 80' lang='grc' dir='ltr'><em>Βτοίνυν</em></span> <span class='ocrx_word' id='word_1_82' title='bbox 537 827 771 880; x_wconf 75' lang='grc' dir='ltr'><em>ἐπίφθονος</em></span> <span class='ocrx_word' id='word_1_83' title='bbox 815 826 1000 880; x_wconf 85' lang='grc' dir='ltr'><em>γεγονὼς</em></span> <span class='ocrx_word' id='word_1_84' title='bbox 1045 827 1302 881; x_wconf 79' lang='grc' dir='ltr'><em>διαβάλλεται</em></span> <span class='ocrx_word' id='word_1_85' title='bbox 1340 828 1448 881; x_wconf 85' lang='grc' dir='ltr'><em>πρὸς</em></span> <span class='ocrx_word' id='word_1_86' title='bbox 1484 828 1555 870; x_wconf 84' lang='grc' dir='ltr'><em>τὸν</em></span> <span class='ocrx_word' id='word_1_87' title='bbox 1591 828 1761 882; x_wconf 83' lang='grc' dir='ltr'><em>βασιλέα</em></span> <span class='ocrx_word' id='word_1_88' title='bbox 1793 829 1855 874; x_wconf 83' lang='grc' dir='ltr'><em>ὡς</em></span> 
     </span>
    </p>

    <p class='ocr_par' dir='ltr' id='par_1_6' title="bbox 321 895 1915 1021">
     <span class='ocr_line' id='line_1_11' title="bbox 321 895 1915 951; baseline 0.003 -17"><span class='ocrx_word' id='word_1_89' title='bbox 321 895 564 948; x_wconf 82' lang='grc' dir='ltr'><em>4βασιλείας</em></span> <span class='ocrx_word' id='word_1_90' title='bbox 596 896 725 949; x_wconf 79' lang='grc' dir='ltr'><em>ἐρῶν·</em></span> <span class='ocrx_word' id='word_1_91' title='bbox 758 896 828 937; x_wconf 84' lang='grc' dir='ltr'><em>καὶ</em></span> <span class='ocrx_word' id='word_1_92' title='bbox 860 897 907 942; x_wconf 86' lang='grc' dir='ltr'><em>ὃς</em></span> <span class='ocrx_word' id='word_1_93' title='bbox 938 895 1065 937; x_wconf 82' lang='grc' dir='ltr'><em>αὐτὸν</em></span> <span class='ocrx_word' id='word_1_94' title='bbox 1097 896 1259 937; x_wconf 77' lang='grc' dir='ltr'><em>ἐκεῖθεν</em></span> <span class='ocrx_word' id='word_1_95' title='bbox 1288 897 1590 950; x_wconf 81' lang='grc' dir='ltr'><em>μετεκαλέσατο</em></span> <span class='ocrx_word' id='word_1_96' title='bbox 1622 898 1683 944; x_wconf 86' lang='grc' dir='ltr'><em>ὡς</em></span> <span class='ocrx_word' id='word_1_97' title='bbox 1705 898 1761 944; x_wconf 86' lang='grc' dir='ltr'><em>εἰς</em></span> <span class='ocrx_word' id='word_1_98' title='bbox 1781 897 1855 951; x_wconf 87' lang='grc' dir='ltr'><em>τὴν</em></span> <span class='ocrx_word' id='word_1_99' title='bbox 1870 902 1915 938; x_wconf 89' lang='grc'><em>10</em></span> 
     </span>
     <span class='ocr_line' id='line_1_12' title="bbox 356 963 1855 1021; baseline 0.002 -17"><span class='ocrx_word' id='word_1_100' title='bbox 356 963 469 1017; x_wconf 76' lang='grc' dir='ltr'><em>ἑῴαν</em></span> <span class='ocrx_word' id='word_1_101' title='bbox 491 964 789 1018; x_wconf 78' lang='grc' dir='ltr'><em>στρατεύσαντα</em></span> <span class='ocrx_word' id='word_1_102' title='bbox 812 965 883 1006; x_wconf 84' lang='grc' dir='ltr'><em>καὶ</em></span> <span class='ocrx_word' id='word_1_103' title='bbox 899 964 970 1006; x_wconf 85' lang='grc' dir='ltr'><em>τὸν</em></span> <span class='ocrx_word' id='word_1_104' title='bbox 988 965 1186 1019; x_wconf 74' lang='grc' dir='ltr'><em>Μηδικὸν</em></span> <span class='ocrx_word' id='word_1_105' title='bbox 1203 966 1640 1020; x_wconf 77' lang='grc' dir='ltr'><em>ε’μπιστευθησόμενον</em></span> <span class='ocrx_word' id='word_1_106' title='bbox 1655 966 1855 1021; x_wconf 88' lang='grc' dir='ltr'><em>πόλεμον.</em></span> 
     </span>
    </p>

    <p class='ocr_par' dir='ltr' id='par_1_7' title="bbox 321 1032 1856 1090">
     <span class='ocr_line' id='line_1_13' title="bbox 321 1032 1856 1090; baseline 0.003 -18"><span class='ocrx_word' id='word_1_107' title='bbox 321 1032 521 1087; x_wconf 77' lang='grc' dir='ltr'><em>ὃτελευτᾷ</em></span> <span class='ocrx_word' id='word_1_108' title='bbox 551 1034 692 1086; x_wconf 87' lang='grc' dir='ltr'><em>μέντοι</em></span> <span class='ocrx_word' id='word_1_109' title='bbox 723 1033 794 1074; x_wconf 85' lang='grc' dir='ltr'><em>καὶ</em></span> <span class='ocrx_word' id='word_1_110' title='bbox 825 1035 850 1088; x_wconf 85' lang='grc' dir='ltr'>ἡ</span> <span class='ocrx_word' id='word_1_111' title='bbox 884 1034 1109 1088; x_wconf 78' lang='grc' dir='ltr'><em>Αὐγούστα</em></span> <span class='ocrx_word' id='word_1_112' title='bbox 1147 1033 1370 1089; x_wconf 77' lang='grc' dir='ltr'><em>Θεοδώρα,</em></span> <span class='ocrx_word' id='word_1_113' title='bbox 1411 1035 1627 1089; x_wconf 78' lang='grc' dir='ltr'><em>ἓπιβιοῦσα</em></span> <span class='ocrx_word' id='word_1_114' title='bbox 1658 1040 1707 1090; x_wconf 83' lang='grc' dir='ltr'><em>τῇ</em></span> <span class='ocrx_word' id='word_1_115' title='bbox 1739 1036 1856 1090; x_wconf 84' lang='grc' dir='ltr'><em>βασι-</em></span> 
     </span>
    </p>

    <p class='ocr_par' dir='ltr' id='par_1_8' title="bbox 321 1101 1916 1435">
     <span class='ocr_line' id='line_1_14' title="bbox 321 1101 1856 1159; baseline 0.003 -19"><span class='ocrx_word' id='word_1_116' title='bbox 321 1101 442 1155; x_wconf 82' lang='grc' dir='ltr'><em>6λείᾳ</em></span> <span class='ocrx_word' id='word_1_117' title='bbox 481 1102 548 1156; x_wconf 83' lang='grc' dir='ltr'><em>ἔτη</em></span> <span class='ocrx_word' id='word_1_118' title='bbox 589 1103 717 1143; x_wconf 57' lang='grc' dir='ltr'><em>εἷόιοσι</em></span> <span class='ocrx_word' id='word_1_119' title='bbox 753 1102 861 1156; x_wconf 85' lang='grc' dir='ltr'><em>πρὸς</em></span> <span class='ocrx_word' id='word_1_120' title='bbox 893 1103 952 1144; x_wconf 81' lang='grc' dir='ltr'><em>ἑνὶ</em></span> <span class='ocrx_word' id='word_1_121' title='bbox 983 1103 1054 1144; x_wconf 84' lang='grc' dir='ltr'><em>καὶ</em></span> <span class='ocrx_word' id='word_1_122' title='bbox 1084 1103 1186 1157; x_wconf 81' lang='grc' dir='ltr'><em>μησὶ</em></span> <span class='ocrx_word' id='word_1_123' title='bbox 1216 1104 1331 1157; x_wconf 88' lang='grc' dir='ltr'><em>τρισί.</em></span> <span class='ocrx_word' id='word_1_124' title='bbox 1394 1109 1466 1158; x_wconf 86' lang='grc' dir='ltr'><em>τῆς</em></span> <span class='ocrx_word' id='word_1_125' title='bbox 1498 1104 1543 1145; x_wconf 79' lang='grc' dir='ltr'><em>δὲ</em></span> <span class='ocrx_word' id='word_1_126' title='bbox 1573 1104 1757 1159; x_wconf 80' lang='grc' dir='ltr'><em>μεγάλης</em></span> <span class='ocrx_word' id='word_1_127' title='bbox 1787 1105 1856 1146; x_wconf 81' lang='grc' dir='ltr'><em>ε’κ-</em></span> 
     </span>
     <span class='ocr_line' id='line_1_15' title="bbox 356 1170 1857 1227; baseline 0.002 -16"><span class='ocrx_word' id='word_1_128' title='bbox 356 1170 528 1225; x_wconf 87' lang='grc' dir='ltr'><em>κλησίας</em></span> <span class='ocrx_word' id='word_1_129' title='bbox 560 1171 883 1226; x_wconf 73' lang='grc' dir='ltr'><em>ἀπαρτισθείσης</em></span> <span class='ocrx_word' id='word_1_130' title='bbox 914 1172 995 1226; x_wconf 80' lang='grc' dir='ltr'><em>ἤδη</em></span> <span class='ocrx_word' id='word_1_131' title='bbox 1028 1172 1099 1213; x_wconf 81' lang='grc' dir='ltr'><em>καὶ</em></span> <span class='ocrx_word' id='word_1_132' title='bbox 1130 1172 1482 1227; x_wconf 72' lang='grc' dir='ltr'><em>καθιερωθείσης,</em></span> <span class='ocrx_word' id='word_1_133' title='bbox 1527 1174 1680 1227; x_wconf 80' lang='grc' dir='ltr'><em>συνέβη</em></span> <span class='ocrx_word' id='word_1_134' title='bbox 1719 1177 1857 1214; x_wconf 84' lang='grc' dir='ltr'><em>πεσεῖν</em></span> 
     </span>
     <span class='ocr_line' id='line_1_16' title="bbox 357 1239 1916 1296; baseline 0.001 -15"><span class='ocrx_word' id='word_1_135' title='bbox 357 1240 404 1281; x_wconf 80' lang='grc' dir='ltr'><em>ἔκ</em></span> <span class='ocrx_word' id='word_1_136' title='bbox 437 1244 607 1294; x_wconf 82' lang='grc' dir='ltr'><em>σεισμοῦ</em></span> <span class='ocrx_word' id='word_1_137' title='bbox 639 1239 713 1294; x_wconf 82' lang='grc' dir='ltr'><em>τὴν</em></span> <span class='ocrx_word' id='word_1_138' title='bbox 750 1240 858 1294; x_wconf 86' lang='grc' dir='ltr'><em>πρὸς</em></span> <span class='ocrx_word' id='word_1_139' title='bbox 895 1241 1100 1295; x_wconf 81' lang='grc' dir='ltr'><em>ἀνατολὴν</em></span> <span class='ocrx_word' id='word_1_140' title='bbox 1130 1241 1316 1296; x_wconf 78' lang='grc' dir='ltr'><em>μεγάλην</em></span> <span class='ocrx_word' id='word_1_141' title='bbox 1348 1246 1532 1296; x_wconf 75' lang='grc' dir='ltr'><em>σφαῖραν</em></span> <span class='ocrx_word' id='word_1_142' title='bbox 1562 1247 1636 1284; x_wconf 89' lang='grc' dir='ltr'><em>τοῦ</em></span> <span class='ocrx_word' id='word_1_143' title='bbox 1667 1242 1856 1284; x_wconf 83' lang='grc' dir='ltr'><em>τοιούτου</em></span> <span class='ocrx_word' id='word_1_144' title='bbox 1873 1247 1916 1283; x_wconf 85' lang='grc'><em>15</em></span> 
     </span>
     <span class='ocr_line' id='line_1_17' title="bbox 360 1309 1858 1366; baseline 0.003 -19"><span class='ocrx_word' id='word_1_145' title='bbox 360 1312 476 1362; x_wconf 83' lang='grc' dir='ltr'><em>ναοῦ,</em></span> <span class='ocrx_word' id='word_1_146' title='bbox 510 1310 535 1363; x_wconf 83' lang='grc' dir='ltr'><em>ἣ</em></span> <span class='ocrx_word' id='word_1_147' title='bbox 567 1314 753 1350; x_wconf 86' lang='grc' dir='ltr'><em>πεσοῦσα</em></span> <span class='ocrx_word' id='word_1_148' title='bbox 785 1309 830 1350; x_wconf 91' lang='grc' dir='ltr'><em>τό</em></span> <span class='ocrx_word' id='word_1_149' title='bbox 863 1325 903 1350; x_wconf 88' lang='grc' dir='ltr'><em>τε</em></span> <span class='ocrx_word' id='word_1_150' title='bbox 935 1310 1137 1363; x_wconf 77' lang='grc' dir='ltr'><em>κιβώριον</em></span> <span class='ocrx_word' id='word_1_151' title='bbox 1169 1315 1239 1364; x_wconf 84' lang='grc' dir='ltr'><em>τῆς</em></span> <span class='ocrx_word' id='word_1_152' title='bbox 1269 1311 1388 1364; x_wconf 78' lang='grc' dir='ltr'><em>ἁγίας</em></span> <span class='ocrx_word' id='word_1_153' title='bbox 1409 1312 1615 1366; x_wconf 85' lang='grc' dir='ltr'><em>τραπέζης</em></span> <span class='ocrx_word' id='word_1_154' title='bbox 1636 1310 1707 1353; x_wconf 86' lang='grc' dir='ltr'><em>καὶ</em></span> <span class='ocrx_word' id='word_1_155' title='bbox 1729 1311 1858 1365; x_wconf 78' lang='grc' dir='ltr'><em>αὐτὴν</em></span> 
     </span>
     <span class='ocr_line' id='line_1_18' title="bbox 358 1378 1856 1435; baseline 0.003 -18"><span class='ocrx_word' id='word_1_156' title='bbox 358 1378 518 1432; x_wconf 78' lang='grc' dir='ltr'><em>ἐκείνην</em></span> <span class='ocrx_word' id='word_1_157' title='bbox 561 1378 634 1431; x_wconf 75' lang='grc' dir='ltr'><em>τὴν</em></span> <span class='ocrx_word' id='word_1_158' title='bbox 677 1383 845 1432; x_wconf 86' lang='grc' dir='ltr'><em>παναγῆ</em></span> <span class='ocrx_word' id='word_1_159' title='bbox 888 1379 1096 1432; x_wconf 82' lang='grc' dir='ltr'><em>τράπεζαν</em></span> <span class='ocrx_word' id='word_1_160' title='bbox 1140 1379 1210 1420; x_wconf 79' lang='grc' dir='ltr'><em>καὶ</em></span> <span class='ocrx_word' id='word_1_161' title='bbox 1254 1379 1325 1421; x_wconf 87' lang='grc' dir='ltr'><em>τὸν</em></span> <span class='ocrx_word' id='word_1_162' title='bbox 1368 1380 1551 1434; x_wconf 81' lang='grc' dir='ltr'><em>ἄμβωνα</em></span> <span class='ocrx_word' id='word_1_163' title='bbox 1596 1381 1856 1435; x_wconf 82' lang='grc' dir='ltr'><em>συνέτριψεν·</em></span> 
     </span>
    </p>

    <p class='ocr_par' dir='ltr' id='par_1_9' title="bbox 323 1446 1856 1503">
     <span class='ocr_line' id='line_1_19' title="bbox 323 1446 1856 1503; baseline 0.004 -19"><span class='ocrx_word' id='word_1_164' title='bbox 323 1449 342 1484; x_wconf 75' lang='lat'>7</span> <span class='ocrx_word' id='word_1_165' title='bbox 359 1446 462 1487; x_wconf 74' lang='grc' dir='ltr'><em>ὅθεν</em></span> <span class='ocrx_word' id='word_1_166' title='bbox 493 1446 647 1500; x_wconf 87' lang='grc' dir='ltr'><em>λέγεται</em></span> <span class='ocrx_word' id='word_1_167' title='bbox 677 1447 748 1488; x_wconf 75' lang='grc' dir='ltr'><em>καὶ</em></span> <span class='ocrx_word' id='word_1_168' title='bbox 778 1446 850 1488; x_wconf 87' lang='grc' dir='ltr'><em>τὸν</em></span> <span class='ocrx_word' id='word_1_169' title='bbox 881 1447 1057 1500; x_wconf 85' lang='grc' dir='ltr'><em>τροῦλον</em></span> <span class='ocrx_word' id='word_1_170' title='bbox 1087 1448 1307 1501; x_wconf 80' lang='grc' dir='ltr'><em>προστάξει</em></span> <span class='ocrx_word' id='word_1_171' title='bbox 1332 1452 1406 1490; x_wconf 85' lang='grc' dir='ltr'><em>τοῦ</em></span> <span class='ocrx_word' id='word_1_172' title='bbox 1427 1449 1634 1503; x_wconf 81' lang='grc' dir='ltr'><em>βασιλέως</em></span> <span class='ocrx_word' id='word_1_173' title='bbox 1654 1449 1856 1503; x_wconf 72' lang='grc' dir='ltr'><em>καθαιρε-</em></span> 
     </span>
    </p>
   </div>
   <div class='ocr_carea' id='block_1_3' title="bbox 359 1576 1857 1672">
    <p class='ocr_par' dir='ltr' id='par_1_10' title="bbox 359 1576 1857 1672">
     <span class='ocr_line' id='line_1_20' title="bbox 360 1576 1857 1623; baseline 0.002 -12"><span class='ocrx_word' id='word_1_174' title='bbox 360 1576 377 1610; x_wconf 92' lang='grc'><strong>1</strong></span> <span class='ocrx_word' id='word_1_175' title='bbox 406 1577 457 1611; x_wconf 80' lang='grc' dir='ltr'><em>ὅτι</em></span> <span class='ocrx_word' id='word_1_176' title='bbox 483 1577 543 1611; x_wconf 87' lang='grc' dir='ltr'><em>καὶ</em></span> <span class='ocrx_word' id='word_1_177' title='bbox 570 1577 660 1621; x_wconf 91' lang='lat' dir='ltr'>(om.</span> <span class='ocrx_word' id='word_1_178' title='bbox 688 1577 733 1619; x_wconf 87' lang='grc' dir='ltr'><em>Ε)</em></span> <span class='ocrx_word' id='word_1_179' title='bbox 759 1582 874 1612; x_wconf 85' lang='grc' dir='ltr'><em>πᾶσαν</em></span> <span class='ocrx_word' id='word_1_180' title='bbox 900 1576 962 1623; x_wconf 87' lang='grc' dir='ltr'><em>τὴν</em></span> <span class='ocrx_word' id='word_1_181' title='bbox 984 1578 1129 1613; x_wconf 80' lang='grc' dir='ltr'><em>Ἰταλίαν</em></span> <span class='ocrx_word' id='word_1_182' title='bbox 1153 1578 1319 1619; x_wconf 81' lang='grc' dir='ltr'><em>ὑπέταξεν</em></span> <span class='ocrx_word' id='word_1_183' title='bbox 1345 1579 1365 1612; x_wconf 85' lang='grc' dir='ltr'>ό</span> <span class='ocrx_word' id='word_1_184' title='bbox 1380 1578 1587 1622; x_wconf 81' lang='grc' dir='ltr'><em>Βελισάριος</em></span> <span class='ocrx_word' id='word_1_185' title='bbox 1613 1580 1665 1620; x_wconf 83' lang='lat' dir='ltr'><em>(v.</em></span> <span class='ocrx_word' id='word_1_186' title='bbox 1693 1578 1744 1613; x_wconf 86' lang='lat' dir='ltr'><em>ad</em></span> <span class='ocrx_word' id='word_1_187' title='bbox 1765 1578 1857 1614; x_wconf 89' lang='lat' dir='ltr'><em>XIV</em></span> 
     </span>
     <span class='ocr_line' id='line_1_21' title="bbox 359 1624 1856 1672; baseline 0.001 -13"><span class='ocrx_word' id='word_1_188' title='bbox 359 1624 392 1668; x_wconf 83' lang='lat'><em>7,</em></span> <span class='ocrx_word' id='word_1_189' title='bbox 407 1624 467 1669; x_wconf 86' lang='grc'>21)</span> <span class='ocrx_word' id='word_1_190' title='bbox 495 1624 557 1661; x_wconf 86' lang='lat' dir='ltr'><em>CE</em></span> <span class='ocrx_word' id='word_1_191' title='bbox 657 1625 701 1660; x_wconf 89' lang='grc'>12</span> <span class='ocrx_word' id='word_1_192' title='bbox 726 1625 862 1671; x_wconf 82' lang='grc' dir='ltr'><em>τελευτὴ</em></span> <span class='ocrx_word' id='word_1_193' title='bbox 885 1626 1078 1670; x_wconf 78' lang='grc' dir='ltr'><em>Θεοδώρας</em></span> <span class='ocrx_word' id='word_1_194' title='bbox 1103 1631 1162 1672; x_wconf 83' lang='grc' dir='ltr'><em>τῆς</em></span> <span class='ocrx_word' id='word_1_195' title='bbox 1186 1627 1365 1672; x_wconf 82' lang='grc' dir='ltr'><em>βασιλίδος</em></span> <span class='ocrx_word' id='word_1_196' title='bbox 1391 1625 1442 1668; x_wconf 87' lang='lat' dir='ltr'><em>(A</em></span> <span class='ocrx_word' id='word_1_197' title='bbox 1460 1637 1535 1662; x_wconf 87' lang='lat' dir='ltr'><em>om.</em></span> <span class='ocrx_word' id='word_1_198' title='bbox 1554 1640 1581 1661; x_wconf 88' lang='grc' dir='ltr'><em>τ.</em></span> <span class='ocrx_word' id='word_1_199' title='bbox 1599 1627 1729 1672; x_wconf 87' lang='grc' dir='ltr'><em>βασιλ.)</em></span> <span class='ocrx_word' id='word_1_200' title='bbox 1756 1625 1856 1663; x_wconf 88' lang='lat' dir='ltr'><em>ACE</em></span> 
     </span>
    </p>
   </div>
   <div class='ocr_carea' id='block_1_4' title="bbox 431 1744 1859 2080">
    <p class='ocr_par' dir='ltr' id='par_1_11' title="bbox 431 1744 1859 2080">
     <span class='ocr_line' id='line_1_22' title="bbox 433 1744 1857 1792; baseline 0.002 -13"><span class='ocrx_word' id='word_1_201' title='bbox 433 1745 451 1778; x_wconf 90' lang='lat'>1</span> <span class='ocrx_word' id='word_1_202' title='bbox 478 1744 698 1790; x_wconf 80' lang='grc' dir='ltr'><em>Βελισάριος]</em></span> <span class='ocrx_word' id='word_1_203' title='bbox 726 1756 763 1779; x_wconf 91' lang='lat' dir='ltr'><em>V.</em></span> <span class='ocrx_word' id='word_1_204' title='bbox 791 1745 853 1779; x_wconf 83' lang='lat' dir='ltr'><em>ad.</em></span> <span class='ocrx_word' id='word_1_205' title='bbox 881 1745 973 1780; x_wconf 86' lang='lat' dir='ltr'><em>XIV</em></span> <span class='ocrx_word' id='word_1_206' title='bbox 999 1746 1031 1789; x_wconf 76' lang='lat'><em>7,</em></span> <span class='ocrx_word' id='word_1_207' title='bbox 1058 1746 1102 1780; x_wconf 92' lang='grc'>21</span> <span class='ocrx_word' id='word_1_208' title='bbox 1201 1746 1224 1780; x_wconf 88' lang='grc'>2</span> <span class='ocrx_word' id='word_1_209' title='bbox 1248 1746 1366 1785; x_wconf 84' lang='grc' dir='ltr'><em>πόλεις</em></span> <span class='ocrx_word' id='word_1_210' title='bbox 1391 1746 1497 1791; x_wconf 85' lang='grc' dir='ltr'><em>αὐτῆς</em></span> <span class='ocrx_word' id='word_1_211' title='bbox 1523 1746 1620 1792; x_wconf 81' lang='lat' dir='ltr'><strong>pr</strong></span> <span class='ocrx_word' id='word_1_212' title='bbox 1718 1747 1741 1783; x_wconf 86' lang='lat'>3</span> <span class='ocrx_word' id='word_1_213' title='bbox 1767 1750 1857 1792; x_wconf 82' lang='lat' dir='ltr'><strong>post</strong></span> 
     </span>
     <span class='ocr_line' id='line_1_23' title="bbox 431 1792 1857 1840; baseline 0.001 -13"><span class='ocrx_word' id='word_1_214' title='bbox 431 1792 481 1831; x_wconf 87' lang='grc' dir='ltr'><em>ὥς</em></span> <span class='ocrx_word' id='word_1_215' title='bbox 508 1793 600 1827; x_wconf 76' lang='lat' dir='ltr'>add.</span> <span class='ocrx_word' id='word_1_216' title='bbox 626 1793 686 1828; x_wconf 84' lang='grc' dir='ltr'><em>καὶ</em></span> <span class='ocrx_word' id='word_1_217' title='bbox 711 1792 809 1838; x_wconf 86' lang='lat' dir='ltr'><strong>pr</strong></span> <span class='ocrx_word' id='word_1_218' title='bbox 908 1793 931 1828; x_wconf 84' lang='lat'>4</span> <span class='ocrx_word' id='word_1_219' title='bbox 956 1794 1114 1839; x_wconf 72' lang='grc' dir='ltr'><em>γενέσθαι</em></span> <span class='ocrx_word' id='word_1_220' title='bbox 1138 1793 1238 1837; x_wconf 75' lang='grc' dir='ltr'><em>ΟΒί,</em></span> <span class='ocrx_word' id='word_1_221' title='bbox 1266 1805 1303 1828; x_wconf 92' lang='lat' dir='ltr'><em>V.</em></span> <span class='ocrx_word' id='word_1_222' title='bbox 1331 1794 1383 1828; x_wconf 80' lang='lat' dir='ltr'><em>ad</em></span> <span class='ocrx_word' id='word_1_223' title='bbox 1409 1794 1501 1829; x_wconf 86' lang='lat' dir='ltr'><em>XIV</em></span> <span class='ocrx_word' id='word_1_224' title='bbox 1526 1794 1558 1839; x_wconf 82' lang='lat'><em>5,</em></span> <span class='ocrx_word' id='word_1_225' title='bbox 1585 1795 1608 1829; x_wconf 90' lang='grc'>2</span> <span class='ocrx_word' id='word_1_226' title='bbox 1705 1794 1727 1829; x_wconf 80' lang='lat'>5</span> <span class='ocrx_word' id='word_1_227' title='bbox 1753 1800 1857 1840; x_wconf 77' lang='grc' dir='ltr'><em>σφῶν</em></span> 
     </span>
     <span class='ocr_line' id='line_1_24' title="bbox 431 1839 1856 1888; baseline 0.002 -14"><span class='ocrx_word' id='word_1_228' title='bbox 431 1839 577 1886; x_wconf 67' lang='grc' dir='ltr'>ΑΕΨΡ,</span> <span class='ocrx_word' id='word_1_229' title='bbox 592 1840 708 1876; x_wconf 84' lang='grc' dir='ltr'><em>αὐτῶν</em></span> <span class='ocrx_word' id='word_1_230' title='bbox 722 1840 753 1876; x_wconf 91' lang='lat' dir='ltr'>O</span> <span class='ocrx_word' id='word_1_231' title='bbox 848 1841 869 1876; x_wconf 83' lang='lat'><strong>7</strong></span> <span class='ocrx_word' id='word_1_232' title='bbox 885 1842 1013 1886; x_wconf 83' lang='grc' dir='ltr'><em>καίσαρ</em></span> <span class='ocrx_word' id='word_1_233' title='bbox 1029 1842 1060 1876; x_wconf 85' lang='lat' dir='ltr'>E</span> <span class='ocrx_word' id='word_1_234' title='bbox 1157 1843 1179 1877; x_wconf 83' lang='lat'>8</span> <span class='ocrx_word' id='word_1_235' title='bbox 1193 1843 1267 1876; x_wconf 88' lang='grc' dir='ltr'><em>τότε</em></span> <span class='ocrx_word' id='word_1_236' title='bbox 1283 1853 1357 1877; x_wconf 88' lang='lat' dir='ltr'><em>om.</em></span> <span class='ocrx_word' id='word_1_237' title='bbox 1373 1841 1409 1876; x_wconf 96' lang='lat' dir='ltr'>D</span> <span class='ocrx_word' id='word_1_238' title='bbox 1509 1842 1671 1888; x_wconf 81' lang='grc' dir='ltr'><em>ἔγραψεν]</em></span> <span class='ocrx_word' id='word_1_239' title='bbox 1690 1842 1856 1888; x_wconf 80' lang='lat' dir='ltr'>Procop.</span> 
     </span>
     <span class='ocr_line' id='line_1_25' title="bbox 431 1888 1858 1935; baseline 0.001 -13"><span class='ocrx_word' id='word_1_240' title='bbox 431 1888 469 1922; x_wconf 85' lang='grc' dir='ltr'><em>ΙΙ</em></span> <span class='ocrx_word' id='word_1_241' title='bbox 496 1899 533 1934; x_wconf 85' lang='lat' dir='ltr'><em>p.</em></span> <span class='ocrx_word' id='word_1_242' title='bbox 559 1888 640 1931; x_wconf 78' lang='grc'>276,</span> <span class='ocrx_word' id='word_1_243' title='bbox 669 1889 708 1923; x_wconf 90' lang='grc'><em>11</em></span> <span class='ocrx_word' id='word_1_244' title='bbox 851 1889 895 1923; x_wconf 88' lang='grc'><em>12</em></span> <span class='ocrx_word' id='word_1_245' title='bbox 919 1889 1092 1934; x_wconf 82' lang='grc' dir='ltr'><em>αὐγούστα</em></span> <span class='ocrx_word' id='word_1_246' title='bbox 1119 1888 1198 1934; x_wconf 86' lang='lat' dir='ltr'><em>AO,</em></span> <span class='ocrx_word' id='word_1_247' title='bbox 1226 1890 1400 1934; x_wconf 84' lang='grc' dir='ltr'><em>αὐγοῦστα</em></span> <span class='ocrx_word' id='word_1_248' title='bbox 1428 1888 1591 1935; x_wconf 77' lang='lat' dir='ltr'><strong>EwpDi,</strong></span> <span class='ocrx_word' id='word_1_249' title='bbox 1620 1902 1656 1925; x_wconf 90' lang='lat' dir='ltr'><em>v.</em></span> <span class='ocrx_word' id='word_1_250' title='bbox 1683 1890 1734 1925; x_wconf 83' lang='lat' dir='ltr'><em>ad</em></span> <span class='ocrx_word' id='word_1_251' title='bbox 1761 1890 1858 1925; x_wconf 87' lang='lat' dir='ltr'>XIII</span> 
     </span>
     <span class='ocr_line' id='line_1_26' title="bbox 431 1936 1857 1984; baseline 0.001 -14"><span class='ocrx_word' id='word_1_252' title='bbox 431 1936 488 1980; x_wconf 82' lang='grc'>23,</span> <span class='ocrx_word' id='word_1_253' title='bbox 515 1936 560 1971; x_wconf 81' lang='grc'>27</span> <span class='ocrx_word' id='word_1_254' title='bbox 698 1942 738 1981; x_wconf 88' lang='grc' dir='ltr'><em>τῇ</em></span> <span class='ocrx_word' id='word_1_255' title='bbox 762 1937 920 1982; x_wconf 80' lang='grc' dir='ltr'><em>βασιλείᾳ</em></span> <span class='ocrx_word' id='word_1_256' title='bbox 946 1936 1112 1982; x_wconf 73' lang='grc' dir='ltr'><em>Βννρῦἰ,</em></span> <span class='ocrx_word' id='word_1_257' title='bbox 1142 1948 1215 1973; x_wconf 89' lang='lat' dir='ltr'><em>om.</em></span> <span class='ocrx_word' id='word_1_258' title='bbox 1243 1937 1288 1981; x_wconf 89' lang='lat' dir='ltr'><em>A,</em></span> <span class='ocrx_word' id='word_1_259' title='bbox 1317 1948 1354 1972; x_wconf 87' lang='lat' dir='ltr'><em>v.</em></span> <span class='ocrx_word' id='word_1_260' title='bbox 1380 1937 1551 1983; x_wconf 85' lang='lat' dir='ltr'><strong>Procop.</strong></span> <span class='ocrx_word' id='word_1_261' title='bbox 1578 1938 1615 1972; x_wconf 90' lang='grc' dir='ltr'><em>ΙΙ</em></span> <span class='ocrx_word' id='word_1_262' title='bbox 1642 1949 1677 1984; x_wconf 90' lang='lat' dir='ltr'><em>p.</em></span> <span class='ocrx_word' id='word_1_263' title='bbox 1704 1938 1785 1982; x_wconf 85' lang='lat'>401,</span> <span class='ocrx_word' id='word_1_264' title='bbox 1813 1938 1857 1972; x_wconf 88' lang='grc'>12</span> 
     </span>
     <span class='ocr_line' id='line_1_27' title="bbox 432 1984 1859 2031; baseline 0.002 -13"><span class='ocrx_word' id='word_1_265' title='bbox 432 1984 476 2019; x_wconf 85' lang='grc'><em>15</em></span> <span class='ocrx_word' id='word_1_266' title='bbox 502 1990 561 2019; x_wconf 88' lang='grc' dir='ltr'><em>τοῦ</em></span> <span class='ocrx_word' id='word_1_267' title='bbox 589 1995 663 2020; x_wconf 86' lang='lat' dir='ltr'><em>om.</em></span> <span class='ocrx_word' id='word_1_268' title='bbox 691 1984 722 2019; x_wconf 86' lang='lat' dir='ltr'>E</span> <span class='ocrx_word' id='word_1_269' title='bbox 884 1985 929 2019; x_wconf 86' lang='lat'><em>16</em></span> <span class='ocrx_word' id='word_1_270' title='bbox 954 1986 993 2020; x_wconf 89' lang='grc' dir='ltr'><em>τό</em></span> <span class='ocrx_word' id='word_1_271' title='bbox 1017 1985 1064 2030; x_wconf 86' lang='grc' dir='ltr'><em>τε]</em></span> <span class='ocrx_word' id='word_1_272' title='bbox 1092 1986 1166 2020; x_wconf 87' lang='grc' dir='ltr'><em>τότε</em></span> <span class='ocrx_word' id='word_1_273' title='bbox 1192 1986 1276 2031; x_wconf 73' lang='lat' dir='ltr'><em>W*p</em></span> <span class='ocrx_word' id='word_1_274' title='bbox 1303 1986 1439 2021; x_wconf 79' lang='lat' dir='ltr'><strong>invitis</strong></span> <span class='ocrx_word' id='word_1_275' title='bbox 1458 1985 1528 2020; x_wconf 89' lang='lat' dir='ltr'><em>AR</em></span> <span class='ocrx_word' id='word_1_276' title='bbox 1690 1986 1734 2022; x_wconf 84' lang='lat'><em>17</em></span> <span class='ocrx_word' id='word_1_277' title='bbox 1759 1986 1859 2031; x_wconf 83' lang='grc' dir='ltr'><em>ἁγίαν</em></span> 
     </span>
     <span class='ocr_line' id='line_1_28' title="bbox 432 2031 1856 2080; baseline 0.002 -14"><span class='ocrx_word' id='word_1_278' title='bbox 432 2032 527 2078; x_wconf 90' lang='lat' dir='ltr'><em>Ewp</em></span> <span class='ocrx_word' id='word_1_279' title='bbox 625 2032 683 2067; x_wconf 87' lang='grc' dir='ltr'><em>τὸν</em></span> <span class='ocrx_word' id='word_1_280' title='bbox 709 2033 859 2078; x_wconf 82' lang='grc' dir='ltr'><em>ἄμβωνα</em></span> <span class='ocrx_word' id='word_1_281' title='bbox 880 2033 1087 2078; x_wconf 78' lang='grc' dir='ltr'><em>συνέτριψεν</em></span> <span class='ocrx_word' id='word_1_282' title='bbox 1105 2031 1252 2079; x_wconf 86' lang='lat' dir='ltr'>AEwp‚</span> <span class='ocrx_word' id='word_1_283' title='bbox 1278 2033 1464 2078; x_wconf 81' lang='grc' dir='ltr'><em>συνέτριψε</em></span> <span class='ocrx_word' id='word_1_284' title='bbox 1490 2034 1550 2069; x_wconf 79' lang='grc' dir='ltr'><em>καὶ</em></span> <span class='ocrx_word' id='word_1_285' title='bbox 1575 2033 1632 2069; x_wconf 83' lang='grc' dir='ltr'><em>τὸν</em></span> <span class='ocrx_word' id='word_1_286' title='bbox 1657 2035 1807 2080; x_wconf 80' lang='grc' dir='ltr'><em>ἅμβωνα</em></span> <span class='ocrx_word' id='word_1_287' title='bbox 1825 2033 1856 2070; x_wconf 94' lang='grc' dir='ltr'><strong>Ο</strong></span> 
     </span>
    </p>
   </div>
   <div class='ocr_carea' id='block_1_5' title="bbox 433 2079 1548 2127">
    <p class='ocr_par' dir='ltr' id='par_1_12' title="bbox 433 2079 1548 2127">
     <span class='ocr_line' id='line_1_29' title="bbox 433 2079 1548 2127; baseline 0.002 -12"><span class='ocrx_word' id='word_1_288' title='bbox 433 2080 477 2115; x_wconf 89' lang='grc'><em>18</em></span> <span class='ocrx_word' id='word_1_289' title='bbox 503 2079 660 2125; x_wconf 80' lang='grc' dir='ltr'><em>τροῦλον]</em></span> <span class='ocrx_word' id='word_1_290' title='bbox 688 2091 726 2115; x_wconf 91' lang='lat' dir='ltr'><em>v.</em></span> <span class='ocrx_word' id='word_1_291' title='bbox 753 2080 844 2115; x_wconf 84' lang='lat' dir='ltr'><em>Duc</em></span> <span class='ocrx_word' id='word_1_292' title='bbox 870 2079 1003 2126; x_wconf 86' lang='lat' dir='ltr'><strong>Cpolis</strong></span> <span class='ocrx_word' id='word_1_293' title='bbox 1031 2080 1171 2117; x_wconf 82' lang='lat' dir='ltr'>Christ.</span> <span class='ocrx_word' id='word_1_294' title='bbox 1198 2081 1262 2116; x_wconf 93' lang='lat' dir='ltr'><strong>lib.</strong></span> <span class='ocrx_word' id='word_1_295' title='bbox 1290 2081 1348 2116; x_wconf 91' lang='lat' dir='ltr'><em>III</em></span> <span class='ocrx_word' id='word_1_296' title='bbox 1375 2092 1412 2127; x_wconf 87' lang='lat' dir='ltr'><em>p.</em></span> <span class='ocrx_word' id='word_1_297' title='bbox 1440 2081 1484 2117; x_wconf 87' lang='grc'><em>19</em></span> <span class='ocrx_word' id='word_1_298' title='bbox 1499 2092 1548 2117; x_wconf 85' lang='lat' dir='ltr'><em>ss.</em></span> 
     </span>
    </p>
   </div>
   <div class='ocr_carea' id='block_1_6' title="bbox 324 2211 1858 2878">
    <p class='ocr_par' dir='ltr' id='par_1_13' title="bbox 360 2211 1857 2354">
     <span class='ocr_line' id='line_1_30' title="bbox 479 2211 1857 2259; baseline 0.001 -13"><span class='ocrx_word' id='word_1_299' title='bbox 479 2212 512 2246; x_wconf 89' lang='lat'><em>9.</em></span> <span class='ocrx_word' id='word_1_300' title='bbox 562 2211 657 2247; x_wconf 86' lang='lat' dir='ltr'><strong>Post</strong></span> <span class='ocrx_word' id='word_1_301' title='bbox 683 2222 731 2247; x_wconf 80' lang='lat' dir='ltr'><strong>ea</strong></span> <span class='ocrx_word' id='word_1_302' title='bbox 757 2212 976 2248; x_wconf 83' lang='lat' dir='ltr'><strong>Belisarius</strong></span> <span class='ocrx_word' id='word_1_303' title='bbox 1002 2213 1146 2248; x_wconf 79' lang='lat' dir='ltr'><strong>iterum</strong></span> <span class='ocrx_word' id='word_1_304' title='bbox 1175 2213 1283 2248; x_wconf 84' lang='lat' dir='ltr'><strong>solus</strong></span> <span class='ocrx_word' id='word_1_305' title='bbox 1309 2223 1391 2248; x_wconf 88' lang='lat' dir='ltr'><em>rem</em></span> <span class='ocrx_word' id='word_1_306' title='bbox 1420 2223 1567 2259; x_wconf 83' lang='lat' dir='ltr'><strong>gerens</strong></span> <span class='ocrx_word' id='word_1_307' title='bbox 1600 2223 1757 2248; x_wconf 90' lang='lat' dir='ltr'><strong>omnem</strong></span> <span class='ocrx_word' id='word_1_308' title='bbox 1783 2213 1857 2248; x_wconf 85' lang='lat' dir='ltr'><strong>Ita-</strong></span> 
     </span>
     <span class='ocr_line' id='line_1_31' title="bbox 361 2260 1857 2307; baseline 0.001 -13"><span class='ocrx_word' id='word_1_309' title='bbox 361 2260 452 2294; x_wconf 84' lang='lat' dir='ltr'><strong>liam</strong></span> <span class='ocrx_word' id='word_1_310' title='bbox 481 2260 650 2305; x_wconf 86' lang='lat' dir='ltr'><strong>eiusque</strong></span> <span class='ocrx_word' id='word_1_311' title='bbox 676 2261 800 2296; x_wconf 81' lang='lat' dir='ltr'><strong>urbes</strong></span> <span class='ocrx_word' id='word_1_312' title='bbox 827 2262 991 2307; x_wconf 84' lang='lat' dir='ltr'><strong>subegit</strong></span> <span class='ocrx_word' id='word_1_313' title='bbox 1023 2264 1062 2296; x_wconf 89' lang='lat' dir='ltr'><em>et</em></span> <span class='ocrx_word' id='word_1_314' title='bbox 1088 2261 1273 2296; x_wconf 80' lang='lat' dir='ltr'><strong>barbaris</strong></span> <span class='ocrx_word' id='word_1_315' title='bbox 1301 2265 1456 2296; x_wconf 80' lang='lat' dir='ltr'><strong>tantum</strong></span> <span class='ocrx_word' id='word_1_316' title='bbox 1498 2262 1558 2296; x_wconf 88' lang='lat' dir='ltr'><em>sui</em></span> <span class='ocrx_word' id='word_1_317' title='bbox 1599 2264 1637 2296; x_wconf 84' lang='lat' dir='ltr'><em>et</em></span> <span class='ocrx_word' id='word_1_318' title='bbox 1662 2263 1857 2296; x_wconf 88' lang='lat' dir='ltr'><strong>terrorem</strong></span> 
     </span>
     <span class='ocr_line' id='line_1_32' title="bbox 360 2309 1856 2354; baseline 0 -12"><span class='ocrx_word' id='word_1_319' title='bbox 360 2311 399 2342; x_wconf 82' lang='lat' dir='ltr'><em>et</em></span> <span class='ocrx_word' id='word_1_320' title='bbox 418 2318 595 2343; x_wconf 81' lang='lat' dir='ltr'><strong>amorem</strong></span> <span class='ocrx_word' id='word_1_321' title='bbox 614 2309 792 2352; x_wconf 79' lang='lat' dir='ltr'>incussit,</span> <span class='ocrx_word' id='word_1_322' title='bbox 819 2313 863 2343; x_wconf 89' lang='lat' dir='ltr'><strong>ut</strong></span> <span class='ocrx_word' id='word_1_323' title='bbox 877 2309 1088 2354; x_wconf 86' lang='lat' dir='ltr'><strong>imperium</strong></span> <span class='ocrx_word' id='word_1_324' title='bbox 1115 2309 1169 2343; x_wconf 87' lang='lat' dir='ltr'><strong>illi</strong></span> <span class='ocrx_word' id='word_1_325' title='bbox 1196 2309 1401 2344; x_wconf 83' lang='lat' dir='ltr'><strong>deferrent</strong></span> <span class='ocrx_word' id='word_1_326' title='bbox 1428 2311 1684 2354; x_wconf 81' lang='lat' dir='ltr'>orarentque,</span> <span class='ocrx_word' id='word_1_327' title='bbox 1712 2311 1758 2343; x_wconf 88' lang='lat' dir='ltr'><strong>ut</strong></span> <span class='ocrx_word' id='word_1_328' title='bbox 1783 2318 1856 2343; x_wconf 83' lang='lat' dir='ltr'><em>rex</em></span> 
     </span>
    </p>

    <p class='ocr_par' dir='ltr' id='par_1_14' title="bbox 324 2353 1858 2878">
     <span class='ocr_line' id='line_1_33' title="bbox 324 2353 1857 2402; baseline 0.001 -13"><span class='ocrx_word' id='word_1_329' title='bbox 324 2353 458 2391; x_wconf 84' lang='lat' dir='ltr'><strong>2suus</strong></span> <span class='ocrx_word' id='word_1_330' title='bbox 484 2356 608 2399; x_wconf 80' lang='lat' dir='ltr'><strong>fieret,</strong></span> <span class='ocrx_word' id='word_1_331' title='bbox 636 2367 679 2391; x_wconf 85' lang='lat' dir='ltr'><em>se</em></span> <span class='ocrx_word' id='word_1_332' title='bbox 704 2366 861 2401; x_wconf 83' lang='lat' dir='ltr'><strong>suaque</strong></span> <span class='ocrx_word' id='word_1_333' title='bbox 889 2358 1022 2392; x_wconf 85' lang='lat' dir='ltr'><strong>omnia</strong></span> <span class='ocrx_word' id='word_1_334' title='bbox 1048 2357 1101 2391; x_wconf 89' lang='lat' dir='ltr'><strong>illi</strong></span> <span class='ocrx_word' id='word_1_335' title='bbox 1132 2357 1418 2402; x_wconf 78' lang='lat' dir='ltr'><strong>permittentes.</strong></span> <span class='ocrx_word' id='word_1_336' title='bbox 1468 2355 1521 2391; x_wconf 89' lang='lat' dir='ltr'><strong>At</strong></span> <span class='ocrx_word' id='word_1_337' title='bbox 1546 2357 1621 2398; x_wconf 88' lang='lat' dir='ltr'><strong>ille,</strong></span> <span class='ocrx_word' id='word_1_338' title='bbox 1649 2359 1694 2391; x_wconf 87' lang='lat' dir='ltr'><strong>ut</strong></span> <span class='ocrx_word' id='word_1_339' title='bbox 1715 2355 1857 2391; x_wconf 87' lang='lat' dir='ltr'><strong>Caesa-</strong></span> 
     </span>
     <span class='ocr_line' id='line_1_34' title="bbox 360 2403 1858 2449; baseline 0 -11"><span class='ocrx_word' id='word_1_340' title='bbox 360 2404 502 2438; x_wconf 84' lang='lat' dir='ltr'><strong>riensis</strong></span> <span class='ocrx_word' id='word_1_341' title='bbox 517 2403 750 2449; x_wconf 82' lang='lat' dir='ltr'>Procopius,</span> <span class='ocrx_word' id='word_1_342' title='bbox 779 2405 847 2449; x_wconf 91' lang='lat' dir='ltr'><em>qui</em></span> <span class='ocrx_word' id='word_1_343' title='bbox 866 2405 941 2439; x_wconf 83' lang='lat' dir='ltr'><em>sub</em></span> <span class='ocrx_word' id='word_1_344' title='bbox 960 2404 1026 2439; x_wconf 74' lang='lat' dir='ltr'><strong>illo</strong></span> <span class='ocrx_word' id='word_1_345' title='bbox 1051 2408 1135 2439; x_wconf 91' lang='lat' dir='ltr'><strong>tum</strong></span> <span class='ocrx_word' id='word_1_346' title='bbox 1156 2404 1351 2448; x_wconf 78' lang='lat' dir='ltr'><strong>militavit,</strong></span> <span class='ocrx_word' id='word_1_347' title='bbox 1378 2404 1561 2438; x_wconf 83' lang='lat' dir='ltr'><strong>narravit</strong></span> <span class='ocrx_word' id='word_1_348' title='bbox 1585 2403 1858 2448; x_wconf 74' lang='lat' dir='ltr'><strong>“Nunquam”</strong></span> 
     </span>
     <span class='ocr_line' id='line_1_35' title="bbox 324 2449 1857 2496; baseline 0.001 -12"><span class='ocrx_word' id='word_1_349' title='bbox 324 2449 346 2483; x_wconf 84' lang='lat'><strong>3</strong></span> <span class='ocrx_word' id='word_1_350' title='bbox 361 2451 491 2496; x_wconf 87' lang='lat' dir='ltr'><strong>inquit</strong></span> <span class='ocrx_word' id='word_1_351' title='bbox 508 2452 789 2494; x_wconf 74' lang='lat' dir='ltr'><strong>“committam,</strong></span> <span class='ocrx_word' id='word_1_352' title='bbox 816 2456 861 2487; x_wconf 87' lang='lat' dir='ltr'><strong>ut</strong></span> <span class='ocrx_word' id='word_1_353' title='bbox 880 2453 974 2487; x_wconf 82' lang='lat' dir='ltr'><strong>vivo</strong></span> <span class='ocrx_word' id='word_1_354' title='bbox 995 2452 1217 2486; x_wconf 84' lang='lat' dir='ltr'><strong>Iustiniano</strong></span> <span class='ocrx_word' id='word_1_355' title='bbox 1232 2462 1305 2486; x_wconf 85' lang='lat' dir='ltr'><em>rex</em></span> <span class='ocrx_word' id='word_1_356' title='bbox 1321 2451 1534 2496; x_wconf 80' lang='lat' dir='ltr'><strong>appeller”.</strong></span> <span class='ocrx_word' id='word_1_357' title='bbox 1585 2451 1689 2486; x_wconf 86' lang='lat' dir='ltr'><strong>Hine</strong></span> <span class='ocrx_word' id='word_1_358' title='bbox 1703 2451 1857 2486; x_wconf 81' lang='lat' dir='ltr'><strong>invidia</strong></span> 
     </span>
     <span class='ocr_line' id='line_1_36' title="bbox 324 2496 1857 2545; baseline 0.001 -13"><span class='ocrx_word' id='word_1_359' title='bbox 324 2496 536 2534; x_wconf 81' lang='lat' dir='ltr'><em>4conflata</em></span> <span class='ocrx_word' id='word_1_360' title='bbox 563 2510 586 2533; x_wconf 75' lang='lat' dir='ltr'><strong>a</strong></span> <span class='ocrx_word' id='word_1_361' title='bbox 612 2509 710 2544; x_wconf 77' lang='lat' dir='ltr'><strong>rege</strong></span> <span class='ocrx_word' id='word_1_362' title='bbox 738 2501 789 2534; x_wconf 88' lang='lat' dir='ltr'><em>ob</em></span> <span class='ocrx_word' id='word_1_363' title='bbox 817 2500 1059 2535; x_wconf 85' lang='lat' dir='ltr'><strong>calumniam</strong></span> <span class='ocrx_word' id='word_1_364' title='bbox 1077 2499 1254 2535; x_wconf 82' lang='lat' dir='ltr'><strong>affectati</strong></span> <span class='ocrx_word' id='word_1_365' title='bbox 1273 2499 1428 2544; x_wconf 83' lang='lat' dir='ltr'><strong>imperii</strong></span> <span class='ocrx_word' id='word_1_366' title='bbox 1443 2500 1660 2534; x_wconf 83' lang='lat' dir='ltr'><strong>arcessitus</strong></span> <span class='ocrx_word' id='word_1_367' title='bbox 1687 2502 1757 2543; x_wconf 84' lang='lat' dir='ltr'><strong>est,</strong></span> <span class='ocrx_word' id='word_1_368' title='bbox 1784 2509 1857 2545; x_wconf 87' lang='lat' dir='ltr'><em>per</em></span> 
     </span>
     <span class='ocr_line' id='line_1_37' title="bbox 361 2546 1855 2591; baseline 0.001 -11"><span class='ocrx_word' id='word_1_369' title='bbox 361 2547 535 2591; x_wconf 86' lang='lat' dir='ltr'><strong>speeiem</strong></span> <span class='ocrx_word' id='word_1_370' title='bbox 570 2548 656 2582; x_wconf 89' lang='lat' dir='ltr'><strong>eius</strong></span> <span class='ocrx_word' id='word_1_371' title='bbox 692 2548 732 2581; x_wconf 91' lang='lat' dir='ltr'><em>in</em></span> <span class='ocrx_word' id='word_1_372' title='bbox 760 2547 962 2583; x_wconf 77' lang='lat' dir='ltr'><strong>Orientem</strong></span> <span class='ocrx_word' id='word_1_373' title='bbox 1002 2547 1054 2581; x_wconf 80' lang='lat' dir='ltr'><em>ad</em></span> <span class='ocrx_word' id='word_1_374' title='bbox 1080 2547 1228 2582; x_wconf 89' lang='lat' dir='ltr'><strong>bellum</strong></span> <span class='ocrx_word' id='word_1_375' title='bbox 1254 2546 1453 2581; x_wconf 79' lang='lat' dir='ltr'><strong>Medicum</strong></span> <span class='ocrx_word' id='word_1_376' title='bbox 1494 2547 1855 2582; x_wconf 81' lang='lat' dir='ltr'><strong>administrandum</strong></span> 
     </span>
     <span class='ocr_line' id='line_1_38' title="bbox 325 2591 1857 2640; baseline 0.001 -13"><span class='ocrx_word' id='word_1_377' title='bbox 325 2591 592 2639; x_wconf 72' lang='lat' dir='ltr'><strong>bablegandi.</strong></span> <span class='ocrx_word' id='word_1_378' title='bbox 643 2594 804 2630; x_wconf 79' lang='lat' dir='ltr'><strong>Interea</strong></span> <span class='ocrx_word' id='word_1_379' title='bbox 831 2594 1019 2639; x_wconf 78' lang='lat' dir='ltr'><strong>Augusta</strong></span> <span class='ocrx_word' id='word_1_380' title='bbox 1046 2594 1261 2629; x_wconf 84' lang='lat' dir='ltr'><strong>Theodora</strong></span> <span class='ocrx_word' id='word_1_381' title='bbox 1289 2594 1383 2637; x_wconf 80' lang='lat' dir='ltr'><strong>obit,</strong></span> <span class='ocrx_word' id='word_1_382' title='bbox 1423 2605 1512 2629; x_wconf 76' lang='lat' dir='ltr'><strong>euni</strong></span> <span class='ocrx_word' id='word_1_383' title='bbox 1541 2595 1580 2629; x_wconf 90' lang='lat' dir='ltr'><em>in</em></span> <span class='ocrx_word' id='word_1_384' title='bbox 1607 2595 1774 2640; x_wconf 79' lang='lat' dir='ltr'><strong>imperio</strong></span> <span class='ocrx_word' id='word_1_385' title='bbox 1802 2595 1857 2629; x_wconf 90' lang='lat' dir='ltr'><em>vi-</em></span> 
     </span>
     <span class='ocr_line' id='line_1_39' title="bbox 326 2639 1857 2687; baseline 0.001 -12"><span class='ocrx_word' id='word_1_386' title='bbox 326 2639 487 2676; x_wconf 71' lang='lat' dir='ltr'><strong>fixisset</strong></span> <span class='ocrx_word' id='word_1_387' title='bbox 513 2652 641 2676; x_wconf 81' lang='lat' dir='ltr'><strong>annos</strong></span> <span class='ocrx_word' id='word_1_388' title='bbox 667 2642 762 2677; x_wconf 87' lang='lat' dir='ltr'><em>XXI</em></span> <span class='ocrx_word' id='word_1_389' title='bbox 789 2646 828 2677; x_wconf 85' lang='lat' dir='ltr'><em>et</em></span> <span class='ocrx_word' id='word_1_390' title='bbox 853 2652 1011 2678; x_wconf 86' lang='lat' dir='ltr'><strong>menses</strong></span> <span class='ocrx_word' id='word_1_391' title='bbox 1037 2642 1105 2677; x_wconf 92' lang='grc' dir='ltr'><strong>ΙΙΙ.</strong></span> <span class='ocrx_word' id='word_1_392' title='bbox 1157 2641 1306 2687; x_wconf 76' lang='lat' dir='ltr'><strong>Magna</strong></span> <span class='ocrx_word' id='word_1_393' title='bbox 1345 2642 1514 2677; x_wconf 77' lang='lat' dir='ltr'><strong>eeclesia</strong></span> <span class='ocrx_word' id='word_1_394' title='bbox 1553 2643 1632 2676; x_wconf 84' lang='lat' dir='ltr'><em>iam</em></span> <span class='ocrx_word' id='word_1_395' title='bbox 1671 2641 1857 2678; x_wconf 85' lang='lat' dir='ltr'><strong>absoluta</strong></span> 
     </span>
     <span class='ocr_line' id='line_1_40' title="bbox 362 2689 1856 2736; baseline 0.001 -13"><span class='ocrx_word' id='word_1_396' title='bbox 362 2692 402 2723; x_wconf 87' lang='lat' dir='ltr'><em>et</em></span> <span class='ocrx_word' id='word_1_397' title='bbox 419 2694 655 2724; x_wconf 75' lang='lat' dir='ltr'><strong>consecrata</strong></span> <span class='ocrx_word' id='word_1_398' title='bbox 670 2690 825 2733; x_wconf 79' lang='lat' dir='ltr'><strong>accidit,</strong></span> <span class='ocrx_word' id='word_1_399' title='bbox 852 2694 907 2734; x_wconf 89' lang='lat' dir='ltr'><strong>ut,</strong></span> <span class='ocrx_word' id='word_1_400' title='bbox 936 2700 1026 2725; x_wconf 80' lang='lat' dir='ltr'><strong>euin</strong></span> <span class='ocrx_word' id='word_1_401' title='bbox 1041 2700 1215 2736; x_wconf 82' lang='lat' dir='ltr'><strong>magnus</strong></span> <span class='ocrx_word' id='word_1_402' title='bbox 1242 2690 1328 2724; x_wconf 89' lang='lat' dir='ltr'><strong>eius</strong></span> <span class='ocrx_word' id='word_1_403' title='bbox 1355 2690 1466 2725; x_wconf 80' lang='lat' dir='ltr'><strong>aedis</strong></span> <span class='ocrx_word' id='word_1_404' title='bbox 1493 2690 1639 2734; x_wconf 65' lang='lat' dir='ltr'><strong>globus</strong></span> <span class='ocrx_word' id='word_1_405' title='bbox 1655 2689 1856 2725; x_wconf 82' lang='lat' dir='ltr'><strong>Orientem</strong></span> 
     </span>
     <span class='ocr_line' id='line_1_41' title="bbox 362 2737 1858 2780; baseline 0.002 -11"><span class='ocrx_word' id='word_1_406' title='bbox 362 2746 504 2771; x_wconf 79' lang='lat' dir='ltr'><strong>versus</strong></span> <span class='ocrx_word' id='word_1_407' title='bbox 531 2737 749 2772; x_wconf 70' lang='lat' dir='ltr'><strong>collocatus</strong></span> <span class='ocrx_word' id='word_1_408' title='bbox 781 2748 831 2772; x_wconf 87' lang='lat' dir='ltr'><em>ex</em></span> <span class='ocrx_word' id='word_1_409' title='bbox 858 2741 992 2772; x_wconf 81' lang='lat' dir='ltr'><strong>terrae</strong></span> <span class='ocrx_word' id='word_1_410' title='bbox 1018 2741 1130 2772; x_wconf 87' lang='lat' dir='ltr'><strong>motu</strong></span> <span class='ocrx_word' id='word_1_411' title='bbox 1157 2737 1378 2780; x_wconf 82' lang='lat' dir='ltr'><strong>cecidisset,</strong></span> <span class='ocrx_word' id='word_1_412' title='bbox 1418 2740 1457 2771; x_wconf 85' lang='lat' dir='ltr'><em>et</em></span> <span class='ocrx_word' id='word_1_413' title='bbox 1484 2738 1679 2771; x_wconf 78' lang='lat' dir='ltr'><strong>ciborium</strong></span> <span class='ocrx_word' id='word_1_414' title='bbox 1717 2747 1858 2772; x_wconf 73' lang='lat' dir='ltr'><strong>sacrae</strong></span> 
     </span>
     <span class='ocr_line' id='line_1_42' title="bbox 327 2782 1858 2829; baseline 0.001 -13"><span class='ocrx_word' id='word_1_415' title='bbox 327 2782 525 2818; x_wconf 76' lang='lat' dir='ltr'><strong>7mensae</strong></span> <span class='ocrx_word' id='word_1_416' title='bbox 552 2788 590 2819; x_wconf 88' lang='lat' dir='ltr'><em>et</em></span> <span class='ocrx_word' id='word_1_417' title='bbox 616 2786 704 2829; x_wconf 78' lang='lat' dir='ltr'><strong>ipsa</strong></span> <span class='ocrx_word' id='word_1_418' title='bbox 732 2786 1002 2820; x_wconf 78' lang='lat' dir='ltr'><strong>sacratissima</strong></span> <span class='ocrx_word' id='word_1_419' title='bbox 1041 2795 1178 2819; x_wconf 85' lang='lat' dir='ltr'><strong>mensa</strong></span> <span class='ocrx_word' id='word_1_420' title='bbox 1218 2788 1256 2819; x_wconf 88' lang='lat' dir='ltr'><em>et</em></span> <span class='ocrx_word' id='word_1_421' title='bbox 1283 2785 1400 2819; x_wconf 80' lang='lat' dir='ltr'><strong>ambo</strong></span> <span class='ocrx_word' id='word_1_422' title='bbox 1429 2789 1717 2819; x_wconf 69' lang='lat' dir='ltr'><strong>contereretur.</strong></span> <span class='ocrx_word' id='word_1_423' title='bbox 1770 2784 1858 2825; x_wconf 82' lang='lat' dir='ltr'><em>Qua</em></span> 
     </span>
     <span class='ocr_line' id='line_1_43' title="bbox 364 2830 1856 2878; baseline 0.001 -13"><span class='ocrx_word' id='word_1_424' title='bbox 364 2830 413 2865; x_wconf 90' lang='lat' dir='ltr'><em>de</em></span> <span class='ocrx_word' id='word_1_425' title='bbox 441 2841 564 2866; x_wconf 81' lang='lat' dir='ltr'><strong>eausa</strong></span> <span class='ocrx_word' id='word_1_426' title='bbox 581 2832 719 2867; x_wconf 79' lang='lat' dir='ltr'><strong>dieunt</strong></span> <span class='ocrx_word' id='word_1_427' title='bbox 746 2833 904 2868; x_wconf 87' lang='lat' dir='ltr'><strong>trullum</strong></span> <span class='ocrx_word' id='word_1_428' title='bbox 923 2833 1041 2868; x_wconf 85' lang='lat' dir='ltr'><strong>etiam</strong></span> <span class='ocrx_word' id='word_1_429' title='bbox 1064 2833 1176 2868; x_wconf 85' lang='lat' dir='ltr'><strong>iussu</strong></span> <span class='ocrx_word' id='word_1_430' title='bbox 1190 2833 1443 2878; x_wconf 80' lang='lat' dir='ltr'><strong>imperatoris</strong></span> <span class='ocrx_word' id='word_1_431' title='bbox 1461 2833 1707 2868; x_wconf 78' lang='lat' dir='ltr'><strong>destructum</strong></span> <span class='ocrx_word' id='word_1_432' title='bbox 1723 2832 1856 2868; x_wconf 85' lang='lat' dir='ltr'><strong>denuo</strong></span> 
     </span>
    </p>
   </div>
  </div>
 </body>
</html>
