2054 3282
643 197 914 237 BVLGARIA
938 197 1156 237 DOMITA.
1205 198 1447 237 ABASGIA.
1686 201 1758 238 567

258 319 453 374 θρωπος,
483 320 630 375 τύφον,
660 319 787 376 οἶμαι,
819 322 1140 377 ὠνομασμένην,
1173 322 1236 369 ὡς
1264 322 1533 377 τετυφῶσθαι
1553 324 1758 364 ποιοῦσαν

45 446 53 451 s
258 387 354 434 τοὺς
375 389 501 444 ταύτῃ
524 388 857 444 ἀναδουμένους)
890 389 962 431 καὶ
993 390 1130 437 οὕτως
1160 391 1256 446 ἄχρι
1286 395 1359 446 τῆς
1388 394 1462 433 τοῦ
1493 391 1599 433 θεοῦ
1627 389 1755 445 λόγου

33 454 69 517 23,
104 460 159 499 lv
179 462 246 498 124
257 455 425 510 Σοφίας
461 457 647 512 ἀφίκετο,
690 457 879 504 ἀποδοὺς
916 458 961 499 ἐν
999 458 1126 514 ταύτῃ
1163 463 1225 513 τῷ
1253 458 1391 513 κυρίῳ
1421 458 1470 500 τὰ
1500 459 1755 514 χαριστήρια.

32 527 68 536 ”
257 525 363 566 ἔνθα
395 525 619 580 γενόμενον
640 527 664 567 ὁ
685 526 944 581 πατριάρχης
970 527 1103 570 πολλὰ
1126 527 1338 574 ἱκετεύσας
1358 527 1540 583 ἐκκόψαι
1561 527 1608 570 τὸ
1630 528 1754 583 ἀλλη-
1768 529 1816 566 25

221 593 431 647 5λέγγυον
462 594 514 636 οὐ
544 594 883 649 κατεδυσώπησε,
915 595 987 637 καὶ
1017 600 1144 638 ταῦτα
1173 596 1467 651 ὑποσχόμενον
1486 599 1609 638 τοῦτο
1631 597 1753 652 ποιή-
1769 597 1800 633 Β

256 676 353 715 σειν,
385 663 424 703 εἰ
450 666 535 704 τῶν
556 662 820 717 Βουλγάρων
840 664 1092 718 κρατήσειεν.
1155 663 1279 711 οὗτος
1309 664 1334 707 ὁ
1363 664 1623 720 πατριάρχης
1643 664 1814 719 Σέρ-26

256 745 344 783 γιος
373 729 448 785 τὴν
478 731 701 786 ἐκκλησίαν
726 730 793 773 ἐπὶ
814 732 943 773 εἴκοσι
964 733 1175 786 ποιμάνας
1195 734 1279 788 ἔτη,
1310 733 1509 787 μετέθετο
1529 732 1604 787 τὴν
1625 733 1754 788 ζωήν,

254 798 327 839 καὶ
361 799 657 854 προεχειρίσθη
696 804 768 854 τῆς
805 800 849 841 ἒν
880 799 1316 843 Κωνσταντινουπόλει
1354 801 1576 856 ἐκκλησίας
1615 802 1753 856 ἀρχιε-

255 865 352 920 ρεὺς
372 866 625 919 Εὐστάθιος,
657 869 706 914 ὃς
726 871 799 909 τοῦ
829 868 874 909 ἐν
903 873 966 922 τῷ
994 869 1184 923 παλατίῳ
1214 873 1320 911 ναοῦ
1352 870 1500 923 ἱερέων
1530 870 1753 924 ἐπρώτευε.

195 941 241 976 10
381 935 468 990 Τῆς
499 935 765 990 Βουλγαρίας
803 935 849 977 δὲ
889 936 1178 991 δουλωθείσης
1212 943 1262 993 τῇ
1292 941 1378 979 τῶν
1403 937 1628 992 Ῥωμαίων
1657 939 1752 993 ἦγε·
1766 940 1812 976 27

251 1003 380 1057 μονίᾳ
409 1002 482 1045 καὶ
511 1003 560 1045 τὰ
591 1007 677 1045 τῶν
708 1003 951 1058 Χορβάτων
990 1005 1093 1060 ἔθνη
1134 1006 1372 1060 ὑπέκυψαν,
1418 1005 1520 1047 ἀλλὰ
1558 1005 1645 1060 μὴν
1681 1005 1753 1048 καὶ

252 1070 299 1113 τὸ
329 1070 520 1126 Σίρμιον.
582 1071 665 1113 εἶτα
697 1071 803 1113 κατὰ
830 1072 1053 1127 Ἀβασγίας
1084 1074 1342 1128 ἐκστρατεύει
1373 1074 1398 1116 ὁ
1427 1074 1634 1128 βασιλεύς,
1677 1078 1751 1116 τοῦ
1765 1077 1812 1113 28
1865 1076 1872 1083 ”

251 1139 403 1195 ταύτης
439 1144 694 1206 κρατοῦντος
729 1141 1174 1196 παρασπονδήσαντος.
1237 1143 1326 1184 ἐκεῖ
1363 1142 1409 1184 δὲ
1446 1143 1596 1184 τούτου
1633 1158 1750 1197 γεγο-
1764 1145 1811 1181 29

252 1208 385 1262 νότος,
418 1209 593 1251 ὄπισθεν
624 1209 926 1250 ἀποστατοῦσιν
957 1210 984 1251 ὅ
1012 1225 1054 1251 τε
1077 1210 1227 1264 Ξιφίας
1247 1210 1319 1253 καὶ
1340 1210 1595 1265 Νικηφόρος
1616 1211 1641 1252 ὁ
1661 1210 1752 1257 υἱὸς

196 1284 240 1320 15
253 1276 405 1331 Βάρδα
426 1281 500 1319 τοῦ
522 1277 660 1319 Φωκᾶ
681 1278 722 1319 οῖ
740 1277 958 1332 πατρίκιοι,
990 1278 1093 1319 ἀλλὰ
1125 1279 1288 1333 ταχέως
1319 1279 1344 1333 ἡ
1376 1279 1538 1321 τούτων
1568 1279 1750 1334 ἐσβέσθη
1765 1281 1795 1318 C

252 1346 495 1399 ἀποστασία,
527 1349 601 1387 τοῦ
626 1345 705 1399 μὲν
729 1345 853 1400 Ξιφία
875 1345 947 1387 τὸν
968 1346 1131 1388 Φωκᾶν
1152 1347 1382 1400 ἀνελόντος,
1415 1348 1544 1389 αὐτοῦ
1577 1347 1623 1389 δὲ
1653 1347 1750 1389 συλ-

251 1414 487 1470 ληφθέντος
522 1414 594 1455 καὶ
626 1414 797 1468 δεσμίου
829 1414 1094 1469 ἀπαχθέντος
1125 1415 1182 1461 εἰς
1213 1414 1287 1470 τὴν
1317 1419 1402 1457 τῶν
1432 1415 1599 1458 πόλεων
1630 1416 1748 1471 βασι-

252 1482 467 1525 λεύουσαν.
528 1483 619 1537 ἄρτι
658 1483 703 1525 δὲ
740 1482 814 1530 τὰς
843 1482 938 1537 περὶ
968 1487 1039 1538 τῆς
1069 1484 1313 1538 τυραννίδος
1342 1484 1494 1540 ταύτης
1524 1484 1749 1539 φροντίδας
1762 1487 1810 1523 30

253 1613 276 1648 6
299 1612 380 1658 περὶ
403 1617 634 1658 πατριαρχῶν
660 1611 723 1650 ΟΕ
813 1612 866 1666 ν12
890 1612 1094 1658 ε’κστρατεία
1118 1613 1209 1649 κατὰ
1230 1613 1411 1659 Ἀβασγίας
1436 1612 1500 1650 CE

328 1741 346 1776 l
373 1741 486 1786 τύφον
513 1739 658 1787 Apr‚
685 1746 796 1786 τῦφον
815 1739 871 1776 Di
968 1741 1232 1786 ὠνομασμένων
1258 1742 1293 1777 D
1392 1743 1479 1781 ὥςτε
1504 1742 1693 1787 τυφῶσθαι
1714 1741 1748 1776 D

325 1789 349 1824 2
373 1789 500 1834 ταύτην
526 1788 561 1824 D
657 1789 764 1834 λόγου
791 1800 867 1824 οῐη.
895 1789 925 1824 Ε
1021 1789 1044 1825 5
1069 1790 1137 1825 οὐκ
1163 1789 1304 1829 ἐδυςώπ
1330 1804 1388 1825 σεν
1410 1790 1415 1833 Ι
1439 1789 1474 1825 D
1580 1790 1603 1825 8
1627 1789 1665 1825 ἕν
1692 1792 1749 1835 (τῇ

326 1836 419 1872 add.
438 1836 490 1879 D)
515 1837 871 1872 κωνσταντινουπόλει
899 1837 1170 1880 (κωνσταντίνου
1186 1837 1284 1872 πόλει
1345 1838 1358 1883 )
1382 1837 1464 1882 ΑΟ,
1490 1842 1549 1883 τῆς
1570 1851 1749 1872 κωνσταν·

326 1885 556 1923 τινουπόλεως
580 1884 676 1930 Ewp
781 1884 971 1929 ἐκκλησίας
999 1895 1073 1920 om.
1101 1884 1136 1919 D
1233 1885 1256 1920 9
1282 1890 1376 1921 ante
1400 1885 1439 1920 ἐν
1464 1885 1557 1920 add.
1584 1889 1654 1920 τῶν
1680 1885 1748 1919 Ew

372 1932 410 1967 ἐν
434 1938 483 1977 τῷ
512 1931 668 1976 παλαιίφ
692 1930 790 1978 AOp
829 1932 1006 1973 (videtur
1032 1932 1067 1967 h.
1095 1932 1117 1967 1.
1143 1932 1234 1968 Duc
1268 1943 1393 1968 unum
1427 1932 1478 1969 de
1504 1932 1615 1968 libris
1644 1932 1749 1967 Pari-

326 1980 423 2015 sinis
449 1980 533 2015 suis
559 1979 795 2026 inspexisse,
823 1990 859 2014 v.
887 1980 939 2015 ad
966 1983 986 2021 ἓ
1011 1979 1084 2023 34),
1110 1979 1147 2014 ἐν
1170 1980 1327 2015 nal-atla>
1355 1980 1395 2024 E,
1422 1980 1462 2015 ἐκ
1486 1980 1643 2024 παλατίῳ
1671 1980 1728 2014 w*

374 2031 469 2063 ante
494 2027 618 2071 ἱερέων
643 2027 735 2062 add.
762 2031 833 2062 τῶν
858 2026 890 2062 Ο
1018 2027 1058 2062 11
1088 2028 1285 2073 Κραβάτων
1311 2038 1373 2074 wp
1400 2028 1536 2063 invitis
1562 2027 1632 2063 AR
1660 2026 1747 2063 cod.

328 2074 443 2111 Coisl.
470 2074 585 2111 Cedr.
613 2073 803 2120 (Scylitz.)
831 2073 867 2109 II
894 2085 931 2120 p.
956 2075 1037 2118 476,
1056 2075 1078 2110 5
1175 2075 1363 2120 ὑπέκυψαν
1388 2074 1470 2120 ΑΟ,
1495 2074 1680 2120 ε’πὲκυψαν
1706 2074 1748 2117 Ε,

325 2122 516 2168 ἀπέκυψαν
535 2121 620 2168 w*p
721 2121 764 2157 14
788 2122 1026 2158 ἐπισιατοῦσιν
1044 2122 1076 2158 Ε
1174 2122 1218 2158 16
1243 2123 1364 2169 ξιφίου
1384 2122 1416 2159 Ο
1513 2122 1749 2168 συλληφέντος

328 2170 415 2215 (sic)
442 2169 478 2206 A
576 2170 620 2207 17
646 2169 816 2215 ἀχθέντος
842 2169 874 2206 Ο

255 2299 446 2334 stantium
473 2298 638 2340 excitat)
661 2301 700 2334 et
726 2298 783 2334 sic
807 2307 938 2343 usque
964 2297 1015 2332 ad
1039 2296 1076 2334 S.
1103 2296 1278 2344 Sophiae
1304 2297 1446 2333 aedem
1473 2297 1668 2343 pervenit,
1694 2297 1748 2332 ibi

255 2355 420 2392 quoque
445 2350 542 2382 vota
569 2346 731 2381 domino
759 2346 1029 2381 exsoluturus.
1081 2345 1169 2387 Quo
1188 2355 1278 2381 cum
1306 2346 1493 2389 venisset,
1520 2344 1750 2391 patriarcha
1763 2341 1809 2377 25

255 2393 389 2429 multis
415 2394 551 2430 verbis
577 2403 669 2429 eum
697 2394 932 2437 obtestatus,
958 2397 1004 2428 ut
1029 2393 1301 2475 allelenfiyum
1320 2392 1488 2434 tolleret,
1515 2392 1610 2427 nihil
1629 2392 1750 2438 impe·

255 2442 390 2486 travit,
428 2442 614 2487 quamvis
647 2451 715 2477 rex
751 2441 949 2486 pollicitus
979 2444 1084 2476 esset
1109 2451 1152 2476 se
1212 2440 1364 2486 ulgaris
1390 2440 1569 2475 subactis
1595 2439 1634 2475 id
1661 2450 1750 2475 esso

0 2499 2 2530 j
255 2490 469 2525 facturum.
520 2489 558 2525 Is
590 2488 820 2535 patriarcha
851 2487 1030 2533 Semina,
1070 2498 1159 2523 eum
1194 2487 1404 2523 ecclesiam
1438 2486 1491 2522 ad
1521 2497 1650 2523 annos
1676 2484 1809 2523 XX26

255 2537 438 2580 rexisset,
463 2540 630 2572 mortem
657 2537 766 2580 obiit,
793 2547 841 2571 nc
868 2536 907 2570 in
934 2536 1020 2571 eius
1047 2535 1178 2571 locum
1203 2536 1396 2571 suffectus
1423 2539 1483 2571 est
1504 2534 1748 2579 Eustathius,

255 2584 511 2620 sacerdotum
538 2584 651 2619 aedis
678 2584 881 2630 palatinae
908 2584 1106 2629 princeps.

373 2630 568 2678 Bulgaria
594 2631 744 2667 domita
763 2631 1055 2667 Chen-batorum
1083 2640 1246 2712 guoque
1263 2640 1395 2676 genus
1413 2634 1452 2666 et
1470 2628 1656 2666 Sirmium
1676 2629 1748 2665 Ro·
1762 2627 1808 2663 27

256 2689 375 2715 mano
393 2679 562 2724 imperio
588 2689 631 2714 se
656 2679 927 2714 subiecerunt.
979 2677 1080 2713 Dein
1112 2688 1135 2713 e
1154 2678 1193 2713 in
1212 2676 1432 2723 Abasgiam
1451 2677 1750 2723 expeditionem
1763 2675 1811 2711 28

256 2737 328 2763 rex
362 2728 540 2772 suscipit,
578 2727 694 2763 cuius
728 2727 913 2772 princeps
946 2729 1064 2771 pacta
1095 2725 1278 2760 violarat.
1330 2725 1417 2767 Quo
1444 2735 1534 2760 cum
1563 2722 1811 2769 venisset,29

256 2784 281 2809 a
306 2778 423 2820 tergo
450 2774 687 2810 defecerunt
712 2774 879 2819 Xiphias
906 2777 944 2808 et
970 2771 1232 2818 Nicephorus‚
1264 2772 1423 2808 Bai-dae
1449 2771 1609 2808 Phocae
1636 2772 1751 2815 fliius,

257 2821 432 2868 patrium
458 2821 528 2858 sed
555 2824 688 2857 motus
716 2822 781 2856 ilie
807 2821 991 2855 ‹wien-itm·
1017 2825 1076 2855 ent
1103 2830 1368 2866 compressus,
1396 2819 1531 2855 Phoca
1556 2830 1580 2854 a
1605 2818 1753 2865 Xiphia

257 2869 496 2916 interempto
527 2874 567 2905 et
592 2868 740 2916 Xiphia.
780 2873 897 2915 capto
931 2873 971 2904 et
997 2867 1235 2913 Byzantium
1268 2867 1476 2914 perducto.
1527 2868 1615 2910 Qua
1653 2866 1813 2903 cura30
