2054 3282
309 251 377 289 162
710 248 891 289 ZONAR.
918 246 1049 287 EPIT.
1076 245 1169 286 XIV
1194 249 1226 295 7,
1253 245 1405 286 21-33.

248 379 292 414 21
310 374 373 416 διὸ
410 374 481 416 τὸν
523 374 739 427 πατρίκιον
779 373 1025 426 Βελισάρισν
1069 373 1115 413 ἔκ
1160 376 1232 426 τῆς
1275 371 1386 426 ἑῴας
1429 371 1859 427 μεταστειλάμενος,1)
1879 379 2020 417 111277

308 444 396 484 ἐκεῖ
423 443 502 497 γὰρ
534 442 586 497 ἦν
617 443 642 484 ὁ
674 442 780 496 ἀνὴρ
812 445 896 487 τοῖς
925 441 1112 494 ῙΙέρσαις
1142 439 1399 494 μαχόμενος,
1433 441 1490 486 εἶς
1511 440 1676 495 Λιβύην
1705 441 1808 496 μετὰ

307 511 445 566 χειρὸς
475 512 646 565 βαρείας
678 511 748 551 καὶ
780 510 927 551 στόλου
959 510 1111 563 πέμπει
1140 509 1311 562 πολλοῦ,
1344 512 1431 554 ταῖς
1454 508 1678 564 δυνάμεσιν
1700 510 1808 551 ἁπά-

249 585 294 619 22
309 596 398 625 σαις
442 581 661 633 ἐπιστήσας
705 578 832 619 αὐτὸν
876 577 1203 632 ἀρχιστράτηγον
1247 577 1553 632 αὐτοκράτορα,
1598 576 1637 631 ᾦ
1676 577 1747 619 καὶ
1784 578 1809 619 ὁ

309 648 546 702 Καισαρεὺς
584 647 944 702 συμπαρωμάρτει
981 646 1245 700 Προκόπιος,
1292 648 1339 692 ὃς
1375 647 1424 688 τὰ
1461 647 1555 701 περὶ
1599 651 1684 688 τῶν
1727 648 1846 689 ε’κεῖἶ)

248 722 295 756 23
308 718 508 771 πολέμων
540 716 729 770 ἱστόρησε
759 716 1093 769 πλατυκώτερον.
1156 716 1445 762 καταπλεύσας
1471 715 1547 757 οὗν
1569 717 1626 762 εἷς
1648 716 1812 770 Λιβύην

250 786 334 827 246
365 786 609 838 Βελισάριος
651 785 820 839 χάρακα
864 784 1064 838 βάλλεται.
1134 784 1158 825 ὁ
1198 784 1243 825 δὲ
1279 783 1324 824 Γ
1318 784 1455 838 ελίμερ
1493 789 1616 826 τοῦτο
1652 784 1813 839 μαθὼν

309 853 527 895 ἐντέλλεται
558 858 619 906 τῷ
650 853 824 906 ἀδελφῷ
849 853 1004 906 Ἆματᾷ
1035 852 1107 892 τόν
1137 868 1179 893 τε
1202 852 1422 907 Ἰλόέριχον
1453 853 1524 894 καὶ
1554 852 1652 899 τοὺς
1682 853 1812 894 αὐτοῦ

266 926 527 976 Οσυγγενεῖς,
574 923 648 966 οὓς
693 921 967 975 ἐμφρούρους
1010 925 1208 975 κατεῖχεν,
1255 921 1401 963 αὐτίκα
1441 925 1603 963 κτεῖναι.
1665 921 1736 964 καὶ
1773 922 1814 963 οἱ

250 990 386 1045 25μὲν
418 990 636 1045 ἀνῄρηντο.
699 989 744 1030 Γ
738 990 876 1044 ελίμερ
910 989 955 1031 δὲ
987 990 1219 1044 συμβαλὼν
1250 992 1312 1044 τῷ
1342 990 1579 1045 Βελισαρίῳ
1610 991 1680 1032 καὶ
1712 1006 1810 1046 τρα-
1827 997 1873 1032 10

308 1059 398 1104 πεὶς
427 1063 500 1113 τῆς
530 1075 571 1099 τε
594 1058 876 1113 Καρχηδόνος
907 1058 1072 1106 ἐξέπεσε
1103 1058 1174 1100 καὶ
1204 1062 1290 1100 τῶν
1321 1059 1461 1100 ἄλλων
1492 1059 1563 1100 καὶ
1583 1059 1721 1114 πάσης
1740 1063 1814 1115 τῆς

310 1128 472 1182 Λιβύης
511 1128 713 1182 ἐκράτησε
745 1127 990 1181 Βελισάριος
1027 1127 1098 1168 καὶ
1134 1132 1184 1182 τῇ
1227 1127 1412 1182 βασιλείᾳ
1444 1127 1669 1182 Ῥωμαίων
1711 1129 1811 1170 ὗπέ-

309 1198 443 1250 ταξεν,
477 1197 724 1250 ἐνενήκοντα
756 1195 827 1237 καὶ
858 1197 977 1237 πέντε
1009 1195 1221 1241 ἐνιαυτοὺς
1251 1199 1336 1238 τῶν
1359 1195 1622 1251 Οὐανόήλων
1645 1212 1811 1252 κυριευ-

252 1272 297 1307 26
312 1265 476 1306 σάντων
508 1265 647 1319 αὐτῆς.
712 1265 883 1319 συνέσχε
916 1264 961 1306 δὲ
994 1264 1108 1312 ζωὸν
1139 1264 1209 1306 καὶ
1242 1264 1370 1306 αὐτὸν
1399 1265 1472 1306 τὸν
1500 1264 1544 1306 Γ
1538 1265 1704 1321 ελίμερα
1737 1265 1812 1307 σὺν

54 1342 226 1379 W11154
252 1342 297 1377 27
312 1338 468 1388 γαμετῇ
503 1333 573 1374 καὶ
612 1334 770 1378 τέκιόις
810 1334 951 1374 αὐτοῦ.
1013 1333 1169 1388 λέγεται
1213 1333 1258 1375 δὲ
1301 1334 1653 1388 πολιορκουμένῳ
1696 1335 1813 1389 αὐτῷ
1827 1341 1872 1376 15

309 1402 411 1457 μετὰ
443 1406 529 1443 τῶν
561 1403 728 1443 οἰκείων
751 1402 794 1443 ἒν
826 1403 949 1456 χώρᾳ
980 1402 1120 1456 λυπρᾷ
1151 1407 1200 1457 τῇ
1231 1406 1317 1443 τῶν
1344 1403 1636 1456 Μαυρουσίων
1667 1403 1811 1445 ἐπιλεῖ-

311 1557 333 1591 6
358 1556 521 1639 ῆττιλῖρῢ
539 1557 722 1603 Γελίβερος
741 1557 838 1601 (Sic),
864 1557 1050 1601 πολιορκία
1076 1570 1111 1591 τε
1137 1556 1198 1592 καὶ
1222 1556 1430 1602 κατάσχεσις
1447 1555 1510 1592 CE
1621 1556 1666 1591 15
1691 1558 1812 1602 σημεί-

311 1618 399 1640 ωσαι
485 1627 496 1639 A

385 1734 401 1768 1
429 1733 631 1778 βελισάριον
657 1732 728 1768 AR
754 1734 825 1775 (sic
852 1734 1021 1780 simplici
1047 1734 1065 1768 λ
1094 1736 1342 1769 constanter:
1377 1731 1461 1778 AO)
1490 1743 1628 1769 omnes
1647 1733 1679 1768 P
1705 1734 1812 1776 (Duc

383 1782 454 1826 (50),
482 1781 662 1827 Theoph.
690 1783 741 1823 (v.
768 1782 848 1816 ind.
876 1782 926 1818 de
943 1781 1079 1817 Boorii
1107 1792 1135 1817 s.
1163 1784 1226 1825 v.),
1254 1781 1424 1827 Procop.
1451 1781 1503 1826 (v.
1522 1781 1630 1826 ind.),
1655 1782 1812 1828 βελλισά-

383 1843 460 1873 ριον
477 1829 508 1864 Ε
535 1830 606 1870 (sie
630 1829 790 1865 duobus
815 1830 834 1864 λ
861 1830 903 1864 in
929 1832 1045 1865 textu
1069 1829 1314 1875 constanter)
1344 1829 1394 1874 [v.
1413 1832 1549 1864 tamen
1568 1833 1811 1875 argumenta

384 1877 436 1912 ad
462 1877 553 1912 XIV
580 1878 614 1922 8,
642 1878 673 1912 1.
702 1878 757 1913 17.
784 1878 817 1922 9,
845 1877 879 1922 1]
907 1889 969 1923 wp
1147 1878 1180 1912 3.
1206 1877 1231 1911 4
1255 1883 1328 1916 ταῖς
1354 1877 1544 1922 δυνάμεσιν
1569 1877 1716 1916 ἁπάσαις
1740 1878 1811 1912 ἐπι-

384 1925 512 1970 στήσας
544 1925 648 1960 αὐτόν
674 1924 743 1960 ΑΕ
782 1926 1038 1971 (scripturam
1072 1925 1158 1960 eod.
1186 1925 1217 1960 E
1243 1925 1362 1960 affert
1392 1926 1486 1969 Viso),
1524 1925 1674 1964 ἁπάσαις
1706 1925 1811 1961 αὐτὸν

383 1979 455 2011 ταῖς
481 1973 668 2017 δυνάμεσιν
693 1974 879 2019 ἐπιστήσας
907 1973 1003 2019 pr
1153 1973 1175 2007 6
1202 1973 1472 2018 πλατυκώτερον
1498 1973 1530 2008 R
1557 1973 1602 2014 (B
1630 1983 1731 2008 corr.
1759 1983 1810 2008 ex

382 2021 658 2065 πλατικώτερον)
678 2019 810 2066 wpDi,
835 2022 1097 2066 πλατικώτερον
1115 2020 1182 2056 AC
1337 2021 1370 2056 7.
1387 2022 1441 2056 12.
1468 2021 1687 2066 βελλισάριος
1701 2021 1810 2067 Ewp,

384 2079 422 2103 V.
449 2068 502 2103 ad
528 2068 618 2104 XIV
646 2070 678 2113 7,
697 2070 741 2104 21
842 2070 888 2104 10
911 2069 1075 2128 βελλισαρ
1079 2071 1122 2113 ίῳ
1150 2069 1258 2114 Ewp,
1286 2079 1323 2103 V.
1350 2069 1403 2103 ad
1428 2068 1520 2104 XIV
1544 2069 1576 2113 7,
1591 2069 1635 2104 21
1734 2083 1811 2114 τρα-

382 2117 457 2154 πεὶς
475 2116 556 2161 ΑΟ,
586 2097 746 2162 ηττηὲἳεις
772 2117 868 2163 Ewp
969 2117 1013 2152 13
1038 2117 1246 2162 ἐνενήκοντα
1265 2115 1346 2162 ΑΟ,
1372 2116 1580 2162 Procop.1
1606 2116 1739 2162 p.423,
1753 2116 1808 2161 14,

384 2164 563 2209 Theoph.
590 2165 606 2199 I
636 2176 670 2210 p.
701 2165 778 2209 196,
804 2165 862 2210 26,
887 2165 1116 2210 ἒνεννηκοντα
1138 2164 1180 2209 Ε,
1206 2165 1434 2210 ἒννενηκοντα
1460 2175 1523 2210 wp
1679 2164 1724 2199 14
1749 2164 1810 2199 καὶ

384 2212 488 2247 αὐτὸν
515 2222 589 2247 om.
617 2212 653 2246 D
753 2193 797 2247 16
823 2217 894 2248 τῶν
920 2213 1091 2248 alterum
1119 2223 1193 2248 om.
1221 2212 1256 2247 D
1352 2213 1583 2258 μαβρουσίων
1609 2212 1640 2247 Ε

313 2355 487 2400 Oriente,
513 2356 584 2391 ubi
611 2366 702 2392 cum
728 2356 860 2392 Persis
897 2356 1045 2392 bellum
1072 2356 1254 2402 gerebat,
1281 2356 1516 2391 arcessitum
1554 2365 1645 2390 eum
1683 2365 1807 2390 manu

313 2403 447 2439 valida
476 2407 515 2439 et
542 2404 669 2440 classe
683 2415 844 2450 magna,
873 2405 1058 2440 omnibus
1073 2404 1198 2450 copiis
1225 2414 1315 2439 cum
1342 2413 1496 2438 summo
1511 2403 1679 2449 imperio
1694 2413 1807 2448 prae-

254 2452 300 2487 22
314 2453 463 2487 fectum
497 2452 539 2486 in
564 2451 735 2497 Libyam
768 2453 898 2496 mittit,
936 2452 1134 2498 Procopio
1175 2461 1338 2497 quoque
1365 2451 1616 2487 Caesariensi
1652 2451 1807 2495 comite,

254 2499 300 2534 23
315 2500 383 2544 qui
411 2499 513 2534 bella
539 2500 618 2534 illic
644 2502 761 2545 gesta
775 2501 978 2545 copiosius
1004 2502 1241 2545 persecutus
1260 2502 1330 2534 est.
1379 2498 1598 2534 Belisarius
1626 2499 1809 2533 exercitu

237 2547 301 2582 ·24
314 2548 354 2582 in
373 2546 505 2591 Libya
527 2548 712 2592 exposito
740 2548 889 2583 vallum
919 2548 1095 2583 obducit.
1146 2547 1233 2589 Quo
1253 2545 1478 2582 Gelimerus
1503 2547 1666 2592 cognito
1692 2547 1808 2581 fratri

314 2593 484 2630 Amatae
510 2595 687 2639 mandat,
714 2599 759 2630 ut
784 2595 1059 2630 Hilderichum
1087 2605 1178 2629 eum
1205 2595 1400 2640 cognatis,
1428 2604 1529 2639 quos
1555 2595 1596 2628 in
1624 2593 1808 2629 custodia

256 2642 302 2676 25
315 2642 492 2684 tenebat,
518 2643 650 2677 statim
677 2643 845 2678 emedio
872 2643 995 2678 tollat.
1047 2641 1111 2678 Sic
1137 2642 1191 2677 illi
1221 2642 1421 2677 interfecti
1448 2645 1551 2677 sunt.
1590 2641 1808 2677 Belisarius

316 2693 461 2733 autem,
501 2689 701 2725 Gelimero
737 2701 878 2736 pugna
916 2691 1132 2736 profligato
1170 2690 1422 2735 expulsoque
1448 2689 1694 2735 Carthagine
1721 2692 1760 2724 et
1786 2699 1808 2724 e

317 2737 460 2772 ceteris
485 2738 666 2782 urbibus,
704 2740 789 2773 tot-a
815 2737 946 2784 Libya
973 2743 1032 2773 est
1059 2738 1210 2784 potitus
1235 2747 1406 2782 eamque
1432 2738 1599 2783 imperio
1626 2737 1808 2772 Romano

257 2784 303 2819 26
317 2784 487 2819 subiecit
524 2795 548 2819 a
574 2785 765 2820 Vandalis
804 2796 875 2831 per
913 2796 1042 2821 annos
1066 2785 1171 2821 XCV
1206 2788 1456 2831 occupatam,
1493 2789 1532 2820 et
1564 2784 1808 2820 Gelimerum

257 2832 302 2867 27
319 2832 454 2866 vivum
479 2842 568 2866 cum
595 2842 725 2867 uxore
752 2836 791 2868 et
817 2834 953 2869 liberis
980 2832 1293 2879 comprehendit.
1343 2832 1494 2868 Ferunt
1521 2843 1623 2876 eum,
1651 2842 1741 2867 cum
1768 2833 1809 2866 in

317 2879 485 2923 iegione
508 2878 742 2915 Mam-oxum
768 2891 914 2926 aspera
941 2891 1030 2916 cum
1057 2881 1140 2916 suis
1166 2880 1430 2924 obsideiwetui,
1457 2890 1621 2916 annona
1648 2880 1809 2915 destitu-

317 2930 400 2960 tum
429 2936 451 2960 a
479 2927 652 2970 tribuno,
680 2938 799 2973 quem
819 2928 1035 2964 Belisarius
1061 2928 1261 2964 obsidioni
1285 2929 1548 2974 pr'aeleceiat,
1577 2928 1716 2964 litteris
1743 2927 1809 2962 da-
