2054 3282
384 238 525 278 OMEN
550 236 765 277 BARDAE
790 234 1079 276 INTERITVM
1104 232 1495 274 PRAETENDEVS.
1615 233 1687 273 413

305 362 593 417 Ἐκστρατεῖας
625 361 670 404 δὲ
700 359 806 403 κατὰ
837 363 923 403 τῶν
952 359 1027 415 τὴν
1046 359 1219 415 Κρήτην
1243 358 1427 414 ἐχόντων
1441 358 1687 414 Ἀγαρηνῶν
1701 362 1723 395 5
1749 361 1779 396 B

193 432 477 487 κηρυχθείσης
512 435 574 484 τῷ
610 429 795 484 Μιχαήλ,
840 429 865 470 ὁ
896 429 1062 483 Καῖσαρ
1105 428 1214 483 πρὸς
1254 428 1327 470 τὸν
1368 432 1442 484 τῆς
1479 426 1687 469 θεοτόκου

40 546 41 549 ¹
191 500 300 542 νεὼν
330 499 401 542 τὸν
430 502 516 541 τῶν
532 497 730 552 Ὁδηγῶν
750 498 1008 552 κεκλημένον
1039 497 1216 552 ἀπῆλθε,
1247 500 1298 552 τῇ
1329 496 1559 550 θεομήτορι
1589 510 1686 536 συν-

32 566 37 591 3
65 573 119 610 IV
132 573 174 609 21
190 568 436 623 ταξάμενος·
477 566 548 608 καὶ
584 566 665 621 ἤδη
697 570 758 620 τῷ
789 566 1075 621 θυσιαστηρίῳ
1106 565 1235 607 αὐτοῦ
1266 564 1613 619 προσεγγίσαντος
1643 563 1723 611 ἕξεί

155 637 391 691 ῦοῦὁεμιᾶς
422 636 640 690 ἐμφανοῦς
671 635 801 681 αἰτίας
831 635 857 690 ἡ
890 634 1052 690 χλαμὺς
1081 637 1167 676 τῶν
1198 634 1335 688 ὤμων
1373 633 1502 674 αὐτοῦ
1543 631 1686 680 ἒξωλί-

190 705 359 760 σθησεν.
421 705 525 758 ὅπερ
557 707 728 758 σημεῖον
759 703 829 744 καὶ
859 708 921 757 τῷ
951 702 1130 756 Καίσαρι
1161 702 1232 744 καὶ
1261 706 1346 748 τοῖς
1376 701 1534 743 ἰδοῦσιν
1565 700 1687 742 ἀπαί-

192 790 280 816 σιον
317 774 448 822 ἔδοξε.
516 772 685 814 πολλῶν
723 772 768 813 δὲ
806 770 878 814 τὸν
916 772 1086 826 βασιλέα
1130 770 1402 823 κακιζόντων,
1447 769 1507 811 ὅτι
1549 771 1723 810 πᾶσανῖ

191 842 374 884 ἐνέδωκε
403 841 478 896 τὴν
508 841 700 889 ἐξουσίαν
730 845 791 894 τῷ
814 841 1008 895 Καίσαρι,
1041 840 1148 881 ὥστε
1179 840 1337 880 ἐκεῖνον
1369 839 1466 879 ἅττα
1497 837 1686 892 βούλεται

191 911 379 964 πράττειν
409 910 480 951 καὶ
510 908 642 950 πολλὰ
673 909 789 962 παρὰ
821 909 867 950 τὸ
900 909 996 950 δέον
1026 912 1170 961 ποιεῖν,
1201 912 1250 962 τῇ
1272 911 1357 948 τῶν
1378 905 1553 948 ὀνειδῶν
1574 905 1686 946 ἐνδε-

136 979 326 1034 1ολεχείᾳ
357 978 477 1026 ἔδοξέ
505 994 605 1019 ποτε
633 977 788 1033 μικρὸν
819 978 1030 1032 ἀνανῆψαι
1062 980 1134 1018 τοῦ
1160 975 1402 1031 βαθυτάτου
1423 975 1560 1029 κάρου
1583 973 1731 1016 ἐκεῖ-Ο

191 1063 264 1093 νος
294 1047 318 1088 ὁ
350 1047 570 1101 ἀβέλτερος
605 1047 839 1100 ἅνθρωπος
876 1047 950 1087 καί
984 1061 1071 1087 τινα
1109 1048 1194 1086 τῶν
1237 1043 1585 1098 ᾠκονομημένων
1627 1046 1689 1096 τῷ

193 1115 373 1169 Καίσαρι
404 1115 475 1156 καὶ
508 1115 748 1169 διωρθοῦτο
780 1115 850 1156 καὶ
882 1114 1176 1162 ἀνεσκεὺαζεν·
1211 1114 1235 1154 ὃ
1258 1117 1320 1167 τῷ
1342 1111 1494 1165 Βάρόᾳ
1526 1111 1606 1152 οὐκ
1638 1109 1725 1165 ’ἧνὸ

193 1183 377 1231 ἀνεκτόν,
421 1180 508 1224 ἀλλ’
542 1183 607 1224 ε’πὶ
638 1184 774 1237 τούτῳ
806 1183 875 1224 καὶ
908 1182 1179 1238 ἐβαρυθύμει.
1241 1180 1612 1235 ἐκστρατεύσαντος
1644 1179 1725 1221 ὄὲθ

194 1256 267 1294 τοῦ
305 1252 523 1307 βασιλέως,
569 1252 631 1298 ὡς
670 1253 838 1307 εἴρηται,
882 1251 950 1293 καὶ
984 1251 1008 1292 ὁ
1043 1250 1206 1303 Καῖσαρ
1244 1250 1392 1303 ἐκείνῳ
1422 1247 1689 1301 συνεξεστρά-

198 1383 215 1417 1
244 1383 389 1427 σημεῖόν
415 1396 444 1416 τι
470 1381 548 1426 περὶ
575 1381 632 1416 τὸν
658 1382 819 1425 Καίσαρα
845 1382 983 1426 γεγονός
1010 1379 1039 1416 C
1152 1380 1174 1416 ’ἶ
1200 1381 1248 1414 ὅτι
1273 1378 1383 1414 πολλὰ
1410 1383 1479 1413 τῶν
1505 1378 1691 1423 ᾠκονομη·

194 1430 313 1475 μένων
340 1435 388 1475 τῷ
417 1430 564 1474 Καίσαρι
591 1430 775 1474 ἁνέτρεπεν
801 1430 822 1463 ὁ
843 1429 1007 1475 βασιλεύς
1035 1427 1064 1463 C

268 1560 285 1594 1
315 1562 385 1593 τῶν
402 1557 490 1593 κατὰ
506 1557 551 1601 D,
579 1558 742 1593 invertit
757 1556 825 1595 Dw
899 1561 970 1591 τῶν
984 1554 1151 1602 prDi,
1180 1554 1304 1590 0111.Α
1377 1555 1401 1590 2
1427 1558 1517 1601 post
1534 1559 1582 1599 τῷ
1598 1553 1691 1589 add.

265 1606 403 1652 βασιλεῖ
415 1605 525 1642 DVVO
541 1606 605 1641 lat.
703 1610 830 1649 καΐσαρ
846 1602 1029 1651 B⁵wpDi,
1055 1605 1184 1648 και’σαρ
1198 1602 1269 1638 AR
1294 1605 1347 1645 (v.
1361 1612 1519 1648 argum.
1534 1601 1586 1637 ad
1601 1600 1691 1637 XVI

268 1655 300 1698 7,
325 1654 363 1699 4)
460 1653 483 1687 3
507 1653 591 1688 ναὸν
618 1651 812 1698 DEwpDi
908 1652 931 1687 5
957 1652 1150 1693 ε’ξώλισθεν
1172 1650 1339 1697 Ewap
1437 1650 1460 1685 6
1487 1653 1577 1696 post
1598 1649 1691 1684 ι’ὃοῦ-

268 1715 323 1737 σιν
349 1700 440 1736 add.
467 1700 571 1736 αὐτὸν
598 1700 633 1735 D
731 1701 764 1735 G.
783 1700 805 1736 ’ἲ
831 1700 951 1740 ἕὸοξεν
969 1699 1131 1735 ἀπαίσιον
1156 1698 1192 1733 D
1289 1698 1312 1732 9
1334 1699 1339 1734 Ι
1361 1698 1518 1743 ὅελέχεια
1544 1697 1691 1742 (littera

269 1752 364 1784 ante
389 1750 410 1784 ὅ
436 1759 517 1784 non
544 1751 604 1783 est
631 1748 862 1794 perspicua)
889 1747 938 1793 D,
964 1758 1066 1783 corr.
1093 1747 1161 1785 Dw
1261 1746 1315 1781 10.
1336 1746 1376 1780 11
1405 1750 1467 1780 τοῦ
1491 1745 1691 1791 βαθυτάτου

270 1797 499 1843 -ἀβέλτερος
525 1797 564 1831 in
592 1796 665 1831 lac.
691 1796 812 1831 unius
838 1796 924 1831 sere
950 1804 1093 1830 versus
1119 1794 1248 1841 suppl.
1275 1793 1343 1832 Dw
1465 1794 1486 1827 ὁ
1508 1793 1692 1839 ἀβέλτερος

268 1844 401 1883 ἐκεῖνος
428 1843 458 1879 Β
534 1844 573 1878 11
603 1843 867 1888 ὠνομασμένων
881 1842 928 1887 D,
957 1853 1057 1878 corr.
1074 1842 1140 1880 Dw
1218 1841 1262 1877 12
1286 1841 1346 1877 καὶ
1361 1844 1455 1876 ante
1469 1840 1599 1885 ὅιωρθ.
1616 1850 1692 1875 0111.

273 1891 303 1927 Β
365 1892 425 1928 καὶ
436 1895 530 1927 ante
539 1891 659 1927 ἀνεσκ.
668 1901 743 1926 orn.
755 1891 801 1935 D,
816 1891 945 1937 suppl.
955 1890 1023 1929 Dw
1086 1890 1322 1929 ἀνασκεύαζεν
1333 1892 1372 1925 et
1379 1889 1611 1929 ἀνεσκεύαζεν
1621 1898 1693 1933 pel·

273 1939 518 1985 dittograph.
538 1938 584 1983 D,
611 1949 712 1974 corr.
733 1937 812 1983 Dw,
838 1938 1071 1974 ἀνεσκεύασεν
1094 1938 1141 1984 p*
1159 1938 1295 1972 invitis
1313 1935 1421 1972 ARw
1522 1936 1566 1971 13
1592 1940 1693 1970 τοῦτο

273 1987 319 2033 p*
347 1987 483 2023 invitis
509 1985 616 2022 ARw
750 1990 840 2033 post
865 1986 964 2032 ἓβαρ.
990 1985 1083 2021 add.
1109 1985 1170 2020 καὶ
1193 1985 1318 2031 ἐμηνιά
1344 1985 1400 2027 (iu
1428 1983 1457 2020 C
1488 1984 1565 2019 hoc
1591 1994 1692 2018 corr.

270 2080 319 2105 nx
348 2070 479 2116 ἕβηνῖα,
506 2070 545 2105 in
572 2068 608 2104 D
634 2048 770 2115 ἒμηνίιξ,
798 2069 906 2115 quod
934 2079 1035 2104 corr.
1063 2068 1146 2110 Dw)
1174 2068 1271 2115 pr
1409 2067 1692 2112 ἐκστρατεύσανιι

271 2117 410 2164 Bpr,
437 2117 636 2152 κελεύσαντι
654 2116 700 2160 D,
729 2117 837 2162 quod
852 2127 953 2152 corr.
969 2116 1036 2155 Dw
1129 2116 1206 2161 ὅέγε
1221 2115 1267 2159 D,
1295 2126 1396 2153 corr.
1413 2115 1480 2153 Dw
1572 2115 1617 2150 14
1643 2121 1692 2159 τῷ

268 2166 405 2211 βασιλεῖ
427 2164 536 2210 pr,
563 2175 664 2200 corr.
680 2164 747 2202 Dw
845 2165 906 2199 καὶ
932 2175 1008 2199 0111.
1027 2164 1057 2199 Ε
1154 2164 1213 2199 καὶ
1239 2165 1337 2208 ὅμως
1364 2190 1372 2200 .
1389 2191 1395 2199 .
1412 2190 1420 2199 .
1434 2189 1443 2199 .
1470 2162 1693 2206 συνεξεστρά-

270 2227 346 2249 reve
372 2212 419 2258 D,
449 2222 550 2248 corr.
577 2216 618 2247 et
642 2212 771 2258 suppl.
799 2211 866 2251 Dw
965 2212 1253 2257 συνεξεστράτευε
1272 2211 1313 2256 C,
1340 2222 1377 2247 v.
1397 2221 1490 2246 aun.
1510 2209 1692 2245 anteced.

317 2340 415 2377 Cum
435 2345 569 2376 autem
588 2340 756 2375 Michavl
776 2340 1074 2386 expeditionem
1095 2343 1235 2375 contra
1251 2338 1463 2375 Cretenses
1481 2337 1693 2384 Agarenos
1708 2337 1730 2372 ἴ)

199 2389 401 2432 edixisset,
427 2388 578 2424 Caesar
604 2388 655 2423 ad
675 2388 866 2434 deiparae
892 2387 1045 2432 aedem,
1073 2397 1178 2434 (plne
1197 2386 1460 2433 Hodegorum
1487 2386 1694 2422 nominata

199 2441 270 2481 est,
294 2437 404 2481 abiit,
432 2436 494 2471 dei
522 2436 717 2482 genetrici
748 2435 1038 2479 valedicturus-13
1065 2445 1237 2480 cumque
1256 2435 1333 2470 inm
1353 2435 1531 2470 sacrario
1551 2445 1574 2469 11
1607 2434 1730 2480 pro-6

201 2485 447 2531 pinquasset‚
486 2483 664 2529 chlamys
695 2483 806 2518 nulia
831 2483 1008 2518 evidenti
1036 2483 1085 2518 de
1113 2492 1236 2518 causa
1263 2483 1298 2517 ei
1327 2482 1503 2518 humeris
1529 2481 1578 2517 de
1595 2492 1694 2528 apsa

200 2535 270 2576 est,
309 2531 418 2577 quod
456 2541 572 2567 omen
600 2535 640 2567 et
665 2530 828 2567 Caesari
857 2535 895 2566 et
921 2531 1019 2575 aliis,
1059 2531 1126 2576 qui
1154 2530 1357 2573 viderunt,
1396 2530 1692 2575 inauspicatum

200 2580 341 2615 visum.
391 2578 524 2615 Multis
551 2582 685 2614 autem
705 2589 841 2624 regem
863 2578 1198 2624 vituperantibus,
1225 2577 1333 2623 quod
1353 2587 1510 2613 omnem
1532 2576 1692 2613 Caesari
1709 2577 1729 2613 7

200 2631 437 2673 potestatem
464 2626 650 2671 dedisset,
694 2631 738 2662 ut
765 2626 927 2672 quidvis
955 2630 1097 2671 ageret
1123 2626 1329 2671 multaque
1355 2628 1496 2660 contra
1523 2624 1693 2660 officium

201 2676 364 2718 faceret,
408 2674 525 2710 homo
564 2674 628 2710 iiie
668 2683 811 2709 vecors
849 2673 1085 2709 assiduitate
1129 2673 1486 2719 reprehensionum
1531 2672 1692 2708 tandem

200 2721 380 2758 nonnihil
399 2732 422 2757 e
440 2721 753 2768 profundissimo
782 2725 948 2756 veterno
968 2725 1231 2767 experrectus
1258 2730 1346 2755 esse
1365 2720 1475 2755 visus
1493 2719 1693 2765 quaedam

201 2780 225 2804 11
250 2769 424 2805 Caesare
450 2770 668 2805 constituta
695 2769 926 2815 corrigebat
953 2773 991 2804 et
1019 2769 1249 2804 revocabat.
1301 2767 1345 2802 ld
1371 2766 1530 2803 Bai-dne
1557 2767 1693 2803 iutoie-
1709 2770 1732 2803 8

201 2817 326 2852 rabiie
365 2817 494 2852 visum
520 2817 801 2852 auctoritatem
842 2817 1088 2851 imminutam
1128 2817 1310 2861 graviter
1335 2815 1490 2851 serenti.
1543 2815 1731 2861 Regem9

202 2868 335 2900 tamen
362 2865 400 2900 in
428 2863 618 2907 militiam,
645 2864 695 2899 de
722 2874 801 2910 qun
831 2865 908 2899 iam
937 2863 1123 2907 diximus,
1150 2863 1374 2909 profectum
1402 2862 1551 2898 Caesar
1578 2864 1694 2898 comi<

201 2915 309 2949 tatus
335 2916 405 2957 est,
443 2921 561 2958 quem
591 2910 760 2947 Basilius
798 2921 887 2948 cum
924 2912 1007 2946 suis
1048 2911 1157 2958 apud
1183 2910 1415 2946 michaelem
1454 2915 1534 2946 tam
1573 2920 1694 2959 saepe
