1968 3302
308 179 354 218 28
717 174 898 212 ZONAR.
925 179 1056 219 EPIT.
1083 181 1180 218 xm
1206 181 1238 228 5,
1265 179 1392 219 9-24.

305 304 623 346 Κωνσταντίνου
645 305 818 359 μαθών,
851 305 1083 360 στράτευμα
1111 302 1200 346 κατ’
1235 305 1363 347 αὐτοῦ
1394 306 1546 360 πέμπει
1576 306 1647 348 καὶ
1678 323 1800 362 στρα-

304 375 467 429 τηγούς,
506 374 577 416 καὶ
615 374 740 421 αὐτὸς
772 375 874 417 ὅσον
905 375 986 429 ἤδη
1019 373 1122 428 μετὰ
1154 373 1343 420 πλείονος
1374 379 1563 428 στρατιᾶς
1595 377 1803 431 ἐπιστῆναι

245 443 292 479 10
305 444 665 498 ἐπαγγειλάμενος.
729 445 768 485 οἱ
800 448 901 498 γοῦν
931 443 1195 496 πειιιφθέντες
1226 442 1348 497 ἔγγὺς
1378 448 1450 485 τοῦ
1483 444 1801 486 Κωνσταντίνου

305 512 519 567 γενόμενοι
565 513 717 567 λόχους
764 513 985 561 καθίζουσι
1032 511 1103 552 καὶ
1149 512 1431 566 συμβαλόντες
1474 514 1592 567 αὐτῷ
1635 514 1802 567 φεύγειν

245 581 284 616 11
304 582 585 636 ὑπεκρίνοντο.
647 584 732 623 τῶν
777 581 822 622 δὲ
865 585 938 622 τοῦ
987 580 1301 622 Κωνσταντίνου
1348 581 1591 623 διωκόντων
1636 582 1800 631 αὐτούς,
1815 579 1837 616 5

304 650 524 698 ἐξόπισθεν
563 651 704 692 αὐτῶν
741 652 782 692 οῖ
817 650 1023 704 λοχῶντες
1063 649 1276 704 γενόμενοι
1319 650 1424 692 κατὰ
1468 652 1618 693 νώτων
1662 652 1802 699 αὐτοῖς

95 717 288 754 P1112A
304 719 558 773 ἐπιτίθενται,
606 719 676 760 καὶ
716 720 756 760 οἱ
792 719 1015 773 φεύγοντες
1060 719 1374 773 ἐπιστραφέντες
1416 720 1546 774 μέσον
1582 721 1802 775 περιέσχον

205 780 213 783 ἡ
303 788 474 834 αὐτούς·
514 788 584 829 καὶ
620 787 727 830 πολὺ
765 792 837 842 τῆς
875 792 947 829 τοῦ
985 787 1303 830 Κωνσταντίνου
1343 789 1575 844 διέφθαρτο
1613 793 1803 844 στρατιᾶς

244 857 290 893 12
303 858 497 903 κάκεῖνος
528 857 663 903 αὐτός.
725 861 798 898 τοῦ
832 856 911 911 γὰρ
945 857 1074 898 ἵππου
1111 857 1349 911 τρωθέντος
1386 858 1503 912 αὐτῷ
1540 858 1611 900 καὶ
1651 857 1718 900 διὰ
1755 857 1802 900 τὸ

302 930 468 981 τραῦμα
502 926 792 980 σφαδάζοντος
823 925 894 967 καὶ
925 926 1270 979 ἀνασκιρτῶντος,
1303 927 1547 968 ε’κπέπτωκε
1578 931 1650 982 τῆς
1675 927 1802 981 ἕδρας
1819 925 1863 960 10

245 995 327 1036 13ὁ
354 996 670 1040 Κωνσταντῖνος
700 994 772 1035 καὶ
803 994 992 1049 ἀνῃρέθη
1024 993 1157 1036 πολλὰ
1189 995 1415 1048 δεξάμενος
1445 996 1674 1050 τραύματα,
1708 996 1802 1038 οὔτε

302 1064 442 1118 τυχὼν
472 1068 544 1118 τῆς
576 1064 762 1118 ἐφέσεως
798 1063 870 1104 καὶ
908 1062 1037 1118 αὐτὴν
1073 1063 1417 1118 προσζημιωθεὶς
1454 1063 1528 1118 τὴν
1565 1065 1693 1119 ζωήν,
1730 1063 1802 1106 καὶ

303 1133 363 1174 ὅτι
394 1132 556 1174 ἀδίκων
587 1132 701 1187 ἦρξε,
735 1131 805 1173 καὶ
836 1131 910 1186 τὴν
942 1132 1097 1173 οἰκείαν
1127 1136 1199 1186 τῆς
1225 1132 1359 1186 ἀρχῆς
1379 1136 1533 1186 μοῖραν
1555 1133 1798 1187 ἀποβαλών.

244 1201 290 1237 14
302 1201 374 1243 καὶ
417 1201 560 1255 γέγονε
603 1201 674 1242 καὶ
716 1205 788 1256 τῆς
825 1201 1017 1255 ἑσπερίου
1057 1201 1217 1255 λήξεως
1257 1201 1491 1254 ἐπικράτεια
1529 1198 1603 1255 ὑφ’
1643 1201 1701 1243 ἑνὶ
1737 1206 1800 1255 τῷ

243 1271 289 1307 15
302 1269 545 1311 Κώνσταντι
583 1270 749 1324 βασιλεῖ.
812 1268 894 1310 εἶτα
933 1270 1126 1315 κάκεῖνος
1143 1291 1145 1293 ’
1164 1270 1221 1316 εἷς
1257 1269 1510 1316 ἀλλοκότους
1542 1269 1800 1316 ἕκκυλισθεὶς
1816 1268 1860 1304 15

303 1339 464 1392 ἔρωτας
495 1338 566 1380 καὶ
591 1338 939 1393 ἓκὸεόιῃτημένην
961 1338 1089 1392 ζωήν,
1121 1338 1205 1380 ὑπὸ
1228 1338 1489 1392 Mayvsvzcov
1512 1338 1797 1393 ἐπεβουλεύθη

244 1409 289 1445 16
302 1406 374 1448 καὶ
395 1407 556 1453 ἀθλίως
578 1407 782 1461 ἀπώλετο,
817 1407 1089 1461 ᾹΙαγνεντίου,
1122 1408 1170 1448 ὃν
1192 1407 1349 1453 ἐκεῖνος
1380 1408 1426 1448 ἔκ
1459 1407 1644 1453 στάσεως
1675 1422 1798 1461 στρα-

302 1481 493 1531 τιωτικῆς
535 1476 764 1530 περιέσωσε
806 1476 1113 1530 κινδυνεύοντα,
1158 1476 1239 1530 ἤδη
1281 1479 1365 1517 τῶν
1404 1478 1668 1530 στρατιωτῶν
1707 1471 1797 1517 κατ’

305 1617 350 1653 15
375 1619 426 1653 ὅτι
451 1619 472 1653 ὁ
495 1618 664 1657 Κώνστας
688 1618 748 1654 καὶ
773 1623 832 1664 τῆς
858 1617 1055 1665 ἀδελφικῆς
1081 1618 1252 1664 ἐκράτησε
1276 1619 1413 1663 μοίρας,
1454 1617 1514 1653 καὶ
1548 1616 1615 1653 ὑπὸ
1642 1618 1799 1663 Μαγνεν-

303 1667 378 1702 τίου
402 1666 561 1713 ἀνῃρέθη
590 1665 652 1703 CE

375 1807 397 1843 2
423 1812 570 1851 στρατοῦ
597 1805 759 1853 prDi
880 1806 902 1842 5
928 1806 1160 1851 ἀπεκρίναντο
1187 1807 1217 1842 Ε
1343 1807 1365 1841 6
1392 1810 1482 1852 post
1509 1807 1683 1852 λοχῶντες
1710 1806 1800 1842 add.

375 1855 501 1894 αὐτοὺς
527 1855 629 1901 pr
729 1856 750 1890 7
775 1856 882 1900 μέσον
910 1866 985 1890 om.
1012 1855 1043 1889 Β
1142 1855 1163 1890 9
1189 1854 1295 1890 αὐτοῦ
1323 1855 1435 1900 pr,
1463 1866 1499 1890 v.
1520 1855 1572 1890 ad
1590 1854 1686 1889 XIII
1709 1854 1741 1898 5,
1757 1854 1801 1890 31

377 1903 423 1938 10
448 1904 723 1948 διασκιρτῶντος
750 1904 780 1938 Ε
939 1903 984 1937 12
1009 1903 1069 1938 καὶ
1095 1903 1204 1948 αὐτὴν
1231 1923 1274 1927 ·—
1301 1902 1363 1948 τὴν
1389 1902 1486 1948 ζωὴν
1511 1905 1601 1947 post
1626 1903 1803 1947 τραύματα

374 1961 431 1986 VS.
459 1951 502 1985 11
531 1951 629 1997 pr
801 1951 846 1986 14
871 1951 1008 1996 γέγονεν
1035 1951 1055 1996 ἦ
1085 1949 1243 1996 prDi
1405 1956 1455 1995 τῷ
1482 1948 1622 1996 ARDi,
1647 1950 1712 1996 μὲν
1738 1961 1800 1996 ῑνρ

376 1999 430 2034 15.
459 1999 504 2034 16
529 1999 663 2044 ἔρωτας
688 1999 911 2038 ἕκκυλισθεὶς
939 1998 967 2034 C
1066 1998 1110 2035 17
1135 1999 1268 2038 ἐκεῖνος
1296 2009 1370 2033 0111.
1397 1998 1433 2032 D

303 2143 418 2189 gnito
447 2143 570 2178 duces
598 2153 689 2178 cum
715 2143 898 2178 exercitu
926 2146 1067 2177 contra
1095 2152 1187 2178 cum
1213 2143 1332 2178 mittit
1363 2143 1564 2188 pollicitus
1596 2152 1639 2178 se
1669 2142 1801 2188 ipsum

245 2187 291 2223 10
304 2201 395 2226 cum
426 2191 581 2226 maiore
614 2191 797 2226 exercitu
830 2200 918 2225 esse
950 2194 1196 2225 secuturum.
1247 2189 1355 2226 Missi
1382 2191 1517 2236 igitur,
1558 2200 1647 2225 cum
1674 2200 1803 2235 prope

304 2238 356 2274 ad
383 2237 691 2275 Constantinum
726 2239 1001 2282 accessissent,
1041 2238 1208 2273 insidias
1247 2241 1404 2283 ponunt
1442 2248 1665 2283 pugnaque
1701 2238 1802 2272 inita

246 2283 286 2318 11
304 2287 445 2332 sugam
472 2286 673 2322 simulant.
725 2286 845 2329 Quos,
886 2286 980 2320 dum
1017 2284 1268 2321 Constantini
1307 2286 1451 2321 milites
1489 2287 1800 2331 persequuntur,

304 2337 343 2369 et
368 2335 396 2369 ii
423 2335 492 2380 qui
518 2335 558 2369 in
583 2334 739 2369 insidiis
759 2334 942 2369 collocati
961 2334 1124 2369 fuerant
1143 2344 1166 2368 a
1184 2336 1301 2379 tergo
1321 2333 1522 2368 invadunt
1540 2336 1579 2368 et
1597 2333 1801 2378 fugientes

304 2383 490 2418 conversi
537 2382 910 2426 circumvenerunt3
956 2382 1012 2416 ita
1055 2392 1206 2427 magna
1251 2391 1346 2426 pars
1386 2381 1637 2417 Constantini
1682 2381 1801 2426 periit

245 2427 290 2462 12
304 2431 508 2466 exercitus
535 2434 658 2475 atque
685 2430 804 2464 etiam
831 2429 897 2464 ille
923 2429 1019 2474 ipse.
1071 2429 1171 2464 Nam
1199 2439 1304 2474 equo
1331 2429 1545 2464 vulnerato
1574 2431 1613 2463 et
1639 2438 1689 2464 ex
1716 2427 1801 2462 vul-

302 2488 401 2513 nere
427 2478 594 2513 efferato
622 2480 745 2523 atque
772 2477 1001 2512 exsultante
1028 2477 1124 2512 sella
1151 2487 1347 2512 excussus
1363 2476 1649 2512 Constantinus
1667 2475 1800 2511 multis

245 2522 290 2558 13
306 2525 541 2560 vulneribus
568 2526 745 2571 acceptis
771 2525 1009 2560 interfectus
1035 2527 1104 2568 est,
1140 2534 1274 2568 neque
1301 2526 1384 2559 voti
1412 2534 1576 2569 compos
1603 2525 1734 2559 factus
1761 2527 1801 2558 et

302 2573 469 2618 insuper
501 2576 630 2609 morte
661 2573 866 2617 multatus,
905 2571 1028 2617 idque
1055 2573 1150 2616 quia
1183 2572 1356 2607 iniuriae
1392 2573 1526 2607 fuerat
1559 2574 1712 2615 auctor,
1752 2581 1800 2606 ac

245 2617 291 2652 14
304 2630 378 2655 sua
406 2622 521 2666 regni
549 2624 664 2666 parte
691 2621 886 2666 privatus.
937 2617 1070 2664 Atque
1097 2620 1208 2655 venit
1235 2620 1355 2654 etiam
1387 2619 1647 2655 occidentalis
1674 2619 1800 2664 partis

246 2666 290 2701 15
304 2678 476 2713 regnum
511 2669 562 2703 ad
596 2679 723 2703 unum
756 2667 1015 2704 Constantem
1049 2677 1199 2712 regem.
1250 2666 1351 2702 Tum
1391 2667 1456 2702 ille
1495 2677 1668 2712 quoque,
1708 2676 1799 2701 cum

303 2715 345 2750 in
377 2719 654 2751 monstruosos
688 2716 896 2751 incidisset
928 2725 1086 2750 amores
1118 2725 1166 2750 ac
1201 2714 1435 2749 dissolutam
1471 2715 1605 2758 vitam,
1644 2713 1798 2749 insidiis

245 2761 290 2797 16
304 2762 525 2808 Magnentii
551 2765 697 2799 misere
723 2764 859 2809 periit3
899 2772 1018 2807 quein
1044 2761 1320 2808 Magnentium
1354 2763 1419 2797 illc
1453 2772 1502 2796 ex
1530 2761 1704 2796 tumultu
1730 2762 1798 2796 mi-

303 2810 415 2845 litum
451 2811 657 2856 eripuerat
694 2811 999 2856 periclitantem,
1039 2821 1129 2845 cum
1167 2811 1246 2845 iani
1285 2810 1430 2845 milites
1469 2809 1666 2844 adversus
1705 2819 1796 2844 eum

304 2858 559 2897 strinxissent
584 2859 743 2906 gladios
769 2870 817 2896 ac
842 2858 1059 2907 perfodere
1085 2868 1177 2894 eum
1204 2861 1337 2895 essent
1363 2858 1504 2904 parati.
