2054 3282
353 230 424 270 464
701 230 882 270 ZoNAR.
911 231 1043 269 EPIT.
1069 229 1161 269 XVI
1190 233 1243 278 16,
1269 231 1421 278 34-17,
1449 230 1504 270 ιο.

311 356 424 398 Οκαὶ
454 359 528 396 τοῦ
559 355 636 409 μὲν
666 355 854 408 πολέμου
887 354 1118 408 ἀπέσχοντο
1150 353 1221 395 καὶ
1246 358 1318 408 τῆς
1340 354 1528 402 διώξεως
1550 355 1737 409 ἔστησαν,
1769 354 1848 396 θό-

295 429 341 464 3ἴ)
355 425 486 478 ρυβος
519 423 555 463 δ’
589 424 707 476 ἔσχεν
739 422 902 467 αὐτούς.
965 422 989 462 ὁ
1023 422 1069 462 δέ
1101 438 1145 475 γε
1176 421 1362 475 Συμεὼν
1400 422 1446 463 ἐκ
1484 427 1701 476 περιωπῆς
1742 438 1851 468 τινος

355 492 472 546 ὁρῶν
510 490 556 532 τὸ
598 489 868 544 συιιιβεβηκός
906 489 1000 543 περὶ
1042 489 1090 530 τὰ
1136 490 1418 543 στρατεύματα
1462 494 1546 535 τοῖς
1587 490 1681 543 περὶ
1724 490 1851 532 αὐτὸν

355 559 605 613 ἒγκελεύεται
635 558 706 599 καὶ
737 557 842 599 κατὰ
870 558 1094 612 Ῥωμαίων
1131 559 1352 612 ἐξώρμησε
1390 558 1461 599 καὶ
1495 559 1851 613 τεθορυβημένοις

355 628 494 672 αὐτοῖς
525 626 724 680 ἐμβαλὼν
756 627 812 671 εἷς
843 626 983 680 φυγὴν
1015 628 1200 672 ἅπαντας
1225 626 1389 680 ἀθρόον
1411 627 1629 681 ἐτρέψατο·
1662 627 1733 668 καὶ
1754 627 1885 674 vobs-5

353 696 430 750 μὲν
453 696 492 736 οἷ
517 695 754 748 Βούλγαροι
777 695 999 740 διώκοντες
1022 696 1212 747 ἔκτεινον,
1247 695 1286 735 οἳ
1318 692 1355 735 δ’
1380 693 1448 736 ὑπ’
1482 695 1673 749 ἀλλήλων
1705 696 1847 737 ἀπώλ-

295 771 341 805 36
354 765 475 805 λυντο
507 764 860 817 συμπατούμενοι.
924 763 948 802 ὁ
982 763 1026 804 δὲ
1058 767 1142 803 τῶν
1174 763 1340 817 σχολῶν
1373 763 1617 817 δομέστικος
1647 764 1766 818 μόλις
1793 765 1850 810 εἷς

355 832 638 886 ΣῑΙεσημβρίαν
661 831 876 884 διαδρᾶναι
902 832 1119 886 δεδύνητα·
1153 831 1296 872 πολλοὶ
1321 832 1366 873 δὲ
1391 832 1461 873 καὶ
1492 835 1576 873 τῶν
1609 835 1850 887 στρατηγῶν

354 901 424 943 καὶ
455 901 741 954 ταγματάρχαι
772 900 860 941 τότε
892 900 1154 954 ἐφθάρησαν.

289 971 338 1013 17
468 965 670 1022 Ἰωάννης
702 968 747 1009 δὲ
780 968 803 1008 ὁ
837 968 979 1022 Βογᾶς
1011 969 1156 1023 ἐστάλη
1192 968 1483 1017 Πατζινάκους
1514 970 1571 1015 εἷς
1609 970 1851 1024 συμμαχίαν
1868 973 1911 1007 10

356 1039 524 1092 ἀγαγεῖν
567 1036 672 1078 κατὰ
716 1040 802 1077 τῶν
839 1037 1115 1090 Βουλγάρων,
1159 1037 1229 1078 καὶ
1269 1038 1293 1077 ὁ
1330 1038 1544 1090 πατρίκιος
1571 1037 1788 1092 Ῥωμανὸς
1827 1038 1850 1078 ὁ

306 1105 632 1160 ΒΛακαπηνός,
668 1105 946 1159 δρουγγάριος
978 1106 1041 1146 ὢν
1072 1109 1156 1146 τῶν
1187 1106 1406 1160 πλωίμων,
1446 1106 1612 1160 ὡρίσθη
1643 1106 1746 1160 μετὰ
1778 1110 1851 1147 τοῦ

357 1175 505 1216 στόλου
537 1174 780 1228 παραπλεῖν,
813 1175 900 1228 ἅμα
931 1174 1010 1228 μὲν
1041 1175 1098 1219 εἷς
1129 1175 1346 1228 συνεργίαν
1376 1178 1450 1215 τοῦ
1480 1178 1566 1215 τῶν
1591 1174 1757 1228 σχολῶν
1779 1174 1851 1215 δο-

355 1243 565 1297 μεστίκου,
611 1243 698 1296 ἅμα
741 1242 785 1283 δὲ
817 1245 900 1296 καί,
945 1244 983 1283 εἷ
1017 1243 1183 1297 ἆχθεΐεν
1221 1244 1435 1298 σύμμαχοι
1465 1243 1580 1297 παρὰ
1611 1247 1685 1284 τοῦ
1717 1243 1850 1297 Βογᾶ,

320 1311 745 1365 2διαπεραιώσασθαι
779 1315 901 1365 σφᾶς.
965 1310 1066 1366 ἧκεν
1098 1311 1174 1353 οὖν
1205 1312 1229 1352 ὁ
1264 1312 1405 1366 Βογᾶς
1433 1311 1537 1366 μετὰ
1569 1315 1652 1353 τῶν
1683 1312 1850 1366 συμμά-
1870 1313 1912 1349 15

321 1388 461 1435 ὃχων.
525 1380 710 1425 στάσεως
751 1377 788 1420 δ’
828 1381 1090 1434 ἔιιιπεσούσης
1133 1381 1249 1434 αυτῷ
1291 1397 1333 1421 τε
1375 1380 1446 1422 καὶ
1488 1385 1550 1434 τῷ
1587 1380 1850 1435 Λακαπηνῷ,

357 1449 539 1503 ὁρῶντες
561 1449 601 1489 οἱ
623 1448 879 1496 Πατζινάκοι
905 1449 1056 1494 αὐτοὺς
1077 1449 1184 1502 πρὸς
1205 1449 1410 1504 ἀλλήλους
1432 1449 1853 1504 διαπληκτιζομένους

430 1579 447 1613 1
474 1579 629 1624 πολέμου
657 1604 811 1614 .......
838 1579 898 1613 καὶ
924 1578 971 1623 D,
1000 1579 1072 1614 lac.
1099 1579 1227 1624 suppl.
1255 1578 1322 1617 Dw
1431 1579 1523 1614 1--3
1548 1579 1707 1620 διώξεως
1729 1579 1735 1622 Ι
1756 1578 1852 1623 ἔχετε

429 1652 896 1662 ....................
924 1627 1016 1671 ἕρων
1047 1626 1084 1660 τὸ
1115 1628 1220 1672 συμβ.
1252 1626 1299 1671 D,
1338 1626 1497 1667 διώξεως
1528 1627 1684 1671 ἔστησαν.
1723 1626 1744 1660 ὅ
1774 1626 1852 1671 δέγε

427 1674 569 1719 συμεὼν
605 1674 646 1708 ἐκ
682 1679 864 1720 περιωπῆς
902 1688 993 1712 τινος
1026 1673 1113 1708 ἰδὼν
1147 1674 1184 1709 τὸ
1216 1675 1321 1720 συμβ.
1349 1674 1417 1712 Dw
1451 1675 1605 1709 omissis
1637 1674 1792 1719 θόρυβος
1818 1673 1851 1708 δ’

427 1722 527 1767 ἔσχεν
559 1722 702 1767 αὐτούς;
743 1722 883 1757 eadem
920 1723 1047 1756 verba
1074 1723 1255 1767 neglegit
1288 1723 1354 1758 Wo
1382 1722 1447 1757 lat.
1637 1722 1660 1756 3
1684 1723 1777 1766 ἔριον
1803 1721 1850 1763 Ι),

427 1769 515 1804 ἰδὼν
533 1769 698 1815 Ewap
806 1770 1042 1814 στρατεύματα
1062 1796 1069 1804 .
1086 1797 1092 1803 .
1110 1797 1117 1804 .
1135 1796 1141 1804 .
1160 1797 1166 1804 .
1184 1796 1191 1804 .
1208 1797 1214 1804 .
1230 1797 1237 1804 .
1255 1796 1262 1804 .
1278 1796 1286 1804 .
1303 1775 1420 1804 πεσεῖν
1447 1769 1504 1804 τὸν
1529 1770 1734 1814 δσμέστικον
1757 1769 1761 1812 Ι
1784 1771 1849 1812 (ΡΧ

429 1828 465 1863 p.
483 1817 564 1861 463,
592 1817 652 1860 20)
681 1817 727 1862 D,
753 1818 988 1861 στρατεύματα
1014 1823 1084 1855 τοῖς
1114 1828 1214 1852 corr.
1243 1817 1309 1854 Dw
1408 1816 1487 1855 τοὺς
1514 1818 1544 1852 Ε
1641 1817 1675 1852 3.
1699 1817 1723 1851 4
1747 1816 1852 1851 αὐτὸν

426 1866 610 1910 ἑγκέκλετο
638 1893 669 1900 .,
686 1891 694 1899 .
722 1865 810 1900 κατὰ
838 1864 884 1907 Ι),
913 1876 1013 1900 corr.
1042 1868 1081 1900 et
1107 1865 1237 1910 supph
1266 1865 1331 1903 Dw
1439 1866 1462 1899 4
1488 1865 1675 1910 ἑγελεύεται
1703 1865 1790 1908 (Sic)
1817 1864 1851 1898 A

476 1913 653 1957 ἓξώρμισε
678 1913 725 1957 Ι),
755 1923 854 1947 corr.
875 1913 943 1950 Dw
1041 1913 1364 1958 τεθοροβωμένους
1390 1912 1436 1957 D,
1465 1923 1566 1947 corr.
1582 1912 1649 1950 Dw
1746 1912 1768 1945 ἶ)
1793 1911 1851 1956 ἒμ-

426 1961 550 2008 βάλων
578 1960 622 2004 D,
650 1971 750 1995 corr.
778 1960 846 1998 Dw
1013 1961 1165 1998 ἅπαντας
1188 1962 1192 2004 Ι
1217 1987 1487 1995 ............
1513 1961 1573 1995 καὶ
1598 1959 1677 1998 τοὺς
1703 1959 1751 2004 D,
1778 1959 1852 1994 lac.

429 2008 558 2054 suppl.
586 2008 654 2046 Dw
751 2008 773 2042 6
799 2009 954 2043 ἔκτειναν
980 2007 1015 2042 D
1129 2010 1161 2043 6.
1190 2009 1210 2043 7
1236 2022 1385 2053 συμπατ.
1412 2008 1615 2043 ἀπώλλυντο
1642 2007 1720 2051 CD,
1748 2017 1851 2042 corr.

429 2056 498 2094 Dw
610 2057 633 2091 8
658 2056 853 2100 ἀποδρᾶναι
880 2056 989 2101 Ewp,
1015 2055 1210 2100 ἀποδράναι
1240 2056 1283 2100 O,
1313 2056 1496 2100 διαδράναι
1524 2055 1569 2097 A,
1597 2065 1698 2090 col'l‘.
1725 2053 1781 2090 Di

477 2104 660 2148 δεδύνηται
680 2103 716 2138 D
818 2104 861 2138 10
885 2103 1005 2149 βωγὰς
1023 2103 1086 2138 BC
1106 2107 1203 2144 (tum
1223 2107 1345 2145 reete)
1442 2104 1656 2143 πατζινάκας
1674 2101 1850 2147 Cwap,

427 2153 641 2192 πατζινακᾶς
668 2151 703 2185 D
827 2151 871 2186 14
897 2152 928 2185 εἰ
954 2151 1097 2196 ἀχθεΐεν
1126 2150 1295 2197 prDi,
1323 2152 1514 2196 εἷςαχθεΐεν
1540 2150 1574 2185 Α
1690 2150 1733 2185 15
1758 2155 1851 2195 σφᾶς

430 2210 506 2260 om'.
526 2199 578 2281 D15
600 2199 730 2245 suppl.
747 2198 815 2237 Dw
915 2199 959 2234 17
984 2199 1190 2239 πατζινάκαι
1219 2199 1286 2234 CI)
1384 2198 1736 2244 διαπληκτιζομένους
1755 2201 1850 2232 ante

427 2261 516 2292 προς

358 2339 500 2374 sticum
535 2338 727 2373 cecidisse
759 2338 868 2381 ratis,
909 2340 954 2372 ut
981 2340 1020 2372 et
1046 2347 1186 2383 pugna
1213 2339 1252 2372 et
1278 2337 1558 2382 persecutione
1585 2336 1757 2371 hostium
1785 2336 1851 2371 ab·

297 2386 344 2421 35
358 2387 553 2422 stinerent
583 2386 785 2431 turbaque
817 2386 1001 2420 oriretur.
1052 2385 1165 2426 Quae
1198 2395 1287 2419 cum
1315 2383 1488 2430 Symeon
1516 2395 1538 2419 e
1564 2383 1728 2429 specula
1755 2394 1850 2428 qua-

359 2435 449 2469 dam
485 2434 661 2477 vidisset,
702 2443 796 2468 suos
829 2433 1063 2468 cohortatus
1095 2435 1236 2467 contra
1262 2432 1463 2467 Romanos
1499 2432 1609 2466 ducit
1634 2431 1849 2476 subitoque

358 2483 397 2516 in
426 2482 683 2527 perturbatos
709 2481 972 2526 impressione
1005 2482 1113 2515 facta
1146 2481 1358 2515 universos
1390 2480 1431 2514 in
1465 2481 1603 2524 fugam
1640 2480 1848 2522 convertit,

358 2530 398 2564 in
426 2539 506 2574 qua
533 2529 632 2564 alios
658 2528 827 2573 Bulgari
853 2529 1027 2563 assecuti
1055 2528 1300 2571 occiderunt,
1334 2527 1400 2562 alii
1426 2528 1597 2562 invicem
1625 2527 1850 2561 conculcati

298 2577 344 2612 36
358 2578 576 2622 perierunt.
603 2575 838 2612 Scholarum
859 2586 956 2611 vero
976 2576 1217 2612 domesticus
1235 2585 1360 2620 aegre
1378 2575 1654 2610 Mesembriam
1673 2574 1850 2609 evadere

359 2625 500 2670 potuit,
527 2623 660 2659 multis
687 2624 806 2659 etiam
833 2623 1005 2658 ducibus
1032 2626 1071 2658 et
1095 2623 1267 2658 tribunis
1293 2627 1376 2657 tum
1403 2622 1636 2657 interfectis,

479 2671 533 2707 17.
584 2671 758 2707 Ioannes
785 2674 919 2706 autem
939 2670 1073 2717 Bogas
1099 2671 1243 2705 missus
1267 2673 1337 2714 est,
1363 2673 1408 2704 ut
1426 2670 1664 2704 I'atzinncos
1687 2669 1738 2703 ad
1758 2668 1849 2703 belli

359 2719 563 2765 Bulgarici
589 2720 821 2754 societatem
849 2718 1081 2762 adduceret,
1113 2718 1316 2752 Romanus
1343 2727 1439 2752 vero
1467 2716 1707 2762 Laeapenus
1732 2716 1850 2762 patri-

359 2768 456 2811 eius,
493 2767 629 2802 classis
655 2766 914 2811 drungarius,
949 2766 1043 2801 litus
1069 2765 1196 2800 classe
1223 2765 1361 2807 legere
1387 2765 1519 2800 iussus
1546 2769 1616 2808 est,
1655 2764 1771 2799 simul
1798 2763 1850 2798 ad

360 2825 474 2860 opem
503 2814 728 2849 scholarum
757 2814 976 2849 domestico
1004 2813 1223 2857 serendam,
1250 2813 1364 2847 simul
1391 2816 1436 2847 ut
1463 2812 1659 2847 adductos
1686 2822 1710 2845 a
1736 2811 1849 2856 Boga

263 2862 296 2897 2.
323 2862 489 2896 3soeios
517 2861 711 2906 quosdam
741 2861 1030 2896 transveheret.
1081 2860 1139 2896 Ac
1166 2861 1277 2895 venit
1295 2860 1430 2905 Bogus
1457 2869 1545 2895 cum
1573 2860 1701 2894 sociis.
1753 2858 1849 2892 Orta

360 2912 493 2944 autem
522 2910 625 2944 inter
656 2910 786 2955 ipsum
820 2912 858 2944 et
884 2908 1144 2955 Laeapenum
1175 2909 1276 2952 rixa,
1316 2907 1520 2945 Patzinaei
1559 2907 1742 2942 videntes
1780 2915 1849 2940 eos
