2054 3282
367 227 438 264 412
749 227 929 265 zoNAn.
957 228 1087 264 ΕΡΙΤ.
1114 228 1205 264 XVI
1231 229 1263 274 6,
1290 229 1417 274 29-7,
1444 229 1476 265 9.

367 349 704 403 παρακαλπάσας
739 350 905 404 μικρόν,
950 349 1033 390 εἶτα
1073 349 1144 391 καὶ
1178 350 1276 392 ὅλον
1307 351 1425 404 αὐτῷ
1454 350 1525 392 τὸν
1556 351 1714 406 ῥυτῆρα
1746 352 1858 394 ἐνόέ-

308 423 356 458 30
370 418 485 459 ὂωκέ
527 435 568 459 τε
611 418 681 459 καὶ
725 418 987 466 ἐξιππάσατο.
1048 419 1161 473 ἥσθη
1200 418 1359 465 τούτοις
1395 419 1419 459 ὁ
1455 419 1645 473 βασιλεὺς
1683 420 1754 462 καὶ
1789 420 1860 462 τὸν

367 486 586 527 Βασίλειον
615 486 896 540 προσελάβετο
927 485 998 527 καὶ
1028 491 1113 532 τοῖς
1142 487 1368 541 βασιλικοῖς
1397 487 1649 542 ἱπποκόμοις
1670 489 1861 537 συνέταξε

367 554 438 595 καὶ
469 554 632 608 προϊὼν
668 554 739 595 καὶ
776 554 1129 609 πρωτοστράτορα
1167 554 1238 596 τὸν
1281 555 1415 608 ἄνδρα
1460 555 1646 610 ἐτίμησεν
1691 555 1733 611 (ἡ
1766 556 1860 604 ἀξία

309 628 351 663 31
370 621 414 662 δὲ
445 626 529 664 τῶν
561 623 779 676 ἐπισήμων
809 622 880 664 καὶ
910 626 995 664 τῶν
1026 624 1311 677 ᾠκειωμένων
1341 629 1402 677 τῷ
1431 623 1622 678 βασιλεῦ’
1666 624 1735 666 καὶ
1767 625 1896 669 ἐπε-5

370 691 487 732 δίδου
525 690 627 731 καθ’
667 690 843 745 ἑκάστην
874 692 899 745 ἡ
932 691 1026 745 περὶ
1062 691 1133 733 τὸν
1165 691 1381 733 Βασίλειον
1418 696 1491 733 τοῦ
1527 692 1732 746 βασιλέως
1771 693 1858 734 διά-

158 759 496 812 κν111133θεσις,
541 758 612 800 καὶ
650 762 848 800 τοσοῦτον
880 760 941 806 ὡς
972 760 1043 801 καὶ
1074 761 1130 807 εἰς
1161 760 1328 814 φθόνον
1359 764 1521 815 κινῆσαι
1551 759 1623 802 τὸν
1656 760 1859 814 Καίσαρα.

113 827 351 869 P11165A7
486 827 601 868 Ποτὲ
633 827 679 869 δὲ
710 831 780 882 τῆς
811 832 884 869 τοῦ
916 829 1122 883 βασιλέως
1151 827 1312 883 μητρὸς
1343 829 1670 883 συνεστιωμένης
1699 834 1761 883 τῷ
1782 830 1860 884 βα-

369 896 471 937 σιλεῖ
497 895 521 937 ὁ
551 897 891 951 πρωτοστράτωρ
916 897 1136 951 εἶσεκλήθη
1160 897 1375 942 Βασίλειος
1402 901 1522 938 τοῦτο
1554 902 1626 939 τοῦ
1657 898 1862 952 βασιλέως

333 965 647 1012 Ξκελεύσαντος.
724 965 795 1006 καὶ
838 966 863 1020 ἡ
903 965 1117 1020 βασίλισσα
1162 969 1349 1019 συνεχῶς
1392 966 1508 1019 αὐτῷ
1551 967 1749 1021 ἐνητένιζε
1791 966 1861 1008 καὶ
1877 973 1922 1009 10

369 1034 485 1087 ἑώρα
522 1033 594 1075 τὸν
634 1033 767 1087 ἄνδρα
804 1033 1132 1088 περιεργότερον,
1177 1033 1259 1074 εἶτα
1303 1033 1374 1075 καὶ
1417 1034 1675 1088 ἀπεφοίβασε
1717 1039 1862 1076 τοῦτον

368 1101 469 1143 εἶναι
499 1101 571 1143 τὸν
603 1102 776 1157 ὀλετῆρα
808 1106 881 1144 τοῦ
914 1103 1059 1156 γένους
1090 1103 1228 1157 αὐτῆς,
1273 1103 1320 1143 ἔκ
1359 1118 1482 1144 τινων
1518 1103 1703 1157 σημείων
1741 1107 1861 1145 τοῦτο

369 1175 537 1225 γνοῦσα,
582 1170 644 1216 ὡς
686 1171 809 1225 ἔλεγε,
854 1171 980 1212 πάλαι
1017 1171 1121 1226 αὐτῇ
1160 1172 1479 1225 γνωρισθέντων
1517 1172 1563 1212 ἐκ
1600 1174 1673 1212 τοῦ
1706 1172 1860 1213 οἰκείου

333 1243 355 1278 3
369 1239 534 1293 ἀνδρός.
597 1239 698 1280 ἀλλὰ
720 1244 782 1293 τῷ
803 1239 974 1294 Μχαὴλ
995 1243 1120 1281 ταῦτα
1143 1240 1271 1294 λῆρος
1292 1239 1427 1281 ἐδόκει
1448 1239 1518 1280 καὶ
1550 1239 1673 1281 οὐδὲν
1704 1240 1861 1294 ἀπῆγεν

370 1307 497 1349 αὐτὸν
527 1311 600 1362 τῆς
631 1307 794 1354 εὐνοίας
824 1312 896 1363 τῆς
926 1307 1019 1362 περὶ
1050 1307 1120 1349 τὸν
1151 1307 1381 1362 Βασίλειον,
1427 1308 1507 1362 ἤδη
1548 1308 1593 1349 δὲ
1623 1307 1694 1349 καὶ
1722 1323 1859 1362 παρα·
1875 1315 1920 1351 15

333 1376 639 1430 4κοιμώμενον
683 1375 810 1417 αὐτὸν
852 1376 1118 1431 προεβάλετο.
1180 1376 1251 1417 καὶ
1293 1381 1413 1418 τοῦτο
1454 1376 1499 1419 δὲ
1537 1381 1608 1431 τῆς
1645 1376 1751 1418 κατὰ
1788 1381 1861 1419 τοῦ

369 1444 589 1486 Βασιλείου
620 1444 851 1498 βασκανίας
883 1444 1063 1490 ἐπίδοσις
1093 1450 1154 1499 τῷ
1185 1445 1366 1499 Καίσαρι
1398 1446 1552 1499 γέγονε,
1585 1445 1655 1486 καὶ
1686 1445 1861 1500 ἐπεβού-

367 1513 459 1554 λευε
490 1517 551 1566 τῷ
583 1512 704 1567 ἀνδρὶ
734 1513 805 1554 καὶ
834 1510 935 1567 παρ’
969 1514 1097 1554 αὐτοῦ
1130 1514 1508 1568 ἀντεπεβουλεύετο.

367 1643 390 1678 8
413 1642 493 1687 περὶ
519 1647 578 1687 τῆς
602 1643 835 1688 προρρήσεως
861 1648 920 1688 τῆς
944 1642 1077 1688 μητρὸς
1103 1649 1164 1678 τοῦ
1188 1643 1360 1689 βασιλέως
1393 1649 1452 1689 τῆς
1477 1644 1557 1688 περὶ
1588 1649 1647 1679 τοῦ
1673 1643 1860 1679 Βασιλειόυ

367 1692 441 1735 (τῆς
458 1691 731 1726 π.-Βασιλείου
760 1701 835 1726 om.
862 1691 908 1733 E)
935 1690 997 1726 ΟΕ
1098 1691 1140 1725 16
1166 1692 1216 1725 ὅτι
1245 1691 1474 1737 ἐπεβούλευον
1501 1691 1662 1737 ἀλλήλοις
1686 1692 1707 1727 0‘
1723 1693 1860 1737 Καῖσαρ

368 1739 511 1784 (καίσαρ
538 1737 579 1784 C,
606 1750 643 1774 v.
667 1739 720 1773 ad
746 1749 782 1784 p.
810 1738 890 1783 413,
917 1738 955 1781 2)
981 1738 1040 1773 καὶ
1066 1739 1086 1773 ὁ
1107 1739 1290 1778 Βασίλειος
1317 1739 1345 1775 C

443 1867 460 1902 1
487 1867 765 1912 παρακαλπάσας
790 1865 932 1903 ARDw
960 1869 1010 1909 (v.
1037 1867 1140 1902 Plut.
1165 1866 1279 1903 Alex.
1307 1878 1338 1902 e.
1364 1867 1412 1910 6),
1443 1867 1685 1912 παρακαλέσας
1712 1867 1759 1912 D,
1792 1867 1860 1902 du-

439 1915 550 1950 bium
575 1915 836 1959 περικαλπάσας
863 1914 912 1948 Sit
938 1926 990 1950 an
1015 1916 1291 1959 παρακαλπάσας
1317 1916 1357 1949 in
1384 1915 1426 1958 B,
1456 1915 1715 1958 περικαλπάσας
1739 1913 1862 1961 wpDc'

487 1963 590 2008 φίλον
616 1963 663 2006 D,
690 1963 750 1998 καὶ
775 1964 855 1998 ὅλον
882 1971 981 1998 corr.
1010 1963 1077 2000 Dw
1176 1963 1198 1998 2
1224 1977 1258 1997 τε
1287 1974 1360 1998 om.
1380 1963 1411 1997 E
1507 1963 1530 1997 4
1554 1962 1859 2007 πρωτοστράτορα]

440 2021 477 2045 V.
504 2011 556 2045 ad
583 2010 675 2046 XVI
701 2011 734 2055 6,
760 2011 807 2045 22
903 2010 936 2045 4.
964 2011 986 2046 5
1013 2010 1051 2045 δὲ
1076 2011 1156 2052 ἀξία
1183 2011 1278 2055 Ewp
1375 2011 1397 2045 9
1422 2010 1717 2055 πρωτοστράτωρ]
1745 2021 1783 2045 V.
1809 2010 1861 2045 ad

439 2057 531 2094 XVI
557 2058 589 2099 6,
616 2057 663 2093 22
761 2058 803 2093 11
831 2059 1044 2105 ἑπεφοίβασε
1072 2059 1102 2093 Ε
1201 2059 1244 2093 15
1270 2058 1328 2093 καὶ
1355 2057 1522 2103 prDz',
1551 2069 1625 2093 om.
1651 2057 1686 2092 A

367 2190 442 2230 tus,
469 2187 582 2222 freno
612 2187 810 2233 prehenso
837 2197 986 2232 equum
1014 2198 1104 2222 cum
1131 2197 1354 2232 poppysmo
1374 2186 1573 2222 demulcet
1592 2189 1631 2221 et
1656 2196 1743 2221 sese
1768 2185 1860 2221 levi-

367 2238 427 2270 ter
453 2235 634 2277 allexffians
653 2235 886 2270 conscendit
912 2239 951 2270 et
977 2245 1024 2270 eo
1052 2235 1223 2280 primum
1253 2234 1413 2279 quidem
1441 2234 1663 2279 paullulum
1690 2233 1861 2278 placato,

306 2280 353 2315 30
368 2285 457 2327 post
475 2283 595 2318 etiam
614 2286 697 2318 toto
717 2283 877 2328 flagello
906 2283 1117 2327 concitato,
1145 2282 1333 2318 excurrit.
1385 2282 1442 2316 Ea
1468 2291 1512 2316 re
1539 2281 1761 2316 delectatus
1787 2291 1860 2315 rex

367 2330 558 2366 Basilium
595 2330 700 2365 inter
739 2331 873 2376 regios
913 2331 1126 2376 equisones
1164 2332 1288 2365 refert
1326 2340 1374 2364 ae
1414 2339 1633 2374 progressu
1670 2329 1860 2373 temporis

368 2381 699 2423 protostrator-em
726 2377 924 2423 designat,
953 2378 1020 2423 qui
1054 2378 1181 2413 honos
1214 2381 1274 2412 est
1299 2377 1469 2422 insignis
1495 2385 1628 2420 neque
1655 2375 1809 2411 alienus
1836 2386 1860 2410 a

306 2422 349 2458 31
367 2426 475 2470 regis
493 2425 776 2461 familiaritate.
827 2425 1001 2460 Tantum
1020 2429 1154 2460 autem
1182 2425 1290 2469 regis
1316 2423 1599 2459 benevolentia
1626 2433 1726 2468 erga
1751 2423 1859 2458 illum

366 2473 407 2507 in
432 2472 518 2508 dies
543 2473 784 2518 augebatur,
811 2477 856 2508 ut
884 2476 922 2508 et
949 2472 1113 2508 Caesari
1138 2472 1361 2507 invidiosus
1387 2474 1502 2506 esset.

486 2521 517 2556 7.
569 2520 667 2556 Cum
694 2531 792 2556 vero
825 2530 898 2555 rex
926 2520 1145 2565 aliquando
1183 2524 1349 2554 matrem
1388 2529 1500 2554 suam
1530 2518 1716 2553 convivio
1745 2527 1858 2553 exee-

369 2568 506 2612 pisset,
554 2568 668 2602 iussu
706 2568 810 2603 illius
851 2569 971 2603 etiam
1011 2567 1179 2602 Basilius
1223 2569 1490 2612 protostrator
1528 2568 1588 2600 est
1623 2565 1858 2600 advocatus.

330 2613 467 2650 2Eum
493 2616 637 2661 regina
664 2615 805 2650 defixis
833 2615 958 2650 oculis
984 2615 1234 2650 continenter
1260 2614 1494 2649 intuebatur
1513 2623 1643 2657 eoque
1662 2613 1859 2647 curiosius

368 2666 578 2708 perspecto
607 2663 717 2698 velut
742 2663 907 2698 numine
934 2662 1068 2697 afflata
1095 2662 1196 2697 dixit
1233 2661 1341 2696 illum
1381 2671 1467 2695 esse
1507 2665 1657 2706 pestem
1684 2660 1859 2694 familiae

366 2719 465 2745 suae
490 2710 613 2755 idque
640 2721 682 2745 se
708 2720 827 2745 nosse
853 2710 903 2745 de
929 2710 1054 2755 signis
1082 2709 1323 2754 quibusdam
1350 2709 1424 2743 sibi
1454 2708 1546 2743 olim
1575 2718 1599 2742 a
1617 2708 1759 2742 marito
1784 2717 1857 2742 suo

330 2756 563 2792 Bindicatis.
614 2757 762 2792 Verum
789 2757 958 2792 Michael
983 2767 1055 2802 pro
1082 2756 1203 2801 nugis
1229 2767 1276 2791 ea
1303 2756 1452 2799 habuit,
1486 2756 1595 2790 nulla
1622 2766 1665 2790 re
1691 2765 1715 2789 a
1744 2754 1858 2789 bene-

369 2805 546 2839 volentia
571 2815 671 2850 erga
696 2804 888 2840 Basilium
915 2815 958 2840 se
984 2804 1132 2839 abduci
1159 2814 1312 2849 passus,
1351 2813 1524 2848 eumque
1550 2803 1712 2837 tandem
1739 2802 1858 2837 etiam

331 2850 660 2886 4eubieularium
687 2853 798 2896 fecit3
839 2862 918 2898 quo
946 2851 1129 2888 Caesaris
1167 2851 1208 2886 in
1234 2850 1423 2885 Basilium
1462 2850 1614 2885 invidia
1640 2853 1759 2883 aucta
1787 2852 1857 2892 est,

367 2902 412 2934 ut
438 2899 568 2935 virum
594 2900 748 2935 insidiis
775 2903 984 2945 appeteret
1010 2900 1060 2935 ab
1088 2909 1219 2944 eoque
1245 2898 1419 2934 vicissim
1446 2900 1715 2943 appeteretur.
