1968 3302
292 216 316 256 2
708 210 889 255 ZONAR.
916 214 1047 253 EPIT.
1074 208 1170 252 XIII
1198 214 1228 260 1,
1253 208 1381 253 5-13.

258 345 280 382 5
413 341 721 395 Διαδεξάμενος
761 339 805 381 δὲ
841 339 915 394 τὴν
958 338 1168 393 βασιλείαν
1210 337 1285 392 τὴν
1326 340 1532 395 πατρικὴν
1576 340 1680 396 ἦρχε
1722 344 1795 397 τῆς

295 410 547 463 Βρεττανίας
577 425 619 449 τε
650 408 721 450 καὶ
752 411 837 449 τῶν
860 407 1050 448 ’Άλπειον
1082 406 1153 447 καὶ
1185 406 1251 448 ἐπὶ
1281 408 1446 455 ταύταις
1475 412 1562 450 τῶν
1589 408 1793 458 Γαλλιῶν,

294 480 348 520 ἔτι
379 483 428 533 τῇ
459 482 544 519 τῶν
569 477 782 531 Ἑλλήνιον
814 476 1021 530 θρησκείᾳ
1051 475 1355 528 προσκείμενος
1386 476 1457 518 καὶ
1493 481 1577 522 τοῖς
1613 492 1792 531 χριστια-

293 550 379 592 νοῖς
411 546 701 600 ἅτ’τικεῄιιετὀς,
749 544 865 598 παραὶ
904 544 1099 588 Φαύστας
1136 547 1208 597 τῆς
1247 549 1427 599 γαμετῆς
1464 546 1521 591 εἰς
1559 545 1685 600 ζῆλον
1721 550 1794 600 τῆς

292 618 378 656 τῶν
409 615 599 656 εἰδώλων
636 618 755 668 τιμῆς
794 612 1115 666 ἐκκαλούμενος.
1178 612 1370 667 ’θυγάτηρ
1403 611 1440 654 δ’
1474 612 1526 667 ἦν
1558 614 1583 668 ἡ
1622 613 1830 657 Φαῦστα5

292 686 366 724 τοῦ
398 682 688 736 ιΜαξιμιανοῦ·
737 680 862 726 αὗτὸς
896 680 974 733 γὰρ
1007 680 1078 720 καὶ
1109 679 1134 720 ὁ
1164 680 1302 735 πατὴρ
1334 681 1535 736 ἀδελφαῖς
1572 681 1795 736 συνῴκουν

295 751 397 792 δυσί

257 825 279 859 6
421 819 562 873 Τριῶν
595 818 632 860 δ’
667 819 802 859 ὄντων
833 821 919 859 τῶν
949 818 1171 872 βασιλέων,
1210 819 1339 860 αὐτοῦ
1372 820 1693 861 Κωνσταντίνου
1725 820 1797 862 καὶ

293 887 506 929 Λικιννίου
538 888 606 929 καὶ
640 888 892 939 ΆΙαξε-ντίου,
941 887 988 932 ὃς
1026 887 1070 927 ἓν
1107 891 1157 941 τῇ
1194 886 1336 941 Ῥώμῃ
1378 887 1449 928 καὶ
1487 888 1531 929 ἓν
1566 892 1616 943 τῇ
1648 888 1796 943 Ἰταλίᾳ

106 956 468 1009 ΡΙῐὲΑέκράτει,
503 955 527 996 ὁ
560 956 794 1003 ΛῙαξέ-ντιος
826 952 949 1000 οὗτος
981 955 1059 1008 οὐχ
1092 955 1154 1000 ὡς
1184 955 1390 1009 βασιλεύς,
1431 954 1518 997 ἀλλ’
1553 957 1615 1002 ὡς
1645 957 1795 1011 τύραν-
1812 965 1858 1000 10

294 1041 366 1070 νος
403 1025 597 1077 ἄντικρυς
637 1024 762 1078 διῆγε,
812 1023 977 1064 πλεῖστα
1018 1023 1129 1064 δεινὰ
1168 1023 1239 1064 καὶ
1277 1024 1411 1065 ἄτοπα
1447 1029 1531 1071 τοῖς
1562 1024 1632 1066 ’ὑπ’
1666 1025 1796 1067 αὐτοῦ

258 1100 281 1136 7
295 1093 643 1147 τυραννουμένοις
676 1092 861 1146 ἐπάγων,
895 1091 956 1138 ὡς
987 1091 1068 1145 ἤδη
1101 1107 1173 1145 μοι
1207 1092 1524 1146 ἀναγέγραπται.
1569 1094 1595 1134 ἃ
1626 1093 1686 1149 μὴ
1720 1094 1795 1149 φέ-

293 1178 435 1215 ροντες
466 1163 506 1203 οἱ
538 1162 581 1203 ἓν
612 1166 661 1216 τῇ
689 1161 832 1215 Ῥώμῃ
874 1161 1174 1214 διαπέμπονται
1211 1160 1320 1214 πρὸς
1356 1160 1428 1202 τὸν
1468 1161 1796 1216 Κωνσταντῖνον,

257 1230 526 1279 8ἀπαλλάξαι
559 1234 670 1285 σφᾶς
701 1235 774 1284 τῆς
805 1230 1050 1283 τυραννίδος
1080 1234 1153 1270 τοῦ
1186 1229 1424 1277 Μαξεντίου
1465 1230 1668 1285 δεόμενοι..
1731 1231 1795 1272 ἒν-

292 1299 440 1340 τεῦθεν
476 1299 585 1353 πρὸς
625 1299 872 1352 καθαίρεσιν
912 1298 1042 1339 αὐτοῦ
1083 1298 1330 1339 διανίσταται
1367 1298 1438 1339 καὶ
1476 1299 1684 1352 στρατεύει
1726 1298 1798 1340 καὶ
1813 1307 1857 1342 15

292 1367 402 1422 πρὸς
437 1367 512 1422 τὴν
543 1367 711 1422 Ῥώμην
749 1371 896 1422 χωρεῖ·
961 1367 984 1407 ὁ
1023 1367 1070 1408 δέ
1108 1382 1153 1420 γε
1185 1364 1417 1414 Μἀξὲντιος
1461 1367 1527 1408 ἐπὶ
1568 1366 1676 1408 πολὺ
1718 1366 1798 1421 μὲν

294 1436 409 1483 ἐντὸς
439 1437 632 1491 καθῆστο
662 1439 822 1490 τειχῶν,
855 1436 914 1490 μὴ
949 1434 1199 1483 ἀντεπεξιὼν
1229 1439 1314 1481 τοῖς
1339 1436 1635 1489 πολιορκοῦσιν
1656 1435 1922 1490 αὖτόν,1)ΙΙΙ
1942 1441 1968 1476 1⁴

295 1591 314 1625 1
342 1592 538 1636 σημείωσαι
565 1589 611 1635 Α,
640 1591 835 1636 σημείωσαι
864 1590 985 1632 ξένους
1001 1589 1048 1635 (P)
1076 1590 1107 1626 E
1261 1590 1306 1625 14
1330 1590 1533 1635 ἕκστρατειά
1560 1595 1620 1626 τοῦ
1645 1590 1799 1636 μεγάλου

294 1639 563 1674 Κωνσταντίνου
591 1639 634 1683 (τ.
660 1653 697 1684 μ.
724 1640 770 1673 K.
798 1649 873 1674 om.
903 1639 947 1681 E)
975 1638 1065 1674 κατὰ
1090 1639 1291 1680 Μαξεντιόυ
1318 1638 1380 1674 OE

367 1783 390 1818 2
415 1784 599 1829 βρετανίας
624 1783 674 1818 BS
690 1783 791 1830 pr
806 1782 863 1818 Di
1076 1783 1099 1818 5
1125 1788 1264 1828 φαῦστα
1291 1782 1372 1828 AR,
1400 1784 1538 1828 φαύστα
1564 1782 1614 1818 BS
1628 1782 1729 1830 pr
1743 1781 1801 1818 Dz'

369 1831 390 1866 7
417 1832 516 1866 δυσίν
542 1830 578 1866 Α
608 1832 730 1876 1'also3
770 1842 863 1866 nam
904 1832 1117 1866 consuevit
1156 1830 1333 1867 Zonaras
1373 1835 1550 1867 exeunte
1589 1831 1800 1867 enuntiato

368 1890 450 1915 non
486 1879 680 1915 adhibere
707 1894 726 1914 ν
750 1879 1018 1924 ἐφελκυστικόν,
1059 1879 1135 1914 nisi
1175 1880 1381 1924 sequentis
1418 1880 1618 1914 enuntiati
1656 1879 1801 1925 princi-

369 1927 738 2010 Pffimsssssdrmem
768 1926 1424 2011 ‘⁷⁰‘³23¹iimtz‘520521333000232232..1-
1462 1975 1504 2019 <v
1528 1926 1678 2010 iffi
1692 1926 1802 2010 “3233

369 1985 402 2067 ῗ,
431 2002 501 2066 lb),
538 1986 686 2058 λικινῐίου
713 2022 815 2068 pr
831 2021 888 2058 Di
908 2001 1165 2068 ⁹constantem
1193 2034 1230 2058 v.
1247 2001 1606 2069 Dittenbergerum
1632 2000 1802 2058 Hermes

369 2081 405 2106 a.
432 2070 526 2106 1872
551 2081 588 2116 p.
605 2071 685 2106 152.
807 2071 844 2105 ἓν
869 2076 911 2116 τῇ
937 2074 1027 2116 post
1053 2070 1114 2105 καὶ
1141 2082 1216 2106 om.
1244 2071 1274 2106 Ε
1398 2071 1442 2106 12
1468 2069 1734 2116 ἀναγέγραπται]
1763 2069 1802 2105 II

369 2129 407 2165 p.
434 2118 515 2163 620,
544 2118 587 2154 11
603 2128 654 2155 ss.
791 2118 836 2154 13
861 2118 919 2153 τὸν
946 2129 1020 2154 om.
1048 2118 1083 2152 D

261 2275 285 2311 5
419 2273 495 2317 Qui
520 2279 709 2322 suscepto
743 2278 914 2322 paterno
951 2286 1091 2322 regno,
1131 2274 1365 2311 Britanniae
1391 2274 1562 2321 Alpibus
1595 2279 1635 2311 et
1661 2275 1801 2312 Galliis

298 2323 525 2370 imperavit,
552 2333 809 2369 paganorum
833 2323 968 2359 adhuc
993 2324 1181 2369 religioni
1209 2323 1396 2358 addictus
1423 2327 1462 2358 et
1488 2323 1723 2359 Christianis
1744 2325 1800 2360 in-

299 2371 451 2415 fensus,
487 2370 639 2407 Fausta
664 2381 795 2407 uxore
822 2371 875 2407 ad
901 2372 1210 2407 simulacrorum
1239 2371 1390 2407 cultum
1418 2381 1509 2406 eum
1539 2374 1799 2416 provocante.

265 2421 267 2423 '
298 2418 395 2454 Erat
421 2421 557 2455 autem
582 2418 734 2455 Fausta
759 2418 995 2455 Maximiani
1021 2419 1121 2463 filia;
1161 2429 1254 2453 nam
1281 2419 1367 2464 ipse
1393 2422 1431 2454 et
1459 2422 1574 2464 pater
1607 2419 1708 2454 duas
1740 2430 1799 2455 so-

298 2476 411 2502 rores
437 2467 478 2501 in
504 2467 761 2502 matrimonio
787 2467 1005 2502 habebant.

262 2514 285 2549 6
419 2513 517 2550 Cum
544 2524 643 2550 vero
670 2518 751 2550 tres
778 2518 912 2550 essent
930 2524 1060 2560 reges,
1089 2513 1387 2557 Constantinus,
1415 2513 1607 2559 Licinius,
1635 2514 1797 2551 Maxen-

299 2562 389 2605 tius,
428 2562 492 2596 hic
518 2562 670 2598 Romae
702 2565 741 2598 et
774 2564 814 2598 in
839 2562 956 2598 Italia
993 2572 1130 2597 rerum
1165 2561 1315 2607 potitus
1353 2572 1435 2597 non
1475 2572 1548 2607 pro
1587 2572 1687 2609 rege
1724 2563 1796 2599 sed

299 2609 420 2654 plane
447 2620 519 2655 pro
547 2612 722 2655 tyranno
750 2620 793 2646 se
806 2610 978 2656 gerebat
996 2611 1226 2655 importune
1245 2611 1284 2644 et
1304 2609 1521 2645 crudeliter
1538 2610 1580 2645 in
1598 2620 1668 2646 eos
1685 2620 1797 2657 gras-

300 2656 440 2701 sando,
468 2657 616 2701 quibus
644 2657 950 2693 dominabatur:
989 2656 1331 2702 quemadmodum
1356 2657 1436 2692 iam
1463 2667 1487 2692 a
1513 2668 1577 2693 me
1602 2659 1798 2705 perscrip-

265 2705 385 2740 7tum
412 2707 482 2739 est.
534 2704 647 2746 Quae
673 2705 845 2740 Romani
878 2705 988 2740 haud.
1018 2704 1189 2740 ferenda
1224 2705 1301 2739 rati
1338 2705 1495 2750 legatos
1527 2705 1579 2740 ad
1607 2705 1799 2742 Constan-

301 2751 430 2786 tinum
447 2751 658 2796 missitant,
685 2756 730 2787 ut
743 2752 936 2789 Maxentii
951 2752 1169 2798 tyrannide
1183 2753 1293 2797 ipsos
1307 2751 1498 2788 liberaret
1513 2753 1798 2799 supplicantes.

265 2798 374 2834 8His
400 2799 590 2843 precibus
617 2799 669 2834 ad
696 2800 927 2845 pellendum
953 2800 1063 2835 illurn
1090 2803 1312 2835 commotus
1338 2799 1505 2835 Romam
1533 2811 1676 2836 versus
1707 2811 1799 2836 cum

303 2846 487 2881 exercitu
513 2846 797 2892 proficiscitur-3
836 2847 1065 2884 Maxentius
1090 2857 1200 2889 vero,
1228 2856 1317 2882 cum
1345 2846 1414 2882 diu
1441 2848 1548 2883 intra
1571 2849 1731 2885 moenia
1757 2859 1800 2885 se

304 2893 530 2929 contineret
556 2903 631 2929 nec
658 2895 697 2929 in
726 2896 852 2931 aciem
881 2899 1021 2932 contra
1048 2905 1117 2932 eos
1143 2905 1166 2931 a
1186 2895 1332 2943 quibus
1353 2895 1616 2932 obsidebatur
1635 2896 1800 2934 descen-
