1968 3302
278 224 346 266 112
634 223 816 266 ZONAR.
843 223 975 265 EPIT.
1001 221 1098 263 xm
1124 224 1180 273 23,
1205 221 1358 275 cio—24,
1384 224 1418 265 8.

156 353 187 389 Β
214 354 258 389 41
272 351 350 405 μὲν
381 351 491 394 πάνυ
524 351 599 394 σὺν
630 357 691 406 τῷ
721 351 857 405 πατρί,
892 350 988 396 τοὺς
1021 347 1057 391 δ’
1091 349 1242 396 ἄλλους
1271 348 1374 393 καθ’
1407 352 1568 394 ἑαυτόν.
1629 351 1703 407 τὴν
1735 346 1772 394 δ’

274 421 404 461 αἰτίαν
434 425 506 475 τῆς
537 421 666 462 αὐτοῦ
697 420 884 474 τελευτῆς
916 420 956 460 οἳ
985 419 1064 473 μὲν
1093 418 1220 460 νόσον
1252 420 1461 473 γεγονέναι
1492 421 1633 475 φασίν,
1665 422 1705 462 οἱ
1734 418 1772 463 δ’

274 490 317 530 ἓν
348 489 466 543 θήρᾳ
499 490 539 530 οἱ
570 489 780 530 ἐλαύνοντι
812 491 1035 542 συμπεσεῖν
1065 486 1136 528 τὸν
1168 488 1294 529 ἱππον
1326 488 1547 542 ἱστόρησαν
1577 489 1648 530 καὶ
1669 489 1772 544 πλη-

212 561 260 595 42
274 558 428 611 γέντων
467 558 585 611 αὐτῷ
621 557 798 610 καιρίων
834 560 980 610 μερῶν
1019 555 1107 610 μετ’
1149 556 1287 610 ὀλίγον
1323 557 1480 598 θανεῖν.
1542 557 1594 612 ἦν
1627 558 1672 599 δὲ
1702 558 1772 599 λο-

274 630 391 680 γικῆς
421 625 610 671 παιδείας
642 626 722 666 οὐκ
754 624 1015 679 ἀνομίλητος,
1054 624 1156 666 ἀλλὰ
1187 625 1258 666 καὶ
1289 629 1374 667 τῶν
1405 626 1544 668 ἄλλων
1574 629 1808 682 μετεσχη-5

272 694 363 740 κὼς
393 695 709 748 μαθηματικῶν
739 693 899 748 βίβλων
930 693 1001 735 καὶ
1031 698 1104 748 τῆς
1135 694 1413 748 ἀστρονομίας
1444 695 1572 749 αὐτῆς
1597 695 1771 749 ἀπεγεύ-

212 766 259 802 43
273 775 393 804 σατο·
441 762 624 803 ἱππεύειν
667 762 738 803 καὶ
775 762 954 810 τοξεύειν
994 763 1051 808 εἷς
1082 763 1216 817 ἄκρον
1246 763 1416 817 ἤσκητο,
1460 764 1531 804 καὶ
1561 763 1670 818 πρὸς
1699 764 1774 819 τὴν

211 835 258 870 44
274 831 485 886 γραφικὴν
516 831 562 872 δὲ
593 831 664 872 καὶ
694 831 768 885 τὴν
798 830 1026 885 πλαστικὴν
1059 831 1206 879 δεξιῶς
1237 831 1356 886 εἶχεν.
1419 831 1600 886 ἐπιεικὴς
1632 832 1677 874 δὲ
1701 832 1773 874 τὸν

271 900 428 953 τρόπον
460 899 683 954 γενόμενος
712 899 953 953 μαλθακῶς
982 900 1091 953 πρὸς
1115 901 1387 954 μεταχείρισιν
1407 901 1669 954 πραγμάτων
1691 901 1772 943 διέ-

271 980 398 1010 κειτο·
439 969 541 1010 ὅθεν
572 968 643 1010 καὶ
675 969 716 1009 οἳ
744 965 845 1022 παρ’
879 969 997 1022 αὐτῷ
1030 968 1277 1023 δυνηθέντες
1308 968 1494 1023 ἐκτομίαι
1524 969 1656 1011 πολλὰ
1687 974 1773 1012 τῶν
1788 977 1834 1012 10

272 1038 322 1078 οὗ
356 1037 538 1079 δεόντων
569 1037 825 1091 εἰργάσαντο,
858 1037 882 1078 ὁ
912 1036 1119 1092 Ἀντίοχος
1149 1037 1221 1079 καὶ
1250 1035 1338 1092 μετ’
1372 1038 1530 1079 ἐκεῖνον
1556 1038 1773 1092 Ἀμάντιος

271 1106 342 1147 καὶ
372 1106 600 1152 τελευταῖος
629 1105 894 1160 Χρυσάφιος.

164 1179 193 1216 C
211 1179 257 1214 45
393 1174 460 1216 Ἐν
496 1179 581 1220 τοῖς
619 1174 787 1229 χρόνοις
827 1175 872 1216 δὲ
909 1175 1058 1217 τούτου
1089 1179 1163 1217 τοῦ
1193 1175 1410 1230 βασιλέως,
1455 1175 1659 1228 Πρόκλου
1697 1180 1771 1218 τοῦ

271 1244 532 1298 πατριάρχου
554 1243 835 1289 λιτανεύοντος
863 1243 938 1285 σὺν
969 1249 1031 1298 τῷ
1061 1244 1210 1299 κλήρῳ
1241 1244 1312 1285 καὶ
1342 1244 1519 1298 πλείστῳ
1549 1245 1666 1299 μέρει
1696 1249 1770 1287 τοῦ

210 1318 256 1353 46
269 1313 464 1368 πλήθους
494 1317 567 1367 τῆς
596 1312 774 1362 πόλεως,
815 1313 941 1367 ἄφνω
978 1312 1144 1354 παιδίον
1175 1314 1330 1367 αἶρεται
1361 1313 1557 1367 ἐναέριον.
1619 1317 1692 1355 τοῦ
1725 1313 1771 1355 δὲ
1786 1318 1831 1353 15

270 1382 375 1423 λαοῦ
392 1382 700 1436 θαμβουμένου
717 1382 788 1423 καὶ
805 1381 870 1422 ἐπὶ
891 1381 1079 1423 πλεῖστον
1099 1383 1290 1436 βοῶντος
1309 1381 1356 1423 τὸ
1372 1381 1535 1435 “K-139⁶&
1551 1382 1769 1437 ἐλέησον”,

74 1455 197 1492 WIII
210 1455 257 1490 38
271 1449 396 1496 αὖθις
433 1450 652 1503 κατάγεται
689 1450 736 1491 τὸ
772 1450 951 1504 παιδίον,
995 1450 1117 1504 λέγον
1146 1451 1364 1505 μυηθῆναι
1394 1450 1454 1505 μὴ
1489 1451 1572 1492 δεῖν
1602 1452 1769 1506 προστί-

270 1519 426 1561 θεσθαι
456 1524 518 1572 τῷ
557 1519 768 1573 Τρισαγίῳ
799 1519 846 1560 τὸ
877 1519 933 1560 “ὁ
965 1519 1227 1574 σταυρωθεὶς
1259 1517 1310 1561 δι’
1343 1520 1500 1574 ἡμᾶς”,

269 1649 294 1684 4
319 1649 391 1688 οἶος
416 1649 460 1695 ἧν
485 1650 506 1683 ὁ
534 1649 720 1687 Θεοδόσιος
748 1648 810 1685 CE
909 1649 954 1685 13
980 1651 1174 1695 σημείωσαι
1197 1648 1242 1694 A,
1268 1649 1346 1694 περὶ
1372 1655 1433 1685 τοῦ
1459 1650 1671 1695 ἇρπαγέντος
1694 1663 1770 1686 παι-

271 1698 350 1733 δίου
375 1697 412 1732 ἒν
437 1703 487 1742 τῷ
513 1697 588 1742 ἀέρι
618 1697 649 1731 Ε

343 1818 366 1853 2
383 1817 500 1862 νόσον]
522 1828 558 1852 v.
574 1816 779 1861 Ioannem,
806 1817 931 1854 Nikiu
950 1818 1087 1863 oppidi
1107 1818 1352 1863 episcopum,
1380 1818 1402 1853 1.
1419 1828 1451 1853 e.
1470 1829 1507 1864 p.
1522 1817 1593 1853 472
1689 1818 1722 1854 5.
1746 1818 1768 1854 6

341 1865 572 1911 μετεσχηκὼς
588 1866 851 1910 μαθηματικῶν
863 1867 1000 1912 βίβλων
1015 1867 1176 1912 (βιβλίων
1190 1866 1236 1907 Ε)
1254 1866 1334 1910 ΑΕ,
1359 1867 1621 1910 μαθηματικῶν
1633 1867 1768 1912 βίβλων

340 1913 570 1959 μετεσχηκὼς
597 1913 845 1958 (μετασχηκὼς
871 1913 921 1955 D)
949 1914 1047 1959 pr
1178 1914 1199 1948 6
1225 1914 1329 1959 αὐτῆς
1357 1924 1431 1948 om.
1459 1913 1506 1959 Ρ*
1628 1915 1648 1950 7
1677 1917 1768 1959 post

341 1962 498 1997 ἱππεύειν
524 1961 616 1996 add.
644 1975 679 1996 τε
707 1961 751 2006 D,
779 1961 818 1996 δὲ
846 1960 1003 2007 prDi
1100 1961 1138 1996 τὸ
1163 1962 1274 2002 ξεύειν
1301 1962 1331 1996 Ε
1435 1962 1467 1997 7.
1494 1961 1516 1996 8
1541 1962 1602 1996 καὶ
1626 1962 1713 2006 πρὸς
1738 1976 1767 1998 τ.

341 2024 450 2055 γραφ.
477 2008 516 2044 δὲ
544 2008 622 2054 ΑΕ,
661 2009 747 2044 ἀλλὰ
774 2009 834 2044 καὶ
861 2010 949 2054 πρὸς
975 2024 1002 2044 τ.
1030 2023 1138 2054 γραφ.
1167 2009 1198 2044 O
1238 2010 1293 2051 (in
1321 2009 1349 2045 C
1374 2010 1480 2044 infra
1507 2009 1594 2044 ἀλλὰ
1619 2010 1767 2045 lineola

342 2061 402 2093 est
420 2056 645 2103 supposita)
669 2068 742 2102 wp,
768 2057 928 2102 καὶπρὸς
945 2071 972 2092 τ.
991 2071 1098 2102 γραφ.
1119 2058 1264 2092 omisso
1284 2057 1323 2092 δὲ
1340 2056 1397 2091 Εἰ
1493 2058 1515 2092 8
1534 2057 1624 2103 εἶχε·
1651 2058 1711 2092 καὶ
1730 2057 1766 2092 D

343 2105 387 2140 14
411 2106 571 2140 πλείστου
599 2104 627 2140 C
727 2105 770 2140 17
795 2106 905 2151 λέγων
932 2104 1100 2151 BDEwp
1197 2106 1380 2150 μυηθῆναι
1409 2116 1484 2140 om.
1512 2105 1540 2141 C

207 2240 251 2275 41
268 2237 388 2274 solus.
443 2236 616 2274 Causam
652 2241 787 2274 autem
822 2238 908 2273 eius
949 2238 1081 2273 obitus
1121 2237 1188 2272 alii
1227 2237 1413 2272 morbum
1452 2238 1577 2273 fuisse
1615 2237 1764 2283 dicunt,

268 2287 334 2322 alii
365 2287 406 2322 in
439 2287 629 2322 venando
666 2296 756 2321 cum
788 2296 893 2331 equo
927 2286 1095 2331 lapsum,
1134 2285 1324 2320 vitalibus
1357 2285 1589 2329 vulneratis,
1628 2286 1764 2331 paullo

206 2336 255 2372 42
269 2338 359 2380 post
385 2345 473 2370 esse
497 2339 700 2370 mortuum
731 2337 1015 2369 narraverunt.
1067 2333 1163 2368 Erat
1188 2333 1395 2367 rationalis
1423 2333 1658 2378 discipliuae
1683 2345 1765 2369 non

269 2393 415 2429 expers
441 2382 511 2418 sed
540 2392 630 2417 cum
648 2383 687 2417 in
709 2382 852 2417 ceteris
870 2381 981 2416 libris
1000 2381 1291 2416 mathematicis
1309 2384 1506 2422 versatus,
1533 2384 1616 2416 tum
1636 2382 1763 2426 ipsam

206 2432 254 2467 43
268 2430 556 2466 astronomiam
583 2430 835 2475 degustavit3
874 2429 1083 2474 equitandi
1111 2432 1149 2463 et
1175 2428 1395 2474 sagittandi
1422 2439 1620 2464 summum
1646 2439 1764 2464 usum

268 2478 454 2522 habebat,
482 2482 696 2523 praeterea
723 2477 929 2523 pingendo
957 2480 997 2512 et
1014 2476 1206 2522 fingendo
1227 2476 1438 2511 dexterum
1457 2486 1499 2511 se
1519 2478 1764 2521 praestabat.

206 2526 367 2562 440um
399 2531 546 2569 autem,
586 2536 667 2571 qua
699 2529 786 2561 erat
815 2527 989 2560 naturae
1015 2524 1223 2568 modestia,
1263 2524 1315 2558 ad
1340 2534 1405 2558 res
1430 2523 1634 2568 gerendas
1660 2528 1764 2560 esset

267 2574 405 2618 mollis,
431 2573 656 2609 Antiochus
682 2576 722 2608 et
747 2576 838 2619 post
859 2572 969 2607 illum
987 2570 1199 2606 Amantius
1218 2582 1266 2606 ae
1285 2571 1459 2616 denique
1478 2571 1763 2618 Chrysaphius‚

269 2621 444 2657 eunuchi
471 2621 581 2667 apud
608 2631 700 2656 eum
726 2623 922 2666 potentes,
950 2620 1076 2654 multa
1100 2619 1248 2654 iniuste
1275 2623 1458 2664 egerunt.

206 2670 254 2705 45
386 2669 519 2704 Huius
545 2670 654 2714 regis
680 2668 940 2714 temporibus,
968 2678 1058 2702 cum
1085 2666 1253 2702 Proclus
1281 2667 1511 2712 patriarcha
1538 2677 1628 2702 cum
1655 2668 1761 2704 clero

269 2720 308 2752 et
333 2717 510 2752 maxima
537 2720 652 2762 parte
679 2716 944 2751 multitudinis
968 2715 1152 2750 urbanae
1179 2715 1358 2749 litaniam
1393 2715 1555 2758 faceret,
1595 2721 1761 2760 repente

207 2765 254 2800 46
269 2765 435 2799 effertur
460 2774 562 2810 puer
588 2765 780 2799 sublimis.
830 2762 986 2809 Populo
1015 2763 1297 2808 obstupefacto
1317 2766 1356 2797 et
1375 2772 1447 2807 per
1474 2763 1641 2797 multum
1668 2767 1761 2798 tem-

268 2812 377 2857 poris
405 2812 605 2848 clamante
636 2812 720 2847 illa:
754 2811 913 2856 “Kyrie
945 2810 1137 2854 eleison”‚
1175 2819 1316 2844 rursus
1350 2809 1564 2844 deducitur
1594 2820 1696 2855 puer
1722 2814 1761 2846 et

268 2859 344 2894 sibi
369 2863 632 2906 praeceptum
663 2869 751 2895 esse
777 2859 900 2903 addit,
926 2869 978 2894 ne
1004 2861 1138 2894 essent
1157 2857 1345 2892 addenda
1365 2858 1521 2892 cantico
1542 2861 1602 2893 ter
1619 2863 1760 2894 saneto

268 2906 351 2943 illa:
377 2906 484 2950 “Qui
513 2909 622 2943 eruci
649 2907 793 2943 affixus
820 2910 880 2943 est
905 2917 979 2954 pro
1005 2905 1159 2942 nobis.’'
