2054 3282
343 248 413 286 516
730 247 910 288 ZONAR.
939 246 1068 285 EPIT.
1095 244 1186 284 XVI
1212 248 1269 293 28,
1297 244 1447 285 14—22.

282 376 326 411 14
453 371 697 426 Ἐρωτικῶς
730 371 774 412 δὲ
806 371 974 425 σφόδρα
1006 369 1103 423 πρὶν
1132 370 1390 424 διακείμενος
1412 370 1436 411 ὁ
1456 369 1710 425 Νικηφόρος
1729 370 1837 426 πρὸς

339 440 413 495 τὴν
450 440 662 494 Θεοφανὼ
702 440 914 493 μετέπειτα
954 443 1026 493 τῆς
1064 438 1173 492 πρὸς
1209 438 1338 493 αὐτὴν
1377 440 1598 484 συνουσίας
1637 440 1837 495 ἀπείχετο,

341 510 366 563 ἢ
398 508 618 562 κορεσθεὶς
653 507 802 561 ταύτης
839 509 864 561 ἢ
896 506 968 548 καὶ
1007 504 1057 547 δι’
1092 507 1332 561 ἐγκράτειαν
1368 507 1524 561 μίξεως
1562 507 1838 562 ἀπεχόμενος·

342 576 440 617 οὐδὲ
473 575 551 630 γὰρ
582 576 692 617 πάνυ
724 592 757 616 τι
789 575 860 616 καὶ
891 576 985 621 νέος
1016 576 1079 616 ὢν
1114 574 1223 629 πρὸς
1259 576 1421 628 ἔρωτας
1457 575 1676 630 ἐτύγχανεν
1713 576 1838 618 εὐκα-

283 651 327 685 15
341 645 537 698 τάφορος,
599 645 624 698 ἡ
659 644 704 684 δὲ
733 645 945 698 μισήσασα
983 643 1055 684 τὸν
1088 644 1222 697 ἄνδρα
1256 643 1322 685 διὰ
1353 643 1400 685 τὸ
1432 644 1680 698 ἀνομίλητον
1711 646 1736 699 ἢ
1768 645 1876 686 καὶῖ)

340 713 433 767 περὶ
464 716 547 757 τοῖς
578 713 680 753 υἱέσι
714 712 881 753 δείσασα
919 711 989 766 (ἦν
1021 712 1100 766 γάρ
1131 727 1230 753 τισιν
1261 712 1710 766 ὕποτονθορυζόμενον
1736 713 1838 768 βού-

297 780 485 821 Βλεσθαι
516 779 587 821 τὸν
608 779 863 835 Μκηφόρον
893 780 942 821 τὰ
973 781 1199 835 βασιλείδια
1232 783 1317 821 τῶν
1347 780 1617 834 παιδογόνων
1649 785 1839 836 στερῆσαι

340 848 505 902 μορίων
543 848 613 889 καὶ
650 847 721 889 τὸν
759 848 944 903 ἀδελφὸν
980 849 1217 903 βασιλεῦσαι
1256 848 1327 890 τὸν
1365 848 1544 902 Λέοντα)
1591 850 1647 895 εἰς
1690 849 1841 903 λόγους

341 915 446 970 ἦλθε
477 915 617 970 λάθρᾳ
642 921 702 970 τῷ
729 916 939 971 Τζιμισκῇ,
971 918 996 971 ἢ
1030 917 1152 971 ἔρωτι
1183 921 1256 958 τοῦ
1288 916 1444 971 ἀνδρὸς
1475 917 1632 958 ἁλοῦσα
1667 917 1737 972 (ἦν
1759 917 1838 972 γὰρ

340 988 401 1037 τῷ
439 984 576 1025 κάλλει
616 984 846 1039 διαπρεπὴς
885 985 956 1026 καὶ
995 989 1067 1026 τοῦ
1107 985 1244 1031 εἴδους
1282 985 1452 1039 χάριτας
1495 985 1659 1040 ἀφιείς),
1703 987 1728 1040 ἢ
1768 986 1839 1027 καὶ
1857 994 1899 1028 10

341 1052 574 1107 ἀξιόχρεων
610 1057 757 1094 τοῦτον
794 1058 855 1107 τῷ
892 1053 1138 1109 Νικηφόρῳ
1177 1053 1425 1108 λογισαμένη
1471 1054 1734 1109 ἀντίρροπον,
1779 1055 1840 1101 ὡς

343 1121 390 1162 δέ
425 1122 527 1167 τινές
566 1137 682 1176 φασι,
726 1122 797 1163 καὶ
835 1122 892 1168 εἰς
929 1122 1151 1164 συνουσίαν
1183 1122 1360 1176 ἐλήλυθε
1389 1127 1451 1176 τῷ
1482 1123 1601 1176 ἀνδρὶ
1633 1123 1703 1164 καὶ
1734 1122 1839 1164 κατὰ

341 1193 415 1230 τοῦ
447 1189 704 1245 Νικηφόρου
737 1191 909 1245 ἠρέθισε
939 1190 1010 1232 καὶ
1041 1190 1087 1232 τὸ
1118 1195 1190 1245 τῆς
1221 1191 1448 1244 παροιμίας
1479 1195 1663 1245 σφαῖραν
1702 1192 1841 1246 ἀφῆκε

283 1266 329 1301 16
342 1258 447 1299 κατὰ
479 1262 677 1312 πρανοῦς.
740 1258 792 1313 ἦν
824 1259 903 1313 γὰρ
935 1259 1005 1300 καὶ
1037 1259 1174 1305 ἄλλως
1206 1259 1230 1300 ὅ
1251 1258 1451 1314 Ἰωάννης
1481 1264 1542 1314 τῷ
1572 1259 1734 1314 βασιλεῖ
1758 1276 1839 1314 μη-

342 1330 456 1375 νιῶν,
500 1327 559 1368 ὅτι
602 1332 663 1381 τῷ
707 1328 881 1383 ἀδελφῷ
917 1328 1170 1383 πειθόμενος
1209 1329 1366 1374 ἐκεῖνος
1404 1329 1668 1383 βασκαίνοντι
1705 1329 1841 1383 τούτῳ
1859 1339 1901 1373 15

343 1395 530 1436 ὕποπτόν
572 1412 614 1437 τε
657 1396 728 1437 τὸν
772 1397 905 1451 ἄνδρα
950 1396 1113 1451 ἐνόμιζε
1156 1397 1226 1438 καὶ
1269 1402 1340 1451 τῆς
1379 1401 1671 1452 στρατιωτικῆς
1709 1397 1842 1452 ἀρχῆς

301 1465 508 1510 Οπαύσας
540 1464 667 1506 αὐτὸν
697 1466 754 1511 εἷς
783 1465 995 1520 πολιτικὴν
1024 1467 1278 1521 μετατίθησι,
1311 1467 1541 1521 λογοθέτην
1571 1470 1645 1508 τοῦ
1677 1467 1841 1521 δρόμου

346 1533 730 1588 προχειρισάμενος,
776 1534 800 1574 ὅ
833 1534 912 1575 οὐκ
945 1535 1001 1580 εἰς
1033 1535 1285 1588 δυναστείαν,
1331 1532 1418 1576 ἀλλ’
1452 1536 1508 1581 εἰς
1538 1535 1741 1589 τιμωρίαν
1771 1535 2024 1579 nalD1V9o

347 1680 370 1714 ὃ
394 1679 474 1725 περὶ
499 1685 559 1716 τοῦ
586 1683 678 1723 (om.
706 1680 750 1725 C)
777 1681 925 1721 Λέοντος
950 1687 1011 1718 τοῦ
1038 1682 1196 1728 ἀδελφοῦ
1221 1688 1282 1718 τοῦ
1313 1684 1426 1718 Φωκᾶ
1454 1681 1516 1719 CE
1631 1683 1653 1718 9
1679 1684 1730 1718 ὅτι
1755 1683 1844 1719 κατὰ

347 1734 408 1764 τοῦ
432 1729 605 1774 βασιλέως
631 1728 776 1774 ἠρέθισε
802 1729 859 1764 τὸν
890 1730 1085 1776 Τζιμισκὴν
1111 1732 1311 1776 (τζιμισκῆν
1337 1730 1411 1775 CE,
1438 1741 1475 1765 V.
1502 1730 1555 1766 ad
1580 1730 1692 1766 XVII
1711 1731 1742 1775 1,
1763 1731 1797 1775 1)
1821 1731 1843 1776 ἦ

352 1776 529 1822 Θεοφανώ
557 1776 619 1812 CE
746 1777 792 1812 14
817 1778 867 1811 ὅτι
893 1778 1085 1823 λογοθέτην
1112 1783 1172 1813 τοῦ
1198 1780 1334 1823 δρόμου
1359 1778 1572 1824 προεβάλετο
1599 1778 1843 1824 (προεβάλλετο

348 1824 395 1867 Ε)
420 1823 478 1859 τὸν
508 1823 704 1870 Τζιμισκὴν
731 1824 931 1871 (τζιμισκῆν
958 1825 997 1870 C,
1025 1837 1063 1860 V.
1091 1826 1143 1861 ad
1169 1826 1280 1862 XVII
1308 1827 1339 1870 1,
1367 1827 1402 1869 1)
1429 1827 1450 1860 ὁ
1477 1827 1609 1865 Φωκᾶς
1635 1825 1699 1862 ΟΕ

422 1962 440 1996 1
466 1962 648 2007 ἐρωτικῶς
662 1961 831 2008 prDi,
849 1963 1018 2008 ἐρωτικὸς
1035 1963 1070 1998 Α
1155 1964 1177 1998 2
1203 1963 1323 2010 αὐτὴν]
1342 1963 1447 2009 αὐτῆς
1465 1963 1496 1998 Ε
1592 1964 1615 1998 3
1640 1963 1699 1999 καὶ
1718 1973 1793 1999 om.
1812 1962 1844 1999 Ο

420 2009 490 2045 5.6
515 2010 537 2055 ἢ
562 2010 862 2056 καὶ-βούλεσθαι
889 2021 963 2046 om.
992 2012 1023 2046 E
1130 2012 1151 2047 6
1176 2011 1547 2057 ὗπὸτὼιθοριξζόμενον
1573 2011 1619 2055 Ι),
1647 2022 1749 2046 corr.
1776 2011 1844 2049 Dw

421 2058 443 2093 7
468 2058 644 2103 βασιλίὸια
670 2057 718 2102 D,
747 2068 847 2093 corr.
876 2058 944 2096 Dw
1106 2063 1195 2105 post
1219 2060 1332 2105 βασιλ.
1360 2059 1452 2095 add.
1477 2059 1635 2104 ε’κτεμεΐν
1660 2059 1720 2094 καὶ
1747 2058 1843 2104 pr

421 2106 444 2140 8
469 2105 530 2140 καὶ
557 2115 632 2140 om.
660 2105 691 2141 Ο
832 2111 923 2152 post
947 2106 1103 2152 ἀδελφὸν
1129 2107 1221 2142 add.
1248 2107 1287 2142 δὲ
1313 2106 1344 2142 O
1490 2107 1511 2142 9
1537 2112 1598 2142 τοῦ
1624 2108 1788 2152 τζιμισκῆ
1814 2106 1844 2141 Ε

423 2153 469 2188 10
492 2153 552 2188 καὶ
579 2153 749 2189 alterum
776 2164 851 2189 om.
878 2153 909 2188 B
1010 2155 1052 2190 11
1079 2155 1253 2200 ἀξιόχρεω
1280 2154 1327 2199 D,
1356 2165 1458 2190 corr.
1484 2154 1553 2193 Dw

292 2295 337 2332 14
470 2296 663 2340 Quamvis
689 2300 825 2333 autem
852 2296 1194 2343 Theophanonem
1221 2298 1332 2344 prius
1357 2297 1607 2344 Nicephorus
1634 2297 1846 2333 vehemen-

351 2349 412 2381 ter
438 2345 669 2391 deperisset,
697 2349 787 2390 post
813 2346 899 2380 eius
927 2356 1148 2391 congressu
1175 2346 1414 2390 abstinebat,
1457 2346 1543 2380 sive
1569 2355 1620 2380 ex
1647 2346 1844 2388 satietate,

352 2394 437 2429 sive
464 2403 514 2428 ex
542 2393 809 2437 continentia3
835 2403 928 2428 nam
955 2393 1019 2429 vel
1045 2394 1086 2428 in
1113 2394 1387 2429 adulescentia
1413 2403 1554 2438 parum
1578 2392 1766 2438 proclivis
1793 2392 1845 2427 ad

294 2440 338 2475 15
353 2441 555 2476 libidinem
586 2442 731 2476 fuerat.
781 2439 834 2475 At
858 2441 925 2475 illa
942 2442 1130 2476 maritum
1149 2441 1214 2476 vel
1233 2441 1284 2476 ob
1303 2451 1391 2476 eam
1410 2440 1692 2475 alienationem
1719 2450 1844 2475 exosa

353 2488 417 2524 vel
451 2488 502 2523 de
534 2488 623 2523 filiis
654 2488 824 2523 sollicita
851 2488 1031 2533 (quidam
1058 2489 1164 2524 enim
1191 2488 1497 2523 murmurabant
1524 2487 1626 2522 velle
1652 2487 1844 2533 Nicepho-

352 2546 452 2579 rum,
479 2536 602 2582 regiis
629 2536 765 2581 pueris
792 2537 987 2581 castratis,
1013 2536 1225 2582 imperium
1251 2536 1293 2571 in
1318 2538 1481 2571 fratrem
1509 2534 1685 2570 Leonem
1718 2538 1844 2570 trans-

353 2584 472 2625 ferre)
516 2593 608 2619 cum
645 2583 841 2618 Tzimisce
885 2584 986 2618 clam
1031 2584 1283 2629 colloquitur,
1328 2584 1413 2618 sive
1458 2593 1596 2618 amore
1642 2583 1728 2618 eius
1767 2583 1843 2617 viri

354 2634 472 2677 capta
499 2632 607 2675 (nam
641 2631 795 2666 formae
828 2632 1068 2667 excellentia
1098 2635 1138 2666 et
1169 2633 1382 2666 venustate
1408 2630 1612 2665 hominum
1640 2630 1777 2665 oculos
1802 2630 1843 2664 in

353 2688 396 2714 se
428 2679 719 2723 convertebat),
756 2679 842 2714 sive
877 2689 968 2714 eum
1002 2689 1139 2725 parem
1167 2678 1391 2724 Nicephoro
1425 2678 1704 2713 adversarium
1737 2681 1844 2722 rata3

354 2725 518 2770 quidam
537 2726 657 2761 etiam
675 2726 841 2761 tradunt
861 2737 950 2762 eam
969 2737 1060 2762 cum
1078 2726 1143 2762 illo
1171 2726 1440 2767 consuevisse,
1468 2728 1506 2760 et
1526 2725 1684 2760 homine
1704 2728 1844 2760 contra

353 2773 625 2818 Nicephorum
650 2774 842 2819 instigato
868 2775 1000 2820 pilam,
1038 2777 1084 2808 ut
1111 2773 1327 2820 proverbio
1363 2773 1520 2818 dicitur,
1562 2783 1634 2818 per
1665 2772 1844 2818 proclive

297 2820 341 2854 16
355 2820 542 2865 propulit.
593 2820 693 2857 Nam
721 2821 894 2857 Ioannes
919 2822 1098 2867 alioquin
1125 2821 1213 2867 regi
1238 2820 1512 2865 succensebat,
1541 2821 1604 2855 cui
1632 2831 1682 2855 ex
1709 2820 1844 2854 fratris

355 2868 509 2902 invidia
546 2871 585 2902 et
619 2869 828 2904 calumniis
865 2873 1076 2915 suspectus
1109 2879 1133 2903 a
1166 2868 1326 2903 militari
1365 2870 1564 2913 potestate
1603 2868 1655 2902 ad
1687 2868 1843 2902 civilem

356 2915 574 2951 translatus
609 2916 742 2951 fuerat
774 2920 813 2952 et
844 2916 1051 2964 logotheta
1083 2926 1225 2952 cursus
1259 2916 1409 2962 publici
1443 2915 1690 2962 designatus,
1723 2924 1843 2961 quam
