2054 3282
372 221 440 260 180
767 219 949 260 ZONAR.
976 219 1107 258 EPIT.
1134 217 1226 258 XIV
1254 221 1308 266 11,
1334 218 1462 258 ‘'e—20.

272 349 307 384 D
334 344 435 386 8ἒπὶ
474 345 547 399 τὴν
589 345 804 399 Ἀρμενίαν
843 348 983 399 χωρεῖ.
1046 347 1167 384 τοῦτο
1207 343 1263 389 εἰς
1304 343 1454 384 δειλίαν
1493 343 1660 398 ἐνέβαλε
1696 344 1745 386 τὰ
1784 345 1872 386 ε’κεῒ

369 413 592 468 Ῥωμαίων
623 413 926 467 στρατεύματα·
962 411 1192 466 διαλεχθεὶς
1225 411 1270 452 δὲ
1296 412 1456 458 τούτοις
1477 412 1501 452 ὁ
1523 414 1723 467 σφέτερος
1743 429 1866 468 στρα-

368 482 494 536 τηγὸς
524 482 689 535 θάρσος
720 483 872 522 ἅπασιν
900 482 1126 534 ἐνεποίησε,
1160 480 1230 521 καὶ
1251 480 1325 534 τὴν
1345 480 1454 534 πρὸς
1475 479 1706 535 Ὁρμίσδαν
1726 482 1868 537 μάχην

334 551 614 605 9ὖπέστησαν.
677 550 748 590 καὶ
786 551 909 604 μέχρι
947 550 1026 603 μέν
1065 564 1174 594 τινος
1215 553 1303 594 ταῖς
1346 549 1393 590 ἐκ
1437 548 1574 597 τόξων
1618 551 1869 604 κεχρημένοι

368 619 513 673 βολαῖς
553 618 732 660 ἐδόκουν
773 616 1019 671 ὑπερτερεῖν,
1064 621 1149 658 τῶν
1181 617 1403 671 Ῥωμαίων
1440 622 1526 664 ταῖς
1565 619 1704 660 ἀσπίσι
1740 627 1904 662 κατα-5

314 692 357 726 10
369 687 649 742 φραγνύντων
687 686 860 732 ἑαυτοὺς
897 686 967 727 καὶ
997 685 1057 740 μὴ
1092 686 1427 734 ἀντεπεξιόντών.
1490 687 1576 728 ἐπεὶ
1609 684 1645 728 δ’
1679 688 1869 742 ἔγνωσαν

371 757 410 797 οἱ
430 756 627 810 Ῥωμαῖοι
650 756 730 809 ἤδη
754 756 1018 796 κεκενῶσθαι
1039 754 1112 800 τὰς
1143 756 1355 809 φαρέτρας
1386 759 1470 801 τοῖς
1501 756 1709 810 ἐναντίοις,
1743 772 1868 811 συνη-

370 824 559 870 σπικότες
590 824 781 877 ἀλλήλοις
813 823 883 864 καὶ
915 823 1192 871 ἀλαλάξαντες
1224 823 1413 864 ἐνυάλιον
1438 824 1625 879 ἐπῆλθον
1646 829 1731 871 τοῖς
1751 824 1867 879 Πέρ-

312 898 354 932 11
369 909 459 939 σαις
490 893 596 934 κατὰ
629 892 850 947 συστάδην,
884 893 1138 947 ἀγχεμάχοις
1170 892 1313 938 ὅπλοις
1336 892 1488 939 αὐτοὺς
1509 893 1776 948 ἀμυνόμενοι.
1830 895 1875 935 οἳ

371 961 470 1002 οῦδὲ
512 960 621 1015 πρὸς
659 961 798 1015 βραχὺ
836 960 910 1014 τὴν
947 961 1087 1015 ὁρμὴν
1125 961 1265 1002 αὐτῶν
1308 961 1600 1015 ὑπομείναντες
1637 963 1868 1017 τρέπονται,
1886 970 1931 1005 10

369 1031 440 1071 καὶ
472 1031 737 1083 ἀναιροῦνται
767 1029 845 1084 μὲν
877 1031 917 1070 οἱ
937 1030 1118 1076 πλείους·
1151 1029 1197 1071 τὸ
1221 1029 1266 1070 δὲ
1288 1030 1568 1084 στρατόπεδον
1590 1031 1731 1073 αὐτῶν
1753 1031 1869 1085 διαρ-

312 1100 556 1148 ΙΞπάζεται·
590 1099 662 1140 καὶ
693 1100 718 1153 ἡ
750 1098 828 1153 μὲν
859 1098 1049 1154 βασιλικὴ
1076 1103 1149 1139 τοῦ
1172 1098 1413 1153 “Ορμίσδου’
1436 1099 1569 1155 σκηνὴ
1603 1099 1674 1140 καὶ
1704 1101 1730 1154 ἡ
1763 1100 1868 1141 ἄπο-

180 1173 257 1207 ΡΠ
266 1172 355 1208 73Α
369 1167 497 1222 σκευὴ
531 1169 690 1209 ἐκείνου
727 1172 840 1209 πᾶσα
873 1167 944 1209 καὶ
977 1168 1017 1208 οἳ
1055 1168 1273 1222 ἐλέφαντες
1309 1173 1370 1222 τῷ
1408 1168 1569 1222 βασιλεῖ
1595 1166 1869 1223 ὑπεξῄρηντο,

313 1242 356 1276 13
368 1237 417 1278 τὰ
451 1235 487 1278 δ’
521 1236 624 1278 ἄλλα
665 1241 748 1282 τοῖς
784 1238 1050 1291 στρατιώταις
1081 1237 1298 1291 εἰάθησαν.
1361 1237 1432 1278 καὶ
1465 1238 1504 1278 οἱ
1533 1236 1732 1291 Ῥωμαῖοι
1762 1236 1871 1292 πρὸς

368 1306 417 1348 τὰ
451 1306 646 1359 ἕνδότερα
678 1310 751 1360 τῆς
778 1305 986 1359 Περσίδος
1018 1307 1241 1360 ἐχώρησαν
1272 1305 1343 1347 καὶ
1374 1307 1522 1361 χώραν
1553 1305 1712 1360 πολλὴν
1744 1306 1871 1361 αὐτῆς
1887 1315 1930 1350 15

313 1379 357 1414 14
370 1374 596 1429 ἐληίσαντο.
660 1374 749 1414 τότε
788 1374 858 1415 καὶ
890 1374 935 1415 τὸ
965 1378 1050 1415 τῶν
1082 1374 1341 1429 Βλαχερνῶν
1372 1374 1542 1429 λοετρὸν
1575 1374 1816 1429 οἰκοδομεῖν
1846 1374 1871 1416 ὁ

377 1444 568 1498 Τιβέριος
598 1444 755 1498 ἤρξατο
786 1443 857 1484 καὶ
888 1443 1070 1489 πολλοὺς
1101 1443 1229 1489 ναοὺς
1260 1443 1331 1484 καὶ
1362 1444 1592 1498 δημοσίους
1614 1444 1772 1498 οἴκους,
1805 1445 1870 1491 ξε-

370 1513 510 1558 νῶνάς
547 1529 655 1567 φημι
695 1512 766 1553 καὶ
805 1516 1092 1567 γηρωκομεῖα,
1138 1513 1398 1553 ἀνενεώσατο
1431 1511 1501 1553 καὶ
1532 1511 1603 1553 τὸν
1635 1511 1870 1567 Χρυσοτρί-

372 1643 417 1678 16
449 1644 498 1677 ὅτι
525 1642 563 1677 τὸ
594 1642 736 1687 λοετρόν
768 1647 838 1678 τῶν
870 1643 1088 1688 Βλαχερνῶν
1117 1642 1213 1688 παρὰ
1250 1643 1411 1689 Τιβερίου
1443 1643 1711 1688 οἰκοδομεῖσθαι
1743 1642 1872 1688 ἤρξατο

372 1691 534 1736 (ἐκτίσθη
563 1690 607 1735 E)
635 1690 698 1726 ΟΕ

445 1821 459 1854 1
491 1819 638 1865 ἄνέβαλε
664 1819 711 1863 D,
740 1830 842 1855 corr.
869 1819 936 1857 Dw
1052 1820 1074 1855 ‘2
1099 1820 1254 1866 ἀρχηγὸς
1279 1820 1375 1865 Ewp
1486 1819 1509 1854 3
1535 1820 1705 1864 ὁρμίσδαν
1731 1818 1870 1864 Otz’‚

443 1868 613 1912 ὀρμίσδαν
639 1867 707 1902 ΑΕ
804 1868 837 1902 4.
865 1868 887 1902 5
911 1868 1032 1913 βολαῖς
1058 1869 1271 1913 κεχρημένοι
1298 1868 1334 1902 D
1432 1868 1454 1903 5
1481 1871 1576 1903 ante
1601 1868 1752 1903 ἐδόκουν
1778 1867 1870 1903 add.

442 1917 479 1950 οἱ
501 1915 652 1959 ῥωμαῖοι
682 1915 778 1962 pr
926 1920 1016 1961 post
1041 1916 1240 1961 ὑπερτερεῖν
1267 1926 1356 1951 cum
1383 1915 1454 1950 AR
1484 1915 1665 1950 distinxit
1691 1915 1808 1950 B-W

443 1965 464 1999 7
490 1965 526 1998 οἱ
548 1963 699 2007 ῥωμαΐοι
727 1974 802 1998 om.
830 1963 861 1998 O
972 1963 1210 2008 κεκενῶσθαι]
1237 1964 1296 1999 καὶ
1319 1964 1324 2007 Ι
1346 1964 1526 1999 κενῶσθαι
1553 1963 1584 1998 Ε
1681 1969 1751 2002 τοῖς
1775 1963 1871 1998 ε’ναν-

443 2012 526 2050 τίοις
551 2010 699 2057 AEwp,
725 2017 795 2050 τοῖς
819 2012 962 2056 πέρσαις
987 2011 1032 2055 R,
1059 2014 1096 2046 οἱ
1117 2012 1239 2056 πέρσαι
1267 2012 1296 2047 C
1453 2012 1476 2046 8
1501 2011 1661 2056 ἀλλήλοις
1688 2021 1762 2046 om.
1790 2010 1822 2046 Ο

490 2065 560 2098 τοῖς
583 2059 728 2103 πέρσαις
753 2059 899 2105 AEwp,
925 2059 1041 2098 αὐτοῖς
1068 2059 1099 2095 Ο
1217 2060 1257 2094 11
1283 2059 1348 2104 μὲν
1375 2070 1449 2095 om.
1478 2058 1514 2093 D
1629 2059 1674 2094 12
1700 2059 1869 2103 ὅρμίσδου

443 2105 582 2150 OWDi‚
608 2107 781 2151 ὀρμίσδου
807 2106 876 2142 ΑΕ
998 2107 1043 2141 14
1068 2108 1127 2143 καὶ
1153 2109 1189 2142 οἵ
1211 2106 1293 2152 AR,
1320 2109 1356 2141 οἱ
1378 2107 1417 2142 δὲ
1442 2105 1588 2152 W*pDi
1703 2107 1748 2142 18
1775 2110 1870 2142 ante

443 2169 537 2200 φημι
564 2155 656 2190 add.
683 2169 718 2189 τε
743 2155 780 2189 Ι)
876 2162 1107 2200 γηρωκομεΐα
1132 2155 1204 2190 AR
1230 2157 1283 2198 (v.
1310 2155 1363 2190 ad
1381 2154 1452 2190 XV
1472 2155 1527 2200 14,
1542 2154 1615 2197 25),
1641 2159 1870 2201 γηροκωμεῒα

444 2202 483 2247 C,
510 2209 728 2248 γηροκομεῖα
754 2202 925 2248 prDi‚
954 2202 1133 2249 Theoph.
1160 2203 1178 2237 Ῑ
1204 2214 1240 2249 p.
1267 2203 1348 2247 251,
1377 2203 1420 2238 17

334 2331 479 2366 Sniam
505 2331 679 2376 invadit3
707 2342 813 2377 quac
839 2343 903 2367 res
924 2335 1119 2367 terrorem
1137 2332 1305 2367 incussit
1330 2330 1521 2366 Romanis
1547 2330 1603 2366 ibi
1627 2330 1867 2375 legionibus,

371 2379 442 2414 sed
469 2379 584 2414 ducis
610 2380 673 2414 sui
700 2380 836 2415 verbis
862 2381 1007 2415 animis
1034 2380 1212 2415 omnium
1239 2379 1412 2424 receptis
1437 2387 1624 2424 pugnare
1651 2388 1742 2413 cum
1768 2377 1868 2413 Hor·

334 2426 500 2462 9misda
526 2438 608 2462 non
636 2427 938 2463 dubitaverunt.
988 2427 1047 2462 Ac
1075 2427 1270 2472 quamdiu
1289 2427 1437 2462 Persae
1463 2426 1622 2471 sagittis
1635 2425 1867 2470 utebantur,

371 2475 601 2520 superiores
639 2485 727 2511 esse
762 2475 1019 2518 videbantur,
1058 2485 1148 2510 cum
1179 2474 1351 2509 Romani
1386 2474 1522 2519 clipeis
1556 2483 1598 2508 se
1635 2473 1868 2519 obsepirent

313 2521 504 2567 lOneque
542 2526 684 2558 contra
721 2524 835 2558 irent.
887 2522 967 2559 Sed
993 2533 1083 2558 cum
1117 2522 1497 2557 animadvertissent
1525 2521 1696 2556 Romani
1721 2520 1867 2556 Persas

372 2569 583 2614 pharetras
597 2571 676 2605 iam
692 2571 939 2615 exhausisse,
958 2571 1096 2616 clipeis
1111 2569 1288 2605 densatis
1303 2573 1342 2605 et
1361 2570 1535 2604 clamore
1549 2569 1692 2604 bellico
1707 2568 1865 2604 sublato

314 2617 355 2650 11
373 2617 460 2652 illos
485 2618 725 2653 invaserunt
752 2619 875 2654 hastis
903 2622 943 2654 et
970 2618 1117 2664 gladiis
1145 2618 1327 2653 cominus
1353 2627 1437 2652 rem
1465 2620 1666 2662 gerentes.
1711 2615 1814 2651 Tum
1839 2616 1866 2651 ii

371 2674 447 2699 nec
470 2665 523 2700 ad
543 2667 739 2711 exiguum
758 2669 916 2712 tempus
931 2676 1071 2702 eorum
1089 2666 1241 2711 impetu
1261 2665 1430 2700 tolerato
1449 2665 1490 2699 in
1504 2665 1646 2710 fugam
1664 2665 1771 2700 versi
1789 2663 1868 2709 ple-

312 2711 357 2745 12
371 2713 486 2757 rique
509 2713 669 2757 cadunt,
699 2714 922 2760 castrisque
941 2714 1107 2759 direptis
1125 2714 1283 2758 regium
1301 2712 1541 2748 Hormisdae
1559 2712 1867 2747 tabernaculum

371 2763 410 2794 et
429 2762 556 2795 omnis
575 2762 661 2796 eius
679 2762 861 2807 supellex
881 2765 919 2797 et
938 2762 1141 2807 elephanti
1159 2761 1248 2806 regi
1266 2761 1504 2806 seliguntur,
1524 2764 1658 2796 cetera
1675 2759 1867 2794 militibus

312 2806 357 2841 13
371 2817 574 2843 concessa.
621 2809 670 2844 Et
686 2808 858 2844 Romani
880 2810 920 2844 in
939 2809 1114 2844 Persidis
1131 2809 1324 2844 interiora
1343 2809 1548 2854 progressi
1566 2808 1687 2853 longe
1705 2807 1867 2852 lateque

312 2853 356 2888 14
373 2855 544 2899 praedas
572 2860 756 2901 egerunt.
807 2856 924 2892 Tunc
950 2856 1137 2892 Tiberius
1171 2856 1339 2891 balneas
1366 2855 1624 2890 Blachernias
1651 2854 1866 2889 aedificare

371 2903 503 2949 coepit
522 2907 560 2938 et
579 2904 724 2939 multas
743 2909 782 2940 et
796 2915 933 2940 sacras
954 2909 992 2940 ct
1011 2905 1193 2951 publicas
1212 2904 1334 2939 aedes
1353 2904 1605 2948 instauravit,
1631 2908 1675 2938 ut
1694 2903 1866 2949 hospitia
