2054 3282
349 234 419 269 630
705 234 886 270 ZONAR.
915 233 1044 268 EPIT.
1071 232 1182 268 XVII
1208 233 1264 277 23,
1283 232 1434 277 33—24,
1453 233 1487 268 5.

350 355 729 409 σφενδονουμένων
750 353 856 396 κατὰ
886 356 970 395 τῶν
1003 353 1212 405 ἐναντίων,
1245 353 1301 400 εἷς
1332 354 1397 395 ἐπὶ
1427 353 1498 396 τὸν
1529 353 1732 408 τύραννον
1762 355 1842 396 ἵετο
2051 346 2054 392 ἐ

350 423 421 465 καὶ
456 428 530 464 τοῦ
567 423 645 477 μὲν
689 423 740 463 οὐ
784 422 998 476 καθίκετο,
1044 422 1194 463 δειλίαν
1233 422 1277 464 δὲ
1314 422 1497 476 κάκείνῳ
1536 423 1606 464 καὶ
1636 427 1720 469 τοῖς
1749 422 1844 477 περὶ

351 491 478 533 αὐτὸν
510 491 734 545 ἐνεποίησε,
779 490 850 531 καὶ
885 490 1080 536 λύσαντες
1110 490 1184 544 τὴν
1214 490 1444 544 παράταξιν
1474 491 1758 546 ὗπενόστησαν
1788 492 1844 537 εἷς

350 560 425 614 τὴν
463 560 665 613 σφετέραν
701 558 975 613 παρεμβολὴν
1011 557 1082 599 καὶ
1121 559 1256 600 οὐκέτι
1298 564 1347 614 τῇ
1390 560 1609 614 πολιορκίᾳ
1647 560 1843 614 ἐπικεχει-

292 631 339 668 34
352 629 541 683 ρήκασιν.
605 627 706 668 ἀλλά
738 642 849 673 τινας
879 627 1078 681 βραχείας
1109 628 1270 682 ἡμέρας
1294 630 1549 683 προσμείνας
1570 629 1594 670 ὁ
1614 631 1881 681 τυραννῶν,5

354 697 439 738 ἐπεὶ
477 697 592 750 ἑώρα
630 695 727 742 τοὺς
763 695 841 750 μὲν
879 699 964 736 τῶν
1002 696 1168 737 οἰκείων
1198 701 1555 751 προσχωροῦντας
1585 702 1646 751 τῷ
1676 697 1845 751 βασιλεῖ,

352 764 449 811 τοὺς
481 765 526 806 δὲ
557 764 859 818 σκιδναμένους
890 763 960 805 καὶ
992 764 1355 819 ἐκδιδράσκοντας,
1389 766 1654 807 ἀπανίσταται
1677 765 1755 820 μὲν
1774 769 1847 820 τῆς

353 833 447 887 περὶ
477 832 523 874 τὸ
555 833 656 874 ἄστυ
687 832 972 887 προσεδρείας,
1007 832 1129 887 ἀπῄει
1161 833 1206 874 δὲ
1228 834 1290 879 ὡς
1311 834 1494 880 εὐπετῶς
1515 837 1599 875 τῶν
1621 833 1848 888 Θρᾳκῴων

240 906 269 942 C
295 905 341 941 35
354 901 580 956 κρατήσων
610 900 844 955 φρουρίων,
878 897 964 941 ἀλλ’
999 901 1273 956 ἀπεκρούσθη
1306 903 1524 944 κάκείνων.
1587 903 1630 944 ἐν
1660 902 1848 956 τοσούτῳ

357 970 402 1011 δὲ
444 974 639 1024 παρῆσαν
683 970 726 1010 αἱ
761 973 833 1023 τῆς
870 967 982 1024 ἑῴας
1021 969 1217 1023 δυνάμεις
1254 971 1585 1025 ἀνακεκλημέναι
1622 970 1737 1025 παρὰ
1774 974 1847 1012 τοῦ
1864 974 1909 1008 10

296 1044 342 1079 36
356 1037 668 1091 αὐτοκράτορος
710 1037 781 1078 καὶ
824 1037 929 1078 κατὰ
974 1042 1047 1079 τοῦ
1084 1043 1385 1093 τυραννοῦντος
1423 1039 1670 1094 ἀφείθησαν.
1732 1040 1772 1080 οἱ
1810 1036 1846 1080 δ’

356 1106 474 1160 αὐτῷ
494 1105 568 1160 τὴν
590 1106 845 1147 ἀποστασίαν
867 1110 1191 1160 συγκροτοῦντες
1220 1108 1282 1154 ὡς
1313 1109 1447 1162 ἔγνων
1477 1112 1612 1162 τοῦτο,
1647 1108 1849 1154 δείσαντες
1863 1110 1897 1144 D
1920 1108 1971 1145 lV
1993 1107 2054 1144 16⁹3

355 1174 449 1229 περὶ
493 1174 643 1229 σφίσιν,
688 1173 790 1215 ἀλλὰ
835 1174 906 1216 καὶ
949 1179 1021 1216 τοῦ
1059 1179 1144 1217 τῶν
1184 1176 1308 1230 ἑῴων
1344 1177 1567 1231 ταγμάτων
1603 1177 1851 1231 ἐξάρχοντος

355 1243 938 1298 παραστρατοπεδευσαμένου
960 1248 1044 1290 τοῖς
1066 1245 1313 1291 ἀποστάταις
1334 1245 1404 1286 καὶ
1430 1245 1526 1292 τοὺς
1555 1245 1633 1300 μὲν
1664 1245 1850 1299 ὁμιλίαις,

302 1368 306 1371 ι
355 1311 453 1358 τοὺς
485 1311 530 1353 δὲ
561 1311 631 1353 καὶ
663 1311 879 1366 γράμμασι
909 1312 1129 1359 πείθοντος
1160 1314 1443 1368 αὐτομολῆσαι
1474 1319 1535 1368 τῷ
1563 1314 1850 1367 αὐτοκράτορι,
1866 1319 1911 1355 15

355 1381 504 1426 πάντες
526 1379 676 1435 σχεδὸν
698 1379 881 1426 λιπόντες
911 1380 982 1422 τὸν
1012 1382 1322 1435 τυραννήσαντα
1353 1383 1628 1437 προσήνωντο
1659 1386 1743 1428 τοῖς
1773 1383 1851 1437 βα-

359 1449 540 1502 σιλικοῖς,
585 1447 656 1489 καὶ
694 1448 744 1489 οὗ
783 1452 868 1490 τῶν
908 1449 1088 1503 ἀσήμων
1126 1450 1260 1504 μόνον
1292 1450 1399 1505 ἦσαν
1430 1449 1544 1492 οὗτοι
1575 1454 1852 1505 στρατιωτῶν,

359 1516 461 1558 ἀλλὰ
484 1517 554 1558 καὶ
574 1520 659 1558 τῶν
682 1517 900 1571 ἐπιφανῶν
922 1517 993 1558 καὶ
1015 1518 1384 1573 ἐστρατηγηκότων
1404 1519 1475 1560 καὶ
1496 1519 1855 1573 λαμπρυνθέντων

360 1586 520 1640 ἀρχαῖς,
553 1585 645 1632 ἑνὸς
669 1585 804 1639 μόνου
837 1589 921 1628 τῶν
953 1587 1170 1641 ἐπισήμων
1200 1588 1603 1642 παραμεμενηκότος
1635 1588 1751 1642 αὐτῷ
1781 1591 1854 1628 τοῦ

236 1655 272 1691 D
300 1656 346 1692 37
360 1654 566 1709 Βατάτζη.
630 1654 692 1700 ὡς
725 1651 761 1695 δ’
796 1653 872 1695 οὖν
909 1655 1206 1710 ἐγκατελείφθη
1239 1655 1347 1709 πρὸς
1376 1659 1462 1698 τῶν
1492 1656 1651 1698 λοιπῶν
1682 1656 1706 1697 ὁ
1745 1657 1853 1710 Τορ-
1867 1661 1916 1697 20

429 1808 453 1844 3
478 1808 657 1853 ἐνεποίησε
682 1807 850 1853 prDz',
879 1808 1079 1854 ἐνεποίησεν
1103 1808 1139 1844 Α
1166 1810 1217 1853 (V.
1246 1809 1296 1844 ad
1322 1809 1419 1844 XIII
1447 1810 1477 1852 1,
1504 1809 1552 1854 5),
1579 1809 1718 1854 ἐποίησε
1743 1809 1774 1844 Β

430 1856 454 1891 4
469 1855 667 1901 πολιορκίᾳ]
680 1856 783 1900 ὁρκιά
796 1856 926 1891 deleto
940 1857 1204 1892 antecedente
1213 1858 1420 1903 παρεμβολῇ
1430 1858 1460 1892 Ε
1475 1858 1637 1899 (oblitus
1653 1862 1712 1893 est
1721 1858 1854 1892 scriba

432 1904 583 1939 addere
610 1914 683 1948 pro
711 1903 842 1939 deleto
870 1905 996 1939 verbo
1022 1906 1099 1939 πολι
1126 1908 1164 1940 et
1183 1907 1445 1950 exstinguere
1463 1906 1646 1950 spiritum
1665 1905 1854 1940 vocabuli

431 1952 651 1997 sequentis)
749 1952 1014 1996 προςήδρευσαν
1040 1952 1071 1988 O
1169 1952 1191 1987 5
1216 1953 1382 1997 τύραννος
1406 1953 1502 1998 Ewp
1600 1953 1622 1987 8
1646 1954 1854 1997 προςεδρίας

433 1999 542 2044 Ewp,
569 2010 604 2033 v.
634 1999 686 2034 ad
712 1999 803 2034 XVI
829 2000 861 2043 8,
890 1999 933 2034 18
1112 2000 1156 2034 14
1184 2001 1570 2044 στρατοπεδευσαμένου
1597 1999 1637 2043 C,
1665 2011 1766 2036 corr.
1793 1999 1854 2038 Cw

434 2047 478 2082 16
503 2047 728 2085 ἀπολιπόντες
754 2047 850 2092 Ewp
949 2047 993 2082 17
1017 2049 1138 2092 μόνων
1165 2048 1272 2093 Ewp,
1300 2059 1337 2083 V.
1365 2048 1416 2082 ad
1443 2047 1534 2083 XIV
1560 2048 1592 2092 6,
1615 2048 1660 2082 31
1758 2048 1854 2083 οὗτοι

433 2105 508 2130 om.
536 2094 571 2129 D
669 2095 716 2130 20
743 2096 918 2139 τορνίκιος
943 2095 1042 2141 pr

363 2235 652 2279 emitterentur,
687 2244 813 2270 unum
846 2236 887 2270 in
919 2236 1050 2281 ipsum
1087 2235 1283 2271 directum
1318 2236 1525 2271 aberravit
1558 2235 1656 2270 illud
1683 2235 1854 2281 quidem,

362 2282 435 2318 sed
461 2285 500 2318 et
525 2283 601 2328 ipsi
627 2285 667 2318 et
693 2283 780 2318 eius
807 2283 1046 2318 satellitibus
1072 2286 1228 2318 tantum
1255 2284 1422 2318 incussit
1445 2287 1649 2327 terrorem,
1675 2286 1720 2318 ut
1746 2283 1856 2318 dissi-

303 2326 350 2362 34
364 2333 459 2376 pata
486 2331 573 2366 acie
599 2331 640 2365 in
667 2333 799 2366 castra
817 2332 970 2366 reversi
989 2331 1040 2365 ab
1069 2332 1373 2376 oppugnatione
1401 2331 1648 2366 desisterent.
1698 2330 1856 2366 Paucos

363 2378 488 2423 igitur
515 2378 600 2413 dies
631 2378 686 2412 ibi
713 2382 983 2414 commoratus
1009 2382 1208 2423 tyrannus
1226 2389 1317 2414 cum
1344 2389 1394 2413 ex
1414 2379 1496 2413 suis
1516 2378 1614 2413 alios
1641 2378 1693 2412 ad
1717 2388 1856 2423 regem

364 2425 548 2470 deficere,
576 2425 674 2461 alios
694 2425 874 2471 dispergi
892 2428 931 2461 et
949 2426 1149 2471 aufugere
1169 2426 1333 2470 videret,
1361 2426 1499 2461 relicta
1517 2426 1628 2461 urbis
1647 2425 1857 2461 obsidione

365 2473 529 2508 castella
555 2473 752 2508 Thraciae
791 2484 833 2508 se
871 2474 989 2508 facile
1028 2477 1319 2519 occupaturum
1352 2477 1464 2509 ratus
1498 2474 1549 2508 ab
1583 2473 1658 2508 illis
1693 2473 1855 2518 quoque

305 2518 351 2554 35
364 2521 551 2566 repulsus
578 2524 646 2556 est.
698 2520 859 2556 Interea
885 2522 1026 2566 copiae
1054 2521 1268 2556 orientales
1293 2521 1344 2555 ab
1371 2522 1613 2566 imperatore
1638 2523 1855 2556 revocatae

305 2567 351 2601 36
366 2568 514 2604 adsunt
540 2571 580 2604 et
605 2571 746 2603 contra
771 2572 988 2614 tyrannum
1016 2569 1239 2604 mittuntur.
1290 2569 1377 2610 Quo
1405 2569 1642 2603 defectionis
1669 2569 1766 2604 socii
1794 2578 1854 2604 co-

364 2616 479 2661 gnito
517 2616 594 2651 sibi
630 2619 867 2661 metuentes,
906 2626 995 2651 cum
1035 2616 1288 2651 orientalium
1328 2626 1490 2661 quoque
1527 2616 1733 2661 legionum
1772 2616 1856 2651 dux

367 2667 500 2698 castra
535 2674 662 2709 prope
695 2663 782 2699 illos
814 2664 1016 2709 posuisset
1048 2668 1087 2699 et
1113 2664 1212 2699 alios
1240 2664 1459 2708 colloquiis,
1498 2663 1597 2698 alios
1623 2664 1763 2699 litteris
1789 2664 1856 2698 im-

366 2711 544 2756 pulisset,
582 2716 628 2746 ut
654 2711 706 2746 ad
732 2712 1016 2756 imperatorem
1052 2712 1366 2756 transfugerent,
1408 2712 1494 2746 fere
1527 2721 1665 2746 omnes
1698 2711 1856 2746 deserto

367 2762 541 2803 tyranno
575 2769 665 2793 cum
697 2759 820 2804 regiis
852 2769 895 2794 se
928 2759 1238 2802 coniunxerunt,
1280 2768 1413 2803 neque
1439 2758 1465 2792 ii
1491 2759 1671 2803 gregarii
1702 2761 1859 2793 tantum

367 2806 521 2850 milites,
549 2806 619 2841 sed
639 2807 758 2841 etiam
785 2807 862 2841 viri
879 2806 1063 2851 illustres,
1091 2806 1214 2841 duces
1233 2809 1272 2842 et
1289 2806 1560 2851 magistratus,
1587 2817 1668 2841 uno
1697 2805 1859 2851 quidem

308 2853 353 2888 37
369 2864 419 2888 ex
446 2854 736 2899 insignioribus
762 2853 928 2889 Batatze
954 2854 1005 2889 ab
1032 2854 1098 2888 illo
1126 2864 1207 2889 non
1240 2853 1460 2888 deficiente.
1513 2853 1705 2888 Torniees
1735 2853 1860 2898 igitur

369 2901 420 2935 ab
449 2902 634 2937 omnibus
661 2901 886 2946 destitutus,
925 2901 1036 2936 nulla
1062 2911 1133 2947 spe
1160 2901 1361 2937 evadendi
1387 2901 1536 2945 relicta,
1577 2911 1666 2936 cum
1693 2900 1860 2936 Batatze
