2066 3230
354 252 422 291 736
733 248 912 289 ZONAR.
940 247 1070 286 EPIT.
1097 246 1229 285 XVIII
1254 246 1309 294 25,
1337 245 1464 284 6-19.

319 378 465 417 ’ἵνῶτα
510 374 581 416 καὶ
618 374 763 415 αὐτίκα
803 376 962 427 φυγεῖν.
1024 375 1149 412 ταῦτα
1188 370 1266 424 μὲν
1304 368 1379 412 οὖν
1409 374 1470 423 τῷ
1501 368 1842 424 ἐσχηματισμένῳ

354 443 515 498 βασιλεῖ
553 443 790 484 ἐνετείλατο·
838 442 993 486 ἐκεῖνος
1038 439 1083 481 δὲ
1125 438 1227 493 μετὰ
1271 443 1342 493 τῆς
1379 438 1526 493 λοιπῆς
1564 441 1752 492 στρατιᾶς
1790 435 1841 479 δι’

355 512 471 553 ὁδῶν
503 511 673 566 ἀδήλων
703 509 976 563 περιοδεύσας
1006 507 1077 549 καὶ
1107 513 1167 561 τῷ
1198 511 1283 548 τῶν
1306 507 1516 561 Φράγγων
1538 506 1736 561 ἐμβαλὼν
1766 506 1841 561 χά-

355 596 452 635 ρακι
482 580 554 625 τάς
585 596 625 620 τε
658 578 813 632 σκηνὰς
845 578 985 618 αὐτῶν
1015 576 1086 618 καὶ
1111 575 1158 616 τὰ
1182 576 1225 618 ἔν
1246 577 1388 622 αὐταῖς
1410 576 1597 630 ἕληίσατο
1618 575 1690 616 καὶ
1710 575 1844 629 φόνον

319 648 485 689 8πολὺν
507 648 742 701 ἐποιήσατο.
804 650 877 686 τοῦ
897 645 1156 699 Ἱ)ομπέρτου
1181 644 1225 686 δὲ
1247 644 1352 686 κατὰ
1381 648 1454 685 τοῦ
1487 644 1879 698 ἕσχηματισμένουὸ

354 717 558 771 βασιλέως
601 715 876 769 ὁρμήσαντος,
921 715 1114 759 κάκεῖνος
1156 713 1226 754 καὶ
1263 714 1288 767 ἡ
1327 712 1402 754 σὺν
1438 712 1555 766 αὐτῷ
1591 711 1755 766 στρατιὰ
1793 711 1842 753 τὰ

319 784 498 839 9χαλινὰ
543 783 795 838 χαλάσαντες
839 784 1006 837 ἔφυγον.
1070 782 1093 823 ὁ
1133 781 1178 823 δὲ
1220 782 1440 836 βάρβαρος
1478 781 1648 835 ἔγαυρία
1684 780 1843 835 μᾶλλον

296 860 342 894 10
354 853 425 894 καὶ
464 853 617 907 ἐπῆρτο
652 852 713 897 ὡς
745 852 1084 906 ἀπροσμάχητος.
1148 851 1191 891 ἕν
1221 850 1357 903 τούτῳ
1390 849 1435 890 δὲ
1466 849 1698 903 ἀγγέλλεται
1728 849 1845 902 αὐτῷ

141 927 340 964 ΡΙΙ298Α
353 925 426 962 τοῦ
457 921 647 975 χάρακος
678 921 703 975 ἡ
738 920 995 974 ἔκπόρθησις
1025 919 1096 960 καὶ
1127 920 1152 973 ἡ
1186 918 1334 973 φθορὰ
1365 921 1450 959 τῶν
1482 918 1577 972 ἐκεῖ,
1615 917 1686 959 καὶ
1716 917 1845 963 εὐθὺς

297 997 337 1031 11
353 994 522 1044 παρεῖτο
566 989 637 1030 καὶ
674 988 747 1034 τὰς
784 993 926 1043 χεῖρας
962 988 1032 1029 καὶ
1064 987 1139 1041 τὴν
1169 987 1313 1041 ψυχὴν
1344 986 1415 1028 καὶ
1446 986 1583 1028 ἀπιὼν
1613 987 1758 1040 ᾤχετο.
1820 985 1894 1028 61)
1914 993 1967 1030 IV
1984 993 2054 1030 239

356 1059 401 1100 δὲ
431 1057 622 1112 βασιλεὺς
654 1056 899 1098 ἐπανελθὼν
931 1058 986 1102 εἰς
1011 1056 1084 1110 τὴν
1106 1056 1439 1109 Κωνσταντίνου,
1471 1055 1728 1110 μηνυθείσης
1759 1054 1844 1094 ε’πι-

353 1127 510 1182 βουλῆς
532 1127 662 1180 αὐτῷ,
695 1126 792 1172 τούς
812 1142 854 1166 τε
875 1125 1025 1179 ταύτης
1047 1124 1350 1179 πρωτουργοὺς
1376 1125 1570 1178 συνέσχεν
1592 1124 1638 1164 ἐκ
1659 1126 1745 1164 τῶν
1775 1137 1845 1162 τα-

355 1199 569 1250 γματικῶν
595 1195 717 1240 ὄντας
749 1194 966 1249 ἀρχόντων
997 1194 1067 1234 καὶ
1098 1193 1278 1239 πολλοὺς
1309 1196 1393 1234 τῶν
1425 1192 1644 1246 ἐγχωρίων
1675 1191 1745 1232 καὶ
1775 1195 1848 1245 τῆς

355 1264 587 1318 συγκλήτου
609 1264 779 1318 βουλῆς,
803 1263 864 1308 ὡς
886 1263 988 1317 τάχα
1012 1262 1266 1315 συνίστορας,
1298 1261 1394 1307 τοὺς
1414 1261 1592 1314 πλείους,
1625 1260 1686 1306 ὥς
1707 1275 1845 1314 φασιν,

356 1331 455 1374 οὐδὲ
485 1331 594 1386 πρὸς
624 1331 837 1385 ἀλήθειαν,
871 1328 956 1371 ἀλλ’
980 1331 1045 1371 ἵνα
1068 1334 1179 1385 σφᾶς
1210 1331 1411 1385 γυμνώσῃ
1443 1333 1528 1371 τῶν
1560 1329 1906 1383 ὕπαρχόντων.15

298 1407 343 1443 12
470 1399 529 1441 ‘H
554 1400 632 1455 μὲν
670 1398 745 1440 οὖν
781 1403 854 1440 τοῦ
882 1399 1137 1454 Ῥομπέρτου
1177 1399 1358 1444 ἐπίθεσις
1393 1398 1594 1451 πέπαυτο,
1639 1397 1847 1451 ἑτέρωθεν

299 1477 344 1512 13
359 1467 395 1510 δ’
429 1468 554 1514 αὖθις
583 1473 632 1523 τῇ
659 1468 883 1522 Ῥωμαίων
914 1469 1114 1522 ἡγεμονίᾳ
1147 1467 1295 1522 ἐχθροὶ
1334 1467 1629 1507 ἐπανίστανται.
1692 1466 1732 1505 οἱ
1768 1464 1848 1519 γὰρ

365 1539 550 1592 Τοῢρκοι
585 1537 659 1591 τὴν
698 1535 811 1591 ἑῴαν
844 1534 918 1591 ὑφ’
953 1535 1126 1582 ἑαυτοὺς
1156 1535 1428 1591 ποιησάμενοι
1461 1534 1559 1576 οὐδὲ
1590 1537 1675 1575 τῶν
1706 1533 1849 1588 νήσων

300 1613 346 1648 14
359 1607 599 1660 ἀπέσχοντο.
662 1603 748 1647 ἀλλ’
788 1606 812 1646 ὁ
852 1605 1015 1660 Τζαχᾶς
1061 1604 1270 1660 (Τοῦρκος
1314 1604 1359 1645 δὲ
1402 1603 1471 1645 καὶ
1516 1601 1638 1649 οὗτος
1676 1603 1726 1643 οὗ
1764 1604 1849 1642 τῶν

360 1717 404 1752 16
429 1717 509 1763 περὶ
526 1721 596 1752 τῶν
612 1716 742 1762 νήσων,
770 1718 867 1756 ὅπως
884 1717 1041 1752 ἑάλωσαν
1058 1715 1153 1762 παρὰ
1172 1721 1231 1751 τοῦ
1254 1717 1372 1761 Τζαχᾶ
1390 1715 1429 1759 Ο,
1455 1715 1534 1760 περὶ
1552 1719 1613 1749 τοῦ
1636 1714 1798 1759 Τούρκου
1818 1713 1849 1748 Ε

432 1819 450 1853 1
479 1823 602 1864 φυγεῖν
627 1817 822 1864 AprDz·
847 1819 1007 1864 epitom.
1034 1818 1256 1862 Hoeschel.,
1283 1819 1466 1862 διαφυγεῖν
1479 1817 1549 1851 BD
1670 1815 1694 1850 4
1719 1814 1759 1851 τὰ
1774 1826 1848 1850 om.

431 1867 463 1901 E
584 1866 606 1900 5
632 1867 834 1910 Baijuo'v60v
861 1867 1020 1912 epitom.
1048 1866 1256 1901 Hoeschel.
1402 1870 1462 1899 τοῦ
1488 1867 1579 1910 post
1603 1863 1692 1899 κατὰ
1718 1874 1793 1899 om.
1820 1863 1850 1898 C

431 1915 453 1949 8
477 1914 518 1948 ἐκ
536 1915 659 1948 τούτου
678 1914 720 1958 B,
746 1914 782 1949 ἒν
801 1915 933 1952 τούτοις
952 1914 987 1947 D
1106 1914 1143 1948 δὲ
1161 1913 1206 1957 A,
1234 1913 1266 1947 δ’
1285 1911 1442 1958 prDi
1462 1914 1621 1958 epitom.
1640 1911 1848 1947 Hoesehel.

432 1962 476 1996 16
502 1961 575 2006 τοῦ]
603 1961 660 1996 τὸν
686 1961 721 1996 D
819 1962 1037 2006 ῥουμπέρτου
1057 1961 1085 1997 C
1181 1962 1354 1996 πεπαὺετο
1379 1960 1414 1994 D
1513 1961 1557 1995 17
1583 1960 1802 1994 ἐπανίσταντο
1821 1958 1850 1993 C

431 2010 476 2044 18
503 2012 596 2044 ante
621 2009 684 2054 ὑφ’
712 2009 803 2044 add.
829 2015 943 2044 πᾶσαν
970 2008 998 2044 C
1097 2009 1141 2044 19
1166 2010 1186 2043 ὁ
1212 2036 1219 2043 .
1236 2008 1265 2053 ,ἰ
1284 2035 1385 2043 .....
1413 2013 1561 2052 τοῦρκος
1587 2007 1622 2040 D
1724 2008 1850 2051 τζαχᾶς

430 2056 698 2102 ABCEwpDi,
726 2057 935 2102 Ephraem.
963 2057 1066 2100 3520,
1095 2056 1197 2091 Anu.
1224 2056 1360 2092 Comn.
1387 2056 1404 2090 I
1431 2067 1466 2102 p.
1494 2056 1574 2100 361,
1601 2055 1632 2100 9,
1659 2056 1851 2095 τζακατζᾶς

432 2104 544 2150 Glyc.
570 2115 606 2150 p.
634 2105 714 2150 6⁸20,
741 2105 762 2139 6
859 2105 919 2140 καὶ
946 2115 1020 2140 om.
1049 2104 1078 2140 C
1175 2103 1230 2148 οὐ]
1258 2104 1317 2139 καὶ
1344 2103 1412 2138 BD

324 2209 345 2244 7
361 2207 495 2242 cinctu
521 2209 598 2242 stet
624 2216 755 2252 eoque
781 2217 962 2253 pugnam
990 2208 1120 2243 ciente
1150 2210 1266 2253 tergo
1295 2206 1388 2242 dato
1416 2206 1548 2242 statim
1582 2205 1724 2250 fugiat,
1764 2205 1850 2250 ipse

361 2265 458 2290 vero
492 2265 582 2289 cum
616 2255 770 2300 reliquo
804 2256 987 2290 exercitu
1021 2266 1092 2301 per
1125 2255 1319 2299 ambages
1352 2258 1390 2289 et
1427 2254 1538 2288 invia
1575 2253 1664 2287 loca
1702 2252 1850 2287 vallum

359 2302 608 2338 Francorum
627 2313 847 2348 aggressus
866 2303 1037 2338 tentoria
1061 2312 1201 2338 eorum
1228 2302 1362 2347 diripit
1388 2311 1660 2346 magnamque
1687 2299 1852 2334 caedem

325 2350 453 2386 Sedit.
503 2350 680 2385 Roberto
708 2354 842 2386 autem
872 2351 914 2385 in
946 2351 1134 2386 ficticium
1167 2360 1305 2395 regem
1339 2351 1530 2394 impetum
1562 2349 1747 2391 faciente,
1788 2347 1852 2381 ille

325 2399 452 2434 scum
486 2399 569 2433 suis
603 2398 749 2433 laxatis
784 2399 952 2434 habenis
985 2399 1101 2444 fugit.
1153 2398 1239 2439 Qua
1271 2397 1321 2432 de
1348 2407 1471 2432 causa
1498 2397 1697 2431 barbarus
1724 2395 1852 2439 magis

363 2447 484 2480 etiam
518 2446 771 2491 gloriabatur
803 2450 842 2481 et
871 2446 1149 2489 insolescebat,
1190 2446 1304 2490 quasi
1336 2455 1453 2480 nemo
1486 2454 1622 2479 secum
1658 2441 1852 2487 congredi

304 2495 349 2529 10
363 2494 541 2528 auderet.
593 2493 756 2528 Interim
779 2504 876 2529 vero
896 2494 1082 2528 nuntiata
1101 2493 1195 2528 valli
1217 2493 1444 2528 vastatione
1463 2495 1502 2526 et
1519 2491 1684 2526 interitu
1702 2499 1852 2532 eorum,

363 2542 431 2585 qui
466 2540 545 2575 illic
576 2541 758 2585 fuissent,
798 2542 930 2576 statim
967 2545 1006 2576 et
1039 2541 1181 2576 animis
1214 2542 1252 2575 et
1281 2540 1467 2575 manibus
1494 2539 1664 2574 dimissis
1689 2536 1852 2572 recedit.

304 2590 346 2625 11
363 2588 441 2623 Sed
479 2599 551 2623 rex
585 2587 736 2633 Cpolim
769 2599 957 2624 reversus
991 2589 1145 2624 insidiis
1186 2588 1350 2623 detectis
1389 2587 1629 2632 praecipuos
1666 2588 1853 2621 auctores

364 2636 676 2681 comprehendit,
722 2637 825 2671 inter
868 2647 969 2681 quos
1012 2639 1127 2671 erant
1169 2639 1207 2671 et
1245 2635 1450 2680 legionum
1493 2634 1616 2668 duces
1660 2636 1698 2667 et
1739 2632 1851 2666 multi

363 2694 413 2718 ex
443 2683 708 2728 popularibus
742 2687 780 2719 et
813 2684 1079 2728 senatoribus,
1119 2684 1187 2728 qui
1225 2682 1513 2717 coniurationis
1552 2681 1700 2715 conscii
1739 2682 1851 2725 puta-

362 2732 522 2775 bantur,
549 2731 650 2766 falso
670 2732 863 2777 plerique,
890 2735 935 2767 ut
953 2732 1098 2775 ferunt,
1127 2742 1175 2766 ea
1194 2731 1243 2765 de
1266 2740 1390 2765 causa
1416 2730 1457 2764 in
1483 2729 1677 2763 iudicium
1704 2727 1849 2770 vocati,

362 2782 409 2813 ut
435 2779 550 2813 bonis
576 2780 845 2824 privarentur.

304 2827 350 2862 12
482 2825 719 2872 Compresso
746 2827 910 2862 Roberti
937 2827 1100 2872 impetu,
1139 2826 1302 2861 aliunde
1328 2825 1496 2860 Romani
1527 2824 1684 2869 imperii
1719 2823 1851 2857 hostes

304 2875 350 2909 13
364 2874 574 2909 exsistunt.
624 2874 724 2909 Nam
751 2874 871 2909 Turci
899 2874 1062 2910 Oriente
1094 2874 1262 2908 subacto
1295 2883 1347 2907 ne
1379 2873 1519 2907 insulis
1546 2872 1707 2916 quidem
1734 2870 1851 2904 absti-

307 2922 351 2956 14
365 2925 552 2964 nuerunt,
588 2922 659 2956 sed
685 2922 877 2966 Tzachas,
913 2922 1069 2956 Turcus
1095 2922 1160 2956 ille
1187 2921 1346 2966 quidem
1375 2931 1455 2955 non
1480 2920 1653 2962 illustris,
1693 2918 1763 2953 sed
1790 2918 1851 2953 vir
