2054 3282
407 212 477 253 <240
797 209 978 252 ZONAR.
1006 211 1135 250 ΕΡΙΤ.
1162 210 1254 250 XIV
1280 211 1337 259 25,
1365 210 1516 250 11-22.

207 343 256 379 W
273 342 330 378 III
346 343 390 377 70
407 338 685 392 ἐμβεβηκότες
725 337 963 391 ἐπανῆλθον
1001 338 1056 382 εἰς
1096 335 1140 378 τὸ
1176 335 1403 384 Βυζάντιον
1440 336 1515 378 σὺν
1551 337 1723 392 αἰσχύνῃ
1755 337 1898 393 πολλῇ.

345 410 391 445 12
404 409 567 460 μηνιῶν
612 406 657 446 δὲ
699 409 784 450 τοῖς
828 405 871 445 ἒν
914 403 1123 458 Χερσῶνι,
1173 404 1232 445 ὅτι
1276 405 1364 445 ἐκεῖ
1401 406 1731 459 περιωρισμένον
1773 406 1901 447 αὐτὸν

406 474 567 527 γνόντες
599 473 890 526 νεωτερίζοντα
923 472 1226 526 ἠβουλήθησαν
1258 473 1424 520 ἀνελεῖν,
1457 473 1604 514 στέλλει
1633 475 1809 528 τριήρεις
1829 474 1900 516 καὶ

353 542 634 596 Βὸρόμωνας
672 542 743 582 καὶ
783 546 886 595 νῆας
929 541 1071 594 ἑτέρας
1114 544 1199 581 τῶν
1243 545 1470 595 φορτηγῶν
1514 541 1588 582 σὺν
1631 542 1900 597 στρατεύματι

404 611 580 664 πλείστῳ
611 610 681 651 καὶ
715 609 806 651 δυσὶ
838 613 1091 663 στρατηγοῖς,
1125 609 1404 663 ἒντειλά,ιιενος
1433 610 1572 656 αὐτοῖς
1591 610 1651 664 μὴ
1675 611 1935 664 φείσασθαί5

347 684 391 720 13
403 695 512 724 τινος
554 682 638 718 τῶν
682 679 775 725 ἐκεῖ,
821 677 922 718 ἀλλὰ
962 677 1119 723 πάντας
1158 678 1370 731 συγκόψαι
1406 682 1491 723 τοῖς
1527 679 1693 732 ξίφεσιν.
1756 681 1800 721 οἳ
1825 679 1900 721 σὺν

406 746 543 787 οὐδενὶ
573 746 694 799 πόνῳ
733 745 801 799 (οὗ
834 745 913 800 γάρ
945 746 1194 800 ἀντέστησαν
1231 747 1271 786 οἳ
1306 749 1390 787 τῶν
1431 747 1474 787 ἓν
1503 746 1701 801 Χερσῶνι
1735 748 1901 790 πόλεων

404 813 606 867 κάτοικοι)
641 814 956 868 παραλαβόντες
987 814 1138 860 αὐτοὺς
1164 815 1349 860 ἅπαντας
1370 815 1520 869 σχεδὸν
1542 816 1788 870 ἀνῃρήκασι,
1819 817 1899 870 μό-

346 889 391 924 14
405 899 479 937 νης
521 886 593 936 τῆς
635 882 866 936 νεαζούσης
909 883 1068 936 ἡλικίας
1112 884 1236 937 μέχρι
1281 884 1513 936 μειρακίων
1559 884 1813 938 φεισάμενοι.
1876 887 1899 926 ὃ

404 950 563 1004 μαθὼν
591 950 888 998 Ἰουστινιανός,
933 950 993 991 ὅτι
1028 951 1088 1005 μὴ
1127 951 1198 992 καὶ
1236 952 1408 997 τούτους
1445 952 1616 1006 ἀνεῖλον,
1662 953 1899 1007 ἒξώργιστο,
1913 959 1960 995 10

347 1026 391 1061 15
405 1019 476 1060 καὶ
506 1018 614 1073 πρὸς
645 1018 772 1060 αὐτὸν
803 1019 1083 1073 ἀποσταλῆναι
1113 1019 1458 1074 παρεκελεύσατο.
1521 1021 1824 1068 ἀποσταλέντας
1855 1023 1900 1064 δὲ

404 1088 783 1142 καταποντισθῆναι
827 1088 871 1129 ἒν
913 1092 962 1142 τῇ
1006 1087 1198 1143 ’θαλάσσῃ
1244 1089 1396 1143 συνέβη
1441 1088 1537 1135 τοὺς
1578 1089 1782 1144 πλείονας,
1829 1091 1900 1132 καὶ

347 1164 391 1199 16
405 1155 524 1204 ἔδοξε
554 1160 675 1197 τοῦτο
706 1161 767 1210 τῷ
797 1156 959 1210 βασιλεῖ
984 1157 1261 1210 καταθύμιόν.
1324 1156 1395 1198 καὶ
1427 1155 1517 1198 οὐδ’
1551 1158 1662 1199 οὕτω
1699 1162 1771 1213 τῆς
1806 1156 2054 1200 κατ’ΒΙΙΙΞ

406 1225 577 1266 ἐκείνων
607 1225 758 1278 μανίας
791 1225 1066 1279 ἐμπέπληστο,
1100 1225 1186 1266 ἀλλ’
1220 1226 1371 1279 ἠπείλει
1402 1225 1472 1267 καὶ
1504 1225 1628 1272 αὗθις
1659 1227 1807 1268 στελεῖν
1829 1227 1900 1268 καὶ

218 1300 391 1337 ΡῘΙ97Α
406 1293 518 1334 οὕτω
556 1293 630 1347 τὴν
667 1294 815 1347 χώραν
847 1294 1111 1348 ἐξερημοῦσαι
1143 1294 1204 1339 ὡς
1235 1294 1305 1335 καὶ
1336 1293 1409 1340 τὰς
1439 1294 1577 1340 πόλεις
1607 1295 1799 1336 καθελεῖν
1830 1295 1959 1337 >calis

349 1370 393 1405 17
408 1362 660 1416 ἀροτριᾶσαι.
724 1361 790 1403 διὰ
821 1366 947 1403 ταῦτα
988 1363 1027 1403 οἱ
1064 1363 1118 1403 ἔτι
1154 1363 1485 1417 περιλειφθέντες
1522 1363 1565 1404 ἓν
1596 1363 1792 1417 Χερσιῦνι
1830 1364 1901 1405 καὶ

407 1431 448 1472 οἱ
476 1430 637 1472 τούτων
666 1431 869 1485 περίοικοι
901 1432 1256 1485 ἀποστατήσαντες
1293 1431 1539 1473 Φιλιππικὸν
1577 1432 1648 1473 τὸν
1678 1436 1751 1474 τοῦ
1785 1432 1901 1487 Βαρ-

407 1572 453 1608 13
477 1572 667 1608 ἀποστασία
692 1573 933 1616 Χερσωνιτῶν
957 1572 1018 1607 καὶ
1042 1572 1234 1617 ἀνάρρησις
1260 1573 1475 1608 Φιλιππικοῦ
1502 1578 1562 1608 τοῦ
1588 1573 1648 1607 καὶ
1676 1573 1844 1618 Βαρδάνη
1873 1573 1901 1609 Ο

406 1621 457 1654 ὅτι
483 1620 563 1659 τοὺς
589 1621 626 1655 ἐν
651 1621 816 1664 Χερσῶνι
840 1620 968 1658 πάντας
993 1620 1120 1665 σχεδὸν
1144 1621 1276 1655 ἀνεῖλεν
1302 1621 1542 1659 Ἰουστινιανός
1570 1621 1599 1655 Ε
1727 1621 1770 1656 16
1796 1621 1902 1666 ἀνάρ-

406 1682 507 1714 ρησις
537 1668 751 1703 Φιλιππικοῦ
777 1673 837 1703 τοῦ
863 1667 1033 1713 Βαρὸάνη
1062 1668 1092 1703 Ε

481 1799 514 1834 4.
542 1799 564 1834 5
599 1800 826 1844 στρατεύματι
857 1799 1007 1844 πλείστῳ
1041 1800 1100 1835 καὶ
1132 1800 1210 1835 δυσὶ
1243 1799 1456 1845 στρατηγοῖς]
1497 1799 1559 1835 De
1586 1800 1761 1835 chiasmo
1787 1811 1824 1835 v.
1852 1799 1904 1835 ad

483 1847 581 1882 XIII
609 1847 642 1892 52,
669 1848 691 1882 6
789 1847 810 1882 7
835 1849 939 1882 κόπω
966 1847 996 1882 Β
1094 1849 1115 1883 8
1141 1849 1395 1893 παρειληφότες
1423 1848 1454 1883 Ο
1559 1848 1580 1883 9
1604 1849 1847 1892 μειρακίσκων
1873 1847 1904 1883 Ο

485 1896 527 1930 11
555 1898 646 1940 post
671 1895 775 1930 αὐτὸν
801 1895 891 1930 add.
919 1895 999 1934 τούς
1023 1896 1284 1939 περισωθέντας
1311 1895 1407 1941 pr
1539 1896 1584 1930 13
1609 1901 1708 1930 τοῦτο
1737 1894 1904 1941 prDc',

483 1943 596 1978 τούτω
622 1941 690 1977 ΑΒ
791 1943 834 1977 14
860 1943 1008 1978 στελλεῖν
1033 1943 1114 1987 DE,
1142 1954 1243 1978 corr.
1270 1944 1338 1981 Dw
1437 1944 1481 1978 15
1505 1944 1607 1988 χώρα
1634 1943 1680 1987 D,
1709 1954 1809 1978 corr.
1836 1943 1903 1981 Dw

529 1991 589 2026 καὶ
616 1991 728 2036 prius
756 2001 830 2026 om.
857 1991 893 2024 D
1013 1991 1129 2026 πόλειν
1158 1991 1243 2035 (Sic)
1271 1991 1305 2025 A
1424 1992 1467 2026 16
1493 1991 1695 2036 ἀροτριάσαι
1723 1982 1903 2036 BSCEWp

526 2038 574 2073 ἔτι
603 2049 677 2074 om.
705 2038 735 2073 Ο
832 2039 1108 2084 περιληφθέντες
1136 2040 1222 2084 (Sic)
1248 2038 1293 2081 A,
1322 2050 1358 2074 V.
1387 2039 1438 2074 ad
1465 2050 1501 2084 p.
1529 2039 1609 2083 204,
1638 2039 1680 2073 11

409 2181 499 2207 rum
526 2170 702 2206 omnium
729 2170 876 2214 nervis,
911 2180 962 2205 ne
990 2170 1171 2205 hostibus
1197 2171 1288 2205 usui
1317 2174 1460 2214 essent,
1500 2170 1728 2205 conscensis
1768 2169 1905 2204 classis

351 2219 395 2254 12
409 2219 584 2254 navibus
612 2228 702 2253 cum
728 2228 879 2263 magno
907 2218 1107 2253 dedecore
1132 2218 1373 2263 Byzantium
1406 2219 1624 2254 redierunt.
1677 2217 1904 2253 Chersoniis

410 2277 531 2312 porro
558 2267 696 2310 iratus,
736 2266 846 2310 quod
872 2266 922 2301 de
949 2276 991 2301 se
1018 2267 1058 2300 in
1086 2267 1207 2301 exilio
1246 2276 1311 2301 res
1346 2276 1474 2301 novas
1500 2266 1689 2301 moliente
1727 2264 1904 2300 tollendo

411 2314 670 2359 cogitassent,
709 2314 903 2358 triremes,
943 2314 1167 2357 dromones,
1206 2324 1333 2349 naves
1373 2314 1579 2349 onerarias
1612 2323 1703 2348 cum
1728 2313 1904 2347 maximo

411 2362 594 2397 exercitu
633 2365 671 2396 et
703 2361 876 2396 ducibus
908 2361 1068 2396 duobus
1101 2362 1220 2396 mittit
1257 2362 1386 2406 iisque
1412 2361 1587 2405 mandat,
1626 2371 1677 2396 ne
1716 2361 1903 2404 cuiquam

351 2409 567 2445 lssillorum
594 2412 775 2455 parcant,
802 2409 873 2444 sed
889 2419 1027 2444 omnes
1041 2409 1187 2454 gladiis
1203 2409 1427 2444 conficiant.
1479 2408 1554 2449 Qui
1582 2419 1650 2443 eos
1676 2407 1784 2443 nullo
1812 2417 1902 2442 cum

410 2457 550 2492 labore
583 2460 778 2502 ceperunt
805 2458 953 2502 (neque
980 2458 1086 2492 enim
1112 2457 1274 2491 urbium
1302 2456 1610 2492 Chersoniarum
1629 2455 1786 2490 incolae
1811 2455 1903 2490 resi-

411 2505 585 2546 stebant)
613 2515 662 2539 ac
692 2514 823 2550 paene
850 2504 1034 2539 omnibus
1061 2505 1229 2539 sublatis
1247 2507 1516 2549 pepercerunt
1542 2504 1678 2548 pueris
1693 2503 1903 2537 dumtaxat

352 2553 398 2588 14
411 2556 450 2587 et
465 2552 804 2587 adulescentibus.
855 2551 942 2594 Quo
957 2551 1204 2587 Iustinianus
1220 2552 1382 2597 cognito
1398 2552 1535 2595 iratus,
1563 2551 1673 2596 quod
1687 2561 1769 2586 non
1784 2550 1903 2585 etiam

352 2601 397 2635 15
412 2610 480 2635 eos
508 2599 751 2643 occiderant,
778 2599 831 2634 ad.
857 2609 900 2635 se
927 2609 996 2634 eos
1020 2599 1120 2634 mitti
1147 2600 1278 2644 iussit3
1321 2599 1389 2644 qui
1416 2609 1504 2634 cum
1532 2599 1641 2633 missi
1669 2601 1811 2640 essent,
1849 2597 1903 2632 fa-

412 2650 518 2682 ctum
538 2651 609 2690 est,
635 2650 679 2682 ut
692 2647 870 2682 maxima
896 2650 1077 2693 exparte
1103 2647 1144 2681 in
1163 2647 1262 2681 mari
1279 2647 1468 2692 perirent,
1496 2656 1601 2692 quac
1628 2656 1691 2681 res
1716 2646 1805 2691 regi
1820 2647 1907 2680 erat

353 2696 397 2730 16
413 2695 621 2740 voluptati.
672 2694 752 2730 Sed
771 2705 822 2730 ne
849 2695 906 2730 sic
933 2695 1094 2740 quidem
1113 2695 1252 2730 furore
1277 2695 1318 2728 in
1345 2694 1431 2729 illos
1459 2694 1618 2739 expleto
1645 2694 1821 2728 minatus
1848 2696 1907 2727 est

412 2752 454 2777 se
481 2742 614 2777 denuo
643 2744 768 2788 copiis
793 2743 924 2778 missis
949 2745 1006 2778 ita
1024 2743 1233 2788 regionem
1258 2742 1365 2776 illam
1385 2745 1674 2785 evastaturum,
1701 2745 1746 2775 ut
1760 2740 1907 2785 quibus

352 2791 396 2825 17
412 2790 508 2824 locis
533 2790 656 2825 urbes
683 2791 863 2834 fuissent,
897 2800 997 2825 arva
1024 2790 1264 2825 colerentur.
1315 2789 1572 2835 Quapropter
1597 2788 1906 2825 Cher-soniorum

413 2847 518 2881 quae
538 2838 615 2871 iam
632 2841 747 2873 erant
762 2838 957 2883 reliquiae
971 2847 1194 2883 eorumque
1205 2836 1359 2872 finitimi
1388 2838 1439 2872 ad
1455 2838 1723 2873 defectionem
1748 2835 1905 2880 impulsi

412 2883 686 2930 philippicum,
713 2884 911 2921 Bardanis
939 2885 1073 2930 filium,
1101 2895 1218 2931 quem
1247 2885 1297 2920 ab
1317 2883 1528 2931 Apsimaro
1557 2886 1595 2920 in
1624 2883 1905 2930 Cephaleniam
