2054 3282
156 231 158 233 ‚
209 244 604 285 CONSTANTles
629 247 811 286 DVCAS.
861 247 1255 287 CONSTANTINVS
1281 250 1565 288 EVNVCHVS.
1636 251 1707 288 453

48 364 55 411 J
78 369 135 407 lv
146 369 194 407 47
329 366 411 423 Τῆς
442 365 479 409 δ’
513 369 660 424 ἑορτῆς
690 373 764 424 τῆς
791 374 1071 426 πεντηκοστῆς
1101 371 1300 426 ἐνστάσης
1335 372 1482 427 ἔστεψε
1511 372 1583 415 τὸν
1614 372 1706 415 υἱὸν
1720 379 1763 414 21

160 462 163 465 -
206 435 337 478 αὐτοῦ
368 436 393 477 ὅ
424 436 616 490 βασιλεὺς
645 437 717 479 καὶ
757 438 1012 493 ἀνηγόρευσε
1048 439 1232 494 βασιλέα.
1294 441 1492 494 ἕκτομίαν
1523 438 1561 483 δ’
1594 442 1765 496 ἔχων22

205 503 446 559 θεράποντα
484 505 508 546 ὁ
537 506 732 560 μυσαρὰς
762 506 982 561 Σαμωνᾶς
1012 508 1332 550 Κωνσταντῒνον
1374 509 1794 564 ὀνομαζόμενον,ΡΙΙ
1808 515 1917 552 181Α

204 572 252 614 ἐκ
291 573 338 614 δὲ
379 572 682 628 Παφλαγονίας
721 574 957 629 γενόμενον,
1002 580 1052 631 τῇ
1094 576 1288 632 δεσποίνῃ
1326 581 1474 619 τοῦτον
1517 577 1706 620 δέδωκεν

167 641 261 687 δεῖς
291 641 530 695 ὑπηρεσίαν.
592 642 679 683 ἐπεὶ
711 643 757 685 δὲ
786 648 837 698 τῇ
868 643 1082 699 βασιλίσσῃ
1117 645 1189 686 καὶ
1229 645 1347 700 αὐτῷ·
1383 650 1446 700 τῷ
1487 650 1705 700 κρατοῦντι
1717 653 1764 688 23

201 708 293 750 λίαν
324 709 349 750 ὁ
380 709 698 757 Κωνσταντῖνος
728 707 934 765 ᾠκείωτο,
979 713 1037 759 εἷς
1074 714 1308 767 βασκανίαν
1338 713 1364 755 ὁ
1394 713 1575 768 βέβηλος
1605 715 1702 769 ἠρέ-

203 777 323 819 θιστο
345 777 564 832 Σαμωνᾶς
584 779 655 820 καὶ
676 779 785 834 πρὸς
813 778 885 821 τὸν
915 780 1085 835 βασιλέα
1117 786 1308 823 κατεῖπεν
1339 781 1469 823 αὐτοῦ
1501 782 1563 828 ὡς
1593 783 1702 836 ἐρω-

201 846 333 900 μένου
376 850 426 901 τῇ
468 847 699 902 βασιλίσσῃ.
762 848 1052 903 ζηλοτυπήσας
1092 848 1168 890 οὖν
1205 850 1230 891 ὁ
1270 850 1395 892 Λέων
1438 850 1763 906 ἀποκαρῆναι24

201 917 348 955 τοῦτον
377 915 607 968 προσέταξε
637 915 849 970 μοναχόν·
890 917 961 958 καὶ
993 915 1081 971 μετ’
1115 918 1166 959 οὗ
1197 917 1306 959 πολὺ
1337 919 1423 972 ἄγει
1456 922 1603 960 τοῦτον
1632 919 1704 960 καὶ

143 992 190 1027 10
201 982 472 1037 ἀποδυθῆναι
510 983 710 1030 κελεύσας
746 983 794 1025 τὰ
834 985 1045 1039 μοναχικά
1078 985 1215 1040 ἅμφια
1248 985 1319 1027 καὶ
1349 986 1558 1041 κοσμικὴν
1588 1003 1702 1041 περι-

199 1050 405 1105 βαλέσθαι
448 1051 597 1106 στολὴν
634 1052 795 1106 μᾶλλον
831 1054 856 1107 ἢ
889 1052 1095 1107 πρότερον
1135 1052 1262 1095 αὐτὸν
1303 1055 1559 1108 ᾠκειώσατο.
1622 1056 1702 1096 οὐκ

200 1118 350 1161 ἀνεκτὰ
388 1116 426 1161 δ’
459 1119 567 1174 ἦσαν
603 1124 730 1162 ταῦτα
769 1125 829 1175 τῷ
859 1121 1069 1176 Σαμωνᾷ.
1134 1122 1284 1176 γράφει
1327 1122 1464 1162 τοίνυν
1507 1122 1703 1176 λοίδορόν
1716 1133 1762 1168 25

201 1203 234 1228 τι
266 1187 527 1242 γραμμάτιον
559 1188 625 1229 διά
656 1204 766 1235 τινος
795 1192 881 1230 τῶν
913 1189 1057 1244 αὐτοῦ,
1103 1190 1174 1231 καὶ
1212 1194 1334 1231 τοῦτο
1373 1190 1508 1244 ῥιπτεῖ
1539 1191 1644 1232 ἔνθα
1677 1191 1746 1235 ὁΒ

199 1255 391 1310 βασιλεὺς
423 1256 703 1298 διελεύσεσθαι
741 1257 927 1311 ἔμελλεν·
974 1258 1078 1312 ὅπερ
1121 1259 1261 1312 εὑρὼν
1298 1259 1455 1305 ἐκεῖνος
1490 1259 1562 1300 καὶ
1598 1259 1699 1300 ‹iva-
1714 1269 1760 1304 26

143 1333 187 1369 15
201 1323 325 1378 γνοὺς
363 1323 515 1379 ἤλγησέ
552 1340 593 1366 τε
632 1325 703 1366 καὶ
734 1325 804 1367 τὸν
834 1326 1092 1381 πεποιηκότα
1127 1327 1268 1382 ἐζήτει.
1332 1326 1390 1372 εἷς
1421 1326 1497 1368 οὖν
1527 1343 1585 1374 τις
1614 1331 1700 1369 τῶν
1713 1338 1758 1374 27

199 1392 451 1435 συνειδότων
492 1392 567 1448 τὴν
608 1396 759 1447 πρᾶξιν
797 1394 948 1449 ταύτην
987 1400 1049 1449 τῷ
1078 1395 1276 1449 Σαμωνᾷ
1314 1399 1461 1437 τοῦτον
1497 1395 1598 1437 εἶναι
1629 1395 1700 1437 τὸν

199 1461 376 1516 ἐργάτην
413 1465 486 1504 τοῦ
520 1461 718 1516 λοιδόρου
748 1462 911 1517 βιβλίου
943 1468 1004 1518 τῷ
1035 1467 1254 1517 κρατοῦντι
1287 1463 1509 1517 ἐδήλωσεν.
1571 1464 1698 1506 ἕκλεί-
1713 1476 1759 1511 ‘28

19 1030 39 1092 ε,

202 1590 221 1626 1
247 1591 298 1626 ὅτι
322 1591 468 1636 ἔστεψεν
492 1591 514 1626 o‘
527 1591 634 1627 Λέων
658 1591 716 1627 τὸν
741 1592 871 1627 οἰκεῖον
896 1593 972 1628 υἱόν
1000 1591 1063 1629 CE
1159 1592 1182 1629 5
1207 1594 1271 1628 ὅσα
1296 1598 1459 1629 κατεῖπεν
1477 1593 1498 1628 ὁ
1519 1594 1699 1638 Σαμωνᾶς

200 1643 262 1675 τοῦ
286 1638 452 1684 ε’κτομίου
478 1640 761 1675 Κωνσταντίνου·
787 1640 848 1676 καὶ
873 1641 937 1676 ὅσα
961 1641 1010 1680 εἰς
1034 1640 1170 1676 ἐκεῖνον
1193 1640 1326 1687 ἐγένετο
1352 1640 1417 1677 ΟΕ

273 1759 290 1794 1
318 1758 351 1794 δ’
373 1769 448 1794 om.
463 1757 493 1795 C
589 1759 712 1805 ἑορτῆς
737 1758 777 1795 δὲ
801 1758 872 1794 BD
971 1760 1004 1795 1.
1021 1759 1044 1795 2
1067 1760 1158 1795 λέων
1183 1761 1203 1795 ὁ
1231 1759 1460 1805 αὐτοκράτωρ
1486 1759 1543 1796 τόν
1568 1761 1700 1796 οἰκεῖον

269 1805 345 1842 υἱὸν
359 1805 392 1842 Ο
480 1806 503 1842 2
517 1805 748 1852 ἀνηγόρευσεν
760 1806 865 1843 αὐτὸν
876 1808 956 1853 βασ.
973 1807 1041 1843 Ew
1159 1807 1198 1842 δὲ
1213 1807 1243 1843 Ε
1339 1808 1362 1843 5
1377 1811 1466 1854 post
1479 1808 1519 1843 δὲ
1532 1808 1624 1844 add.
1639 1809 1699 1844 καὶ

270 1852 369 1900 pr
472 1853 496 1889 8
518 1854 699 1900 βασιλίσση
727 1854 774 1898 D,
824 1855 1002 1901 ασιλίσσης
1028 1819 1096 1893 Ιξκν
1195 1856 1310 1891 τοίνυν
1337 1855 1369 1891 Ο
1467 1856 1490 1891 9
1514 1856 1588 1901 ἄγει
1617 1855 1698 1900 ΑΕ,

268 1901 486 1937 ἀνακαλεῖται
514 1901 623 1947 pr‚
651 1912 688 1938 v.
714 1901 786 1939 XV
833 1901 888 1947 15,
905 1903 922 1937 l
1021 1902 1055 1939 9.
1084 1903 1129 1938 10
1153 1902 1212 1938 καὶ
1238 1902 1477 1949 ἀποδυθῆναι]
1504 1904 1698 1949 ἐκδοθῆναι

270 1948 318 1993 D,
342 1948 538 1995 ἕκδυῧῆναι
565 1948 633 1987 Dw
733 1950 778 1985 10
802 1950 937 1985 κελεύει
957 1949 987 1987 C
1084 1965 1105 1986 α
1123 1964 1205 1995 αρια
1232 1951 1408 1996 (punctis
1422 1954 1620 1992 notatum)
1650 1951 1698 1994 I),

268 1997 387 2042 ἅμφια
413 2006 515 2032 corr.
541 1996 609 2034 Dw
709 1998 752 2032 13
778 2002 878 2034 τοῦτο
905 2008 980 2034 oin.
1003 1996 1071 2043 Dc,
1099 1998 1239 2033 Haasii
1266 1999 1530 2034 annotatione
1557 1998 1610 2034 ad
1638 2009 1697 2035 vs.

272 2044 314 2080 15
340 2044 567 2090 pertinente
593 2044 672 2080 huc
698 2055 910 2091 perperam
936 2046 1064 2081 relata
1173 2045 1283 2090 ῥίπτει
1311 2045 1347 2080 D
1460 2045 1504 2081 15
1531 2046 1696 2092 ἧλγήσετε

268 2091 316 2135 D,
343 2102 445 2128 corr.
472 2090 541 2130 Dw
697 2095 792 2128 ante
815 2092 926 2139 ἐζήτει
954 2093 1046 2128 add.
1075 2098 1175 2129 τοῦτο
1205 2091 1362 2140 prDi
1389 2095 1442 2134 (v,
1469 2093 1522 2129 ad
1550 2104 1607 2129 vs.
1636 2094 1694 2135 13)

272 2140 315 2176 17
340 2139 520 2185 §uulpem
546 2138 595 2184 D,
622 2149 723 2176 corr.
750 2138 819 2179 Dw

197 2250 262 2283 tus
281 2249 341 2283 est
358 2246 567 2286 suadente,
595 2250 639 2283 ut
657 2257 772 2283 suam
790 2247 1026 2293 religionem
1046 2251 1307 2283 conservaret
1325 2252 1448 2294 atque
1467 2248 1507 2283 in
1527 2248 1697 2294 patriani

195 2294 359 2336 rediret,
384 2294 494 2341 quod
520 2298 560 2331 et
585 2295 671 2341 ipse
697 2305 769 2341 per
795 2296 1047 2331 occasionem
1075 2296 1258 2331 facturus
1282 2299 1399 2331 esset.

315 2342 361 2378 In
388 2344 490 2378 festo
517 2346 770 2388 pentecostes
797 2343 920 2378 filiuni
947 2352 1064 2378 suum
1091 2353 1163 2378 rex
1191 2353 1341 2378 corona
1369 2343 1528 2378 ornavit
1547 2338 1754 2388 regem-'21

196 2399 276 2437 que
306 2389 537 2437 appellavit.
590 2389 776 2426 Ceterum
817 2389 981 2426 odiosus
1007 2389 1072 2426 ille
1098 2389 1294 2427 Samonas
1331 2390 1561 2426 eunuchum
1589 2390 1698 2426 1111111-
1712 2385 1759 2421 ‘2⁶2

196 2442 323 2474 strum
361 2447 479 2473 sumn
505 2437 812 2474 Constantinum
851 2447 901 2473 ex
938 2436 1218 2483 Paphlagonia
1258 2437 1473 2473 oriundum
1511 2438 1698 2474 dominae

196 2484 248 2520 ad
275 2485 539 2521 ministerium
566 2485 752 2530 tradidit3
791 2486 857 2531 qui
886 2495 977 2521 cuin
1004 2489 1043 2520 et
1079 2486 1249 2530 reginae
1286 2489 1326 2521 et
1363 2486 1437 2531 ipsi
1464 2485 1696 2531 imperatori
1711 2481 1758 2516 23

197 2542 390 2579 percarus
415 2539 530 2578 esset,
563 2533 759 2579 profanus
785 2533 981 2569 Santonas
1019 2532 1173 2567 invidia
1199 2532 1426 2569 stimulatus
1453 2532 1561 2568 illum
1588 2533 1697 2579 apud

196 2589 335 2626 regem
362 2579 514 2624 detulit,
542 2581 657 2626 quasi
685 2580 736 2615 ab
756 2581 900 2626 regina
918 2584 1143 2625 amareturt,
1171 2590 1288 2625 quem
1309 2579 1392 2615 Leo
1419 2591 1469 2615 ex
1497 2580 1698 2626 zelotypia
1711 2576 1757 2612 24

197 2638 270 2674 pro
296 2627 494 2664 monacho
522 2627 680 2664 tonderi
700 2638 775 2663 nec
793 2628 917 2663 multo
938 2631 1026 2673 post
1046 2629 1232 2663 revocari
1250 2637 1298 2663 ac
1316 2628 1538 2663 monastico
1558 2627 1699 2663 habitu

196 2679 320 2711 exuto
347 2675 504 2711 civilem
546 2679 698 2712 vestem
741 2685 946 2711 resumere
972 2675 1096 2718 iussit,
1136 2685 1267 2719 eoque
1304 2675 1541 2711 familiarius
1578 2676 1697 2711 etiam

197 2731 318 2769 quam
345 2723 457 2770 prius
494 2733 593 2759 usus
620 2728 690 2759 est.
742 2723 785 2759 Id
814 2723 1014 2758 Samonae
1052 2722 1345 2758 intolerabilius
1382 2723 1524 2758 visum.
1575 2722 1698 2759 Curat
1712 2720 1758 2756 ‘25

198 2769 322 2816 igitur
348 2781 420 2817 per
446 2780 611 2807 suorum
646 2770 848 2817 quendam
889 2770 1064 2806 libellum
1103 2770 1297 2806 conviciis
1335 2770 1497 2816 plenum
1524 2770 1698 2806 scriben-

196 2817 290 2853 dum
317 2827 492 2864 eumque
518 2818 652 2862 abicit,
692 2828 773 2864 qua
812 2828 883 2854 rex
923 2822 1009 2853 erat
1035 2818 1297 2861 transiturum
1335 2827 1415 2863 quo
1442 2817 1506 2854 ille
1532 2818 1696 2854 invento
1711 2816 1758 2851 26

196 2867 236 2901 et
261 2864 364 2901 lecto
390 2865 518 2902 doluit
543 2869 834 2912 auctoremque
860 2866 1080 2911 requisivit.
1130 2864 1245 2901 Unus
1283 2865 1408 2911 igitur
1447 2875 1497 2900 ex
1525 2866 1613 2902 elus
1639 2863 1757 2901 rei27

197 2913 368 2949 consciis
386 2911 602 2951 Samonam
629 2913 749 2950 libelli
771 2914 910 2949 famosi
939 2917 1147 2949 auctorem
1167 2923 1256 2949 esse
1275 2913 1362 2960 regi
1382 2913 1546 2949 indicat.
1597 2912 1696 2951 Cum
1711 2910 1758 2947 28
