2054 3282
340 206 410 244 392
718 205 898 245 ZONAR.
926 206 1056 244 EPIT.
1084 205 1174 244 XVI
1201 205 1233 251 2,
1261 205 1300 244 31
1314 206 1388 253 —3‚
1414 207 1447 244 3.

295 330 530 385 Βσκάμνον
573 330 722 384 εἶσέὸυ,
766 329 836 372 καὶ
873 329 897 370 ὁ
929 328 1113 383 σφαγεὺς
1150 328 1255 370 κατὰ
1294 333 1366 384 τῆς
1403 329 1531 372 αὐτοῦ
1570 328 1746 385 γαστρὸς
1787 328 1835 372 τὸ

341 400 462 454 ξίφος
488 400 605 447 ὠθεῖ,
638 399 708 440 καὶ
739 403 811 440 τοῦ
834 398 986 451 Βάρόα
1019 397 1140 451 ξίφος
1172 398 1435 452 ἕσπασμένου
1466 398 1537 440 καὶ
1573 399 1835 446 ἀνασείοντος

340 467 411 509 καὶ
455 468 721 513 ἀπειλοῦντος
762 467 930 521 πλήξειν
968 466 1085 520 αὐτῷ
1120 465 1192 507 τὸν
1229 467 1467 518 ἀμυνοῦντα
1504 472 1565 521 τῴ
1596 467 1833 522 θνήσκοντι.

281 537 365 577 3Ξὸ
396 536 474 590 μὲν
514 535 589 577 οὖν
627 535 871 580 Θεόκτιστος
910 534 1092 589 ἀνῄρητο
1130 535 1273 589 ὥσπερ
1312 536 1483 590 εἴρηται·
1527 537 1553 590 ἡ
1587 536 1634 578 δέ
1671 551 1715 590 γε
1757 535 1992 590 βα-ΒΠΤ8

342 604 441 651 σιλὶς
472 605 534 650 ὡς
565 605 673 657 ἔγνω
705 602 751 645 τὸ
784 603 967 657 γεγονός,
1001 603 1173 657 ἐξέθορε
1205 607 1279 645 τοῦ
1310 604 1509 658 θαλάμου
1542 604 1737 659 γοωμένη
1766 603 1872 646 καὶὸ

341 688 401 725 τῳ
434 673 516 713 vio&
545 672 848 753 λοιὸορουμένη
882 671 953 712 καὶ
983 676 1045 725 τῷ
1077 671 1287 726 ὁμαίμονι,
1321 673 1574 727 ἐπαρωμένη
1600 688 1642 714 τε
1663 672 1734 714 καὶ
1755 673 1837 728 ἀμ-

68 744 262 781 W111127
282 745 328 780 33
342 745 440 794 φοῖν
471 740 647 794 τοιούτῳ
678 740 778 781 τέλει
808 739 879 781 τὸν
910 740 1002 794 βίον
1034 740 1285 788 ὑπεξελθεῖν.
1350 741 1374 782 ὁ
1401 740 1446 782 δὲ
1467 741 1643 795 Βάρὸας
1674 741 1836 783 ἐπισυν-

342 809 486 850 άπτων
517 808 653 849 κακὸν
674 825 721 850 τα
755 814 881 862 κακῷ
903 807 973 850 καὶ
994 808 1042 849 τὰ
1064 808 1173 863 πρὸς
1203 809 1277 864 τὴν
1304 810 1458 851 οικείαν
1478 809 1650 864 μελέτην
1672 811 1836 852 οἰκονο-

341 877 568 931 μούμενος,
602 877 673 918 καὶ
705 877 834 932 αὐτὴν
854 877 928 932 τὴν
949 877 1139 932 βασιλίδα
1163 877 1395 932 Θεοδώραν
1426 878 1724 933 συνεβούλευσε
1753 882 1839 920 τῶν

282 950 329 985 34
342 945 590 999 ἀνακτόρων
628 949 895 1000 κατενεγκεῖν.
958 947 983 1000 ἡ
1018 945 1063 987 δὲ
1101 951 1265 988 συνεῖσα
1303 946 1349 988 τὸ
1386 947 1694 1001 βουλευόμενον
1730 948 1836 988 ἅντι-
1856 950 1899 986 10

342 1019 483 1068 στῆναι
527 1015 605 1069 οὐχ
648 1015 876 1069 ᾔρετίσατο,
925 1016 989 1056 ἵνα
1032 1014 1092 1069 μὴ
1139 1015 1295 1069 σφαγαὶ
1340 1016 1587 1070 ἀνθρώπων
1630 1016 1836 1070 συμβῶσι.

227 1087 256 1125 C
282 1088 328 1123 35
340 1084 702 1137 μεταπεμψαμένη
738 1083 783 1124 δέ
815 1099 859 1137 γε
889 1083 986 1129 τοὺς
1016 1088 1088 1138 τῆς
1119 1084 1288 1139 βουλῆς,
1320 1084 1453 1139 ςεαύτὴ
1476 1084 1589 1138 μέν”
1616 1085 1697 1138 ἔφη
1723 1084 1839 1125 “τῶν

341 1151 562 1206 βασιλείων
594 1151 823 1206 ἐξίσταμαι·
857 1153 921 1193 ἵνα
955 1152 1000 1194 δὲ
1030 1152 1089 1207 μὴ
1124 1154 1197 1207 ἔχη
1229 1154 1358 1208 λέγειν
1390 1154 1413 1195 ὁ
1443 1152 1633 1207 βασιλεὺς
1655 1153 1716 1200 ὥς
1737 1152 1837 1194 κενὰ

341 1220 576 1275 θησαυρῶν
598 1220 655 1261 ’τὰ
687 1225 847 1274 ταμιεῖα
880 1222 1032 1275 εὕρηκε
1064 1221 1111 1262 τὰ
1151 1222 1348 1276 βασίλεια,
1394 1221 1460 1263 διὰ
1497 1225 1618 1262 τοῦτο
1655 1221 1753 1275 ὑμῖν
1788 1220 1837 1262 τὰ

282 1294 328 1330 36
342 1289 700 1343 τεθησαυρισμένα
731 1289 905 1344 &qm-’²
936 1290 1006 1331 καὶ
1038 1291 1184 1332 αὐτίκα
1215 1290 1312 1337 τοὺς
1342 1291 1490 1345 ταμίας
1521 1291 1644 1332 εἰπεῖν
1676 1290 1837 1332 ἐκέλευε
1855 1292 1898 1328 15

343 1428 364 1462 7
390 1429 439 1462 ὅτι
466 1428 525 1462 καὶ
550 1428 571 1473 ἦ
597 1428 731 1473 βασιλὶς
762 1428 935 1473 Θεοόώρα
962 1434 1032 1463 τῶν
1058 1429 1267 1474 ἀνακτόρων
1292 1429 1427 1474 ἀπῆλθε
1456 1430 1657 1474 γνωρίσασα
1683 1434 1752 1467 τοῖς
1777 1434 1837 1474 τῆς

341 1476 471 1521 βουλῆς
497 1477 560 1510 ὅσα
587 1480 652 1520 (γν.
670 1475 733 1521 τὴν
758 1476 948 1522 ἐπιβουλὴν
973 1477 1034 1512 καὶ
1059 1478 1123 1512 ὅσα
1142 1477 1186 1520 Ε)
1212 1477 1375 1522 χρήματα
1391 1477 1486 1522 παρὰ
1512 1478 1602 1521 (om.
1622 1477 1667 1519 E)
1693 1482 1762 1516 τοῖς
1780 1490 1837 1513 τα-

341 1524 452 1567 μειόις
478 1523 725 1568 καταλιμπάνει
753 1523 927 1568 (κατέλιπε
954 1524 999 1569 Ε)

416 1652 434 1686 1
463 1656 558 1687 ante
585 1652 742 1696 σκάμνον
768 1652 859 1687 add.
886 1652 954 1687 ὑπὸ
981 1652 1077 1698 pr
1189 1653 1219 1687 l.
1245 1653 1267 1688 ‘2
1293 1653 1370 1688 κατ’
1396 1653 1503 1688 αὐτοῦ
1525 1653 1530 1696 Ι
1553 1658 1612 1688 τοῦ
1639 1656 1730 1696 (om.
1758 1652 1837 1698 wp)

414 1699 453 1734 τὸ
478 1701 581 1744 ξίφος
608 1700 702 1735 ὠθεῖ
722 1705 781 1745 τῆς
807 1700 954 1745 γαστρὸς
983 1701 1079 1746 Ewp
1202 1701 1224 1736 3
1250 1701 1414 1746 θνήξοντι
1441 1699 1606 1746 EwpDi,
1632 1701 1837 1736 morienti:

420 1748 488 1784 Wo
514 1747 581 1783 lat.
679 1748 701 1783 6
728 1748 993 1793 λοιδορούμενοι
1021 1748 1067 1792 D,
1096 1759 1198 1784 corr.
1214 1748 1282 1786 Dw
1379 1750 1492 1783 καίτοι
1510 1748 1557 1792 D,
1585 1749 1712 1794 καὶτῷ
1739 1759 1839 1784 corr.

415 1794 484 1833 Dw
619 1799 714 1831 ante
740 1801 790 1840 τῷ
815 1797 873 1840 ὁμ.
901 1807 975 1831 om.
1003 1796 1063 1831 καὶ
1086 1796 1116 1830 Ε
1254 1797 1274 1831 7
1302 1797 1496 1837 ὕπέξελθον
1522 1796 1569 1840 D,
1597 1807 1697 1832 corr.
1724 1796 1793 1835 Dw

463 1843 681 1878 ε’πισυνάπτει
709 1843 744 1877 D
843 1844 865 1879 8
890 1848 996 1879 κακῶ
1023 1849 1072 1878 τῶ
1098 1848 1204 1878 κακῶ
1230 1844 1278 1888 D,
1304 1849 1410 1879 κακῶ
1434 1843 1548 1879 κακὸν
1566 1843 1645 1888 Dw‚
1672 1849 1777 1879 κακῶ
1803 1843 1842 1879 τὸ

416 1891 530 1925 κακὸν
548 1891 579 1925 Ε
666 1891 962 1935 οἶκονομούμενος
980 1891 1059 1936 ΑΕ,
1077 1893 1330 1936 προκαθιστῶν
1348 1906 1382 1926 τε
1400 1891 1459 1926 καὶ
1476 1892 1842 1936 προοικονομούμενος

417 1937 544 1983 BSwp,
569 1939 881 1983 προκαθιστῶντος
906 1939 966 1974 καὶ
990 1941 1356 1984 προοικονομούμενος
1378 1939 1417 1984 Ο,
1442 1940 1693 1983 προκαθιστῶν
1718 1954 1754 1974 τε
1781 1939 1842 1974 καὶ

415 1987 699 2031 προβουλόμενος
717 1986 764 2029 D,
792 1987 863 2021 sed
888 1987 939 2021 ad
958 1987 1114 2031 προκαθ.
1142 1988 1334 2022 asterisco
1362 1988 1491 2032 posito
1519 1987 1587 2024 Dw
1614 1987 1722 2022 add.:
1748 1987 1842 2022 οἷκο-

415 2034 631 2079 νομούμενος
752 2034 774 2069 9
799 2033 907 2079 αὐτὴν
934 2035 1012 2078 Dw‚
1040 2035 1133 2069 οὕτω
1160 2035 1194 2068 Ι)
1315 2035 1544 2080 συνεβούλοσε
1570 2034 1617 2078 D,
1645 2045 1745 2070 corr.
1773 2034 1842 2072 Dw
2038 2062 2049 2082 1-

418 2081 461 2115 11
489 2084 580 2127 post
597 2083 781 2127 συμβῶσιν
799 2082 891 2117 add.
911 2083 1089 2127 ὁμογενῶν
1109 2082 1205 2128 pr
1294 2083 1339 2117 12
1364 2096 1401 2127 γε
1421 2093 1495 2117 om.
1515 2083 1610 2127 Ewp
1699 2083 1742 2117 13
1767 2083 1840 2127 ἔχοι
2035 2086 2049 2121 ἒξ

418 2128 450 2164 Ο
550 2129 594 2164 14
618 2130 813 2174 θησαυρῶν
838 2128 984 2175 AEwp,
1010 2129 1205 2175 χρημάτων
1231 2129 1262 2166 Ο
1381 2129 1420 2164 τὰ
1446 2135 1581 2173 ταμιεῖα
1607 2128 1774 2175 prDi,
1801 2129 1841 2165 τὰ
2027 2127 2043 2172 ,ἶ

417 2175 456 2212 τὰ
479 2182 560 2221 μεῒα
577 2175 624 2221 A,
653 2187 727 2212 om.
747 2177 794 2221 D,
821 2183 956 2221 ταμιεῖα
975 2177 1052 2221 Dw‚
1080 2177 1120 2212 τὰ
1138 2183 1259 2222 ταμεῖα
1279 2179 1380 2212 coni.
1399 2178 1517 2221 B-W,
1544 2188 1581 2212 V.
1601 2177 1653 2212 ad
1672 2188 1708 2223 p.
1723 2177 1804 2222 418,
1820 2178 1840 2213 7

464 2225 599 2269 εὕρεικε
625 2224 673 2270 D,
701 2235 802 2260 corr.
829 2224 898 2262 Dw
996 2225 1079 2270 ἡμῖν
1104 2225 1140 2259 D
1241 2226 1284 2260 15
1309 2226 1470 2260 ἐκέλευσε
1496 2225 1592 2270 Ewp
2037 2242 2053 2270 ,ς

347 2359 491 2391 ventre
529 2357 615 2391 eius
655 2356 804 2401 defigit,
846 2356 980 2391 Barda
1015 2367 1178 2401 quoque
1204 2357 1384 2391 strictum
1427 2367 1562 2391 ensem
1590 2357 1776 2390 vibrante
1802 2359 1841 2391 et

347 2413 487 2439 necem
515 2404 550 2438 ei
576 2404 797 2447 minitante,
825 2405 893 2449 qui
920 2404 1106 2438 morienti
1132 2404 1185 2438 illi
1215 2414 1330 2448 opem
1360 2406 1491 2439 ferret.

287 2449 334 2483 32
467 2451 700 2486 Theoet-isto
727 2451 784 2486 ita
810 2451 980 2494 sublate,
1008 2452 1152 2496 regina
1180 2452 1360 2486 facinore
1387 2451 1548 2496 cog-nito
1577 2451 1733 2485 eiulans
1759 2451 1842 2485 tha·

348 2500 452 2533 lamo
480 2499 653 2543 exsiluit,
695 2499 888 2534 conviciis
927 2499 1050 2533 filium
1090 2502 1129 2534 et
1165 2500 1329 2533 fratrem
1368 2499 1564 2533 insectata
1604 2502 1642 2533 et
1680 2499 1842 2543 utrique

288 2544 334 2579 33
348 2546 513 2581 similem
540 2526 746 2582 intel-'itum
772 2547 1004 2590 imprecata.
1055 2545 1211 2581 Bal-das
1251 2556 1348 2581 vero
1388 2547 1535 2580 malum
1574 2546 1679 2580 malo
1708 2556 1842 2580 eumu-

348 2594 435 2628 lans
468 2598 506 2628 et
533 2594 584 2628 ad
611 2594 777 2629 consilia
803 2604 877 2628 sua
904 2593 1167 2638 exsequenda
1195 2594 1302 2628 viani
1343 2604 1429 2639 palu
1419 2603 1491 2628 ms
1523 2594 1651 2638 ipsam
1680 2603 1843 2638 quoque

288 2638 530 2687 341e01nam
565 2651 587 2676 e
613 2642 726 2687 regia
755 2641 1043 2676 removendam
1077 2651 1165 2676 esse
1192 2641 1345 2676 suadet.
1399 2641 1485 2682 Quo
1524 2641 1688 2675 consilio
1717 2640 1842 2675 Theo-

350 2689 450 2723 dora
475 2689 679 2724 intellecto
719 2689 771 2723 ad
810 2689 999 2723 vitandas
1042 2689 1246 2723 hominum
1286 2689 1431 2723 eaed<s
1463 2699 1544 2722 non
1572 2688 1841 2722 resistendum

289 2734 335 2769 35
349 2746 436 2771 esse
463 2737 619 2771 censuit
651 2736 723 2772 sed
750 2737 942 2771 arcessito
970 2740 1135 2771 senatu:
1171 2736 1296 2781 “Ipsa
1323 2735 1516 2781 quidem”
1540 2736 1671 2780 inquit
1696 2736 1842 2780 “regia

350 2783 461 2818 cedo.
513 2783 572 2819 Ne
612 2794 709 2819 vero
737 2794 808 2819 rex
839 2784 973 2819 dicere
1001 2785 1124 2828 possit
1162 2793 1205 2818 se
1243 2784 1443 2818 thesauris
1481 2793 1613 2818 vacua
1638 2783 1842 2817 invenisse

350 2831 560 2865 eonelavia
590 2831 716 2876 regia,
757 2841 805 2866 ea
845 2831 894 2866 de
930 2841 1054 2866 eausa
1081 2832 1297 2876 repositam
1325 2831 1538 2876 pecuniam
1578 2830 1694 2865 vobis
1721 2830 1841 2874 signi-

289 2877 335 2914 36
350 2877 462 2913 fico?
510 2879 556 2914 Et
602 2882 838 2926 quaestores
877 2879 1010 2915 statim
1038 2879 1127 2915 auri
1152 2879 1395 2927 argentique
1435 2888 1646 2915 numerum
1686 2879 1839 2913 referre
