2054 3282
321 282 392 321 334
689 282 870 322 ZONAR.
897 283 1027 321 EPIT.
1054 282 1126 321 XV
1152 285 1208 330 21,
1235 283 1386 332 32—22,
1415 285 1447 323 1.

261 410 307 445 33
322 403 359 446 δ’
393 407 495 454 ἕξεις
526 406 609 460 ὅπῃ
641 407 782 460 βούλει
814 405 1064 459 ἑπόμενον.”
1130 406 1366 460 ἕγχαράττει
1386 407 1523 449 τοίνυν
1545 408 1690 450 αῧτίκα
1714 425 1815 463 γρα-

275 473 408 528 Βφὴν
438 473 546 528 πρὸς
576 474 674 519 τούς
706 475 746 515 οἳ
775 477 859 515 τῶν
894 473 1196 528 βουλευμάτων
1233 475 1492 529 μετέχοντας,
1538 476 1719 518 ἀπειλῶν
1755 477 1818 524 ὡς

320 543 358 583 εἰ
383 542 443 596 μὴ
482 543 608 596 τάχος
647 542 878 583 ἐλεύσονται
917 542 988 583 καὶ
1025 542 1073 582 τὰ
1113 543 1422 596 βεβουλευμένα
1461 544 1623 585 θῶνται
1659 545 1819 599 ἐπιτελῆ

322 609 439 663 (εἶναι
461 609 540 663 γὰρ
571 613 691 650 τοῦτο
724 609 884 663 ῥᾴδιον,
918 609 980 655 ὡς
1011 609 1136 655 αὐτὸς
1165 608 1449 664 ᾠκονόμησε),
1480 611 1638 658 πάντας
1659 612 1816 654 ἀνακα-

318 677 440 731 λύψει
478 682 539 731 τῷ
578 677 738 731 βασιλεῖ
769 677 839 718 καὶ
873 678 952 718 οὒκ
985 677 1110 723 αὐτὸς
1139 677 1272 731 μόνος
1301 682 1375 719 τοῦ
1407 679 1604 720 κινδύνου
1634 680 1852 733 μεθέξει.5

259 752 305 787 34
317 745 468 799 ταύτην
505 745 580 799 τὴν
621 745 836 799 ἐπιστολὴν
875 746 1117 799 ἐγχειρήσας
1155 751 1216 799 τῷ
1252 747 1387 800 παπίᾳ
1418 747 1638 788 ἐνετείλατο
1670 748 1821 790 στεῖλαί

316 828 402 854 τινα
435 814 480 861 ἐξ
516 814 644 868 αὐτῆς
673 813 744 854 τὸν
779 813 853 867 τὴν
885 814 1100 868 ἐπιστολὴν
1130 814 1401 862 ὑποδείξοντα
1432 819 1517 861 τοῖς
1547 815 1864 871 συνίστορσιν,1)
1884 827 2027 865 111389

317 881 492 922 ἕκαστον
524 881 653 922 εἰπὼν
685 882 730 929 ἐξ
762 881 981 936 ὀνόματος,
1014 882 1085 923 καὶ
1105 883 1432 936 ὑποθησόμενον
1452 883 1603 929 νυκτὸς
1623 889 1816 938 φοιτῆσαι

316 949 425 1003 πρὸς
455 948 503 989 τὰ
536 950 749 1003 ἀνάκτορα
780 951 1207 1004 μεταμφιασαμένους
1240 951 1283 991 ἒν
1311 952 1489 1005 σχήματι
1510 952 1725 1006 κληρικῶν
1744 953 1816 994 καὶ

256 1026 302 1060 35
317 1018 472 1071 ξιφίδια
512 1019 783 1072 κεκρυμμένα
822 1019 1117 1072 βαστάζοντας.
1182 1020 1222 1059 οἳ
1257 1019 1336 1073 μὲν
1373 1018 1449 1060 οὖν
1487 1018 1594 1074 ἧκον
1631 1020 1693 1066 ὡς
1729 1021 1813 1062 ἕνε-
1829 1028 1876 1064 10

315 1086 548 1140 τάλθησαν·
581 1087 671 1140 ἄρτι
704 1086 749 1127 δὲ
780 1086 874 1141 περὶ
906 1087 1069 1141 ὄρθρον
1100 1091 1173 1142 τῆς
1203 1087 1354 1133 νυκτὸς
1385 1089 1610 1142 γενομένης
1640 1087 1747 1143 ἧκον
1776 1090 1816 1130 οἱ

255 1162 301 1197 36
314 1154 519 1207 βασιλικοὶ
555 1155 720 1208 ψάλται,
764 1154 838 1200 τὰς
876 1155 995 1209 ᾠδὰς
1034 1157 1204 1209 ᾄσοντες
1243 1155 1316 1201 τὰς
1347 1157 1540 1202 ἑωθινάς.
1601 1158 1760 1204 τούτοις
1789 1159 1814 1199 ὁ

271 1223 472 1269 Οπαπίας
510 1223 581 1264 καὶ
617 1223 714 1270 τοὺς
750 1227 823 1265 τοῦ
856 1223 1028 1279 Μχαὴλ
1069 1225 1311 1279 συνίστορας
1349 1226 1628 1280 συνεισήγαγε,
1673 1226 1744 1267 καὶ
1775 1227 1815 1268 οἱ

314 1291 392 1346 μὲν
424 1292 467 1333 ἓν
499 1291 631 1346 γωνίᾳ
661 1292 735 1333 τινὶ
767 1292 838 1333 καὶ
870 1293 1009 1346 σκότῳ
1036 1293 1385 1347 συνεκρύπτοντο·
1418 1294 1459 1334 οἳ
1478 1294 1631 1347 ψάλται
1653 1294 1698 1336 δὲ
1718 1294 1815 1341 τοὺς

254 1369 300 1404 37
314 1360 474 1414 ὕμνους
505 1359 623 1415 ᾖδον.
686 1361 768 1415 ἤδη
803 1361 847 1402 δὲ
883 1361 1043 1403 τούτων
1080 1362 1431 1416 ὑπερμεσούντων
1467 1362 1538 1403 καὶ
1569 1362 1593 1403 ὁ
1623 1362 1814 1417 βασιλεὺς
1829 1370 1872 1406 15

318 1477 337 1512 1
365 1478 428 1512 ὅσα
454 1478 475 1512 ὁ
499 1477 647 1523 Μιχαὴλ
673 1483 743 1517 τοῖς
768 1479 989 1523 συνωμόταις
1013 1478 1204 1514 ἐπέστειλεν
1231 1478 1293 1515 CE

390 1586 408 1619 1
436 1585 517 1631 ἕξης
544 1586 624 1630 EW,
651 1587 731 1632 ἑξῆς
757 1586 805 1632 Ρ*
919 1587 997 1622 ὅποι
1023 1586 1070 1631 D,
1097 1586 1128 1621 B
1157 1598 1257 1622 corr.
1283 1588 1324 1622 in
1350 1588 1417 1632 ὅπη
1546 1588 1656 1634 βούλη
1684 1587 1810 1633 E(Wp)

435 1634 576 1679 γραφὰς
603 1634 634 1669 Ο
708 1635 730 1669 2
755 1633 835 1673 τοὺς
860 1635 897 1669 οἳ
918 1633 965 1679 A,
992 1634 1072 1674 τοὺς
1098 1636 1137 1670 οἶ
1155 1635 1197 1679 Ε,
1224 1634 1303 1674 τοὺς
1322 1635 1417 1680 αὐτῷ
1444 1635 1540 1680 pr
1616 1636 1709 1670 6-—8
1733 1636 1810 1670 ταύ-

385 1694 448 1726 την
472 1681 535 1727 τὴν
559 1681 743 1727 ἐπιστολὴν
767 1682 972 1727 ἐγχειρήσας
997 1688 1046 1727 τῷ
1071 1684 1182 1727 παπίᾳ
1207 1683 1392 1718 ἐνετείλατο
1410 1684 1543 1718 στεῖλαί
1556 1697 1630 1718 τινα
1657 1684 1748 1724 (om.
1762 1683 1808 1724 E)

386 1728 425 1770 ἒξ
449 1729 555 1775 αὐτῆς
580 1729 639 1764 τὸν
664 1729 727 1775 τὴν
751 1729 932 1775 ἐπιστολὴν
956 1731 1180 1771 ὖποδείξοντα
1198 1736 1267 1769 τοῖς
1285 1732 1512 1776 συνίστορσιν,
1539 1731 1684 1766 ἕκαστον
1701 1730 1809 1765 εἰπὼν

386 1776 425 1818 ἐξ
450 1777 617 1822 ὀνόματος
643 1778 703 1812 καὶ
728 1778 997 1823 ὑποθησόμενον
1021 1777 1159 1822 AEDi,
1202 1777 1351 1822 (tamen
1384 1782 1474 1824 post
1505 1779 1722 1823 συνίστορσιν
1753 1780 1807 1814 te-

385 1834 494 1860 mere
511 1825 651 1860 inserit
669 1825 865 1861 ἆπέστειλεν
879 1824 960 1869 Di),
987 1826 1110 1864 ταύτας
1127 1825 1186 1864 τὰς
1203 1826 1383 1865 ἐπιστολὰς
1401 1827 1595 1871 (ἐπιστολᾶς
1612 1825 1712 1872 W*p)
1737 1831 1808 1865 τοῖς

383 1873 578 1917 συνίστορσι
606 1873 648 1917 (τ.
667 1886 742 1908 συν.
770 1883 844 1908 om.
871 1873 923 1915 D)
950 1874 1007 1908 διά
1033 1887 1123 1912 τινος
1148 1878 1218 1909 τῶν
1244 1878 1305 1908 τοῦ
1331 1876 1422 1916 (om.
1449 1874 1548 1919 W*p)
1573 1875 1705 1909 παπιόυ
1731 1875 1808 1916 (πα-

381 1921 483 1958 πίους
504 1920 577 1963 W*)
603 1921 813 1955 ἀπέστειλεν·
841 1921 1076 1965 ἐντειλάμενος
1094 1921 1189 1956 αὐτῶ
1212 1922 1317 1956 εἰπεῖν
1343 1922 1490 1961 ἐκείνοις
1509 1922 1604 1967 OWP
1633 1921 1698 1966 (de
1715 1922 1808 1957 scri·

382 1968 512 2013 pturis
539 1968 723 2004 codicum
750 1978 942 2014 perverse
968 1969 1121 2003 iudicat
1146 1967 1202 2004 Di
1228 1969 1307 2004 vol.
1332 1969 1366 2005 V
1392 1981 1428 2015 p.
1455 1969 1538 2012 264)
1635 1969 1657 2003 9
1679 1983 1808 2014 μεταμ-

1630 2018 1654 2062 β

381 2051 622 2097 φιασαμένους
649 2062 724 2087 om.
753 2051 819 2088 CD
919 2053 965 2087 10
989 2053 1219 2098 κεκρυμμένα
1242 2053 1475 2099 βαστάζοντας
1499 2052 1582 2098 AO,
1607 2053 1668 2088 καὶ
1684 2053 1807 2099 βαστά-

380 2135 501 2176 ζοντας
528 2114 757 2180 κεκὲυμμένα
783 2135 868 2180 (sie)
895 2136 937 2180 E,
963 2137 1197 2181 βαστάζοντας
1221 2137 1451 2181 κεκρυμμένα
1475 2136 1561 2183 W*p
1643 2136 1733 2183 ἧκον
1757 2137 1807 2176 ὡς

380 2183 617 2228 ἑνετάλθησαν
634 2182 752 2228 AEW‚
778 2183 868 2218 κατὰ
886 2183 944 2223 τὰς
962 2184 1150 2229 ὑποθήκας
1174 2189 1234 2219 τοῦ
1258 2184 1391 2230 μιχαὴλ
1416 2186 1627 2230 πεποιήκασι
1652 2185 1712 2220 καὶ
1737 2190 1807 2223 τοῖς

379 2231 568 2276 βασιλείοις
600 2230 694 2275 (τοὺς
718 2231 917 2276 βασιλείους
942 2233 983 2277 p)
1014 2232 1205 2277 ἐπέστησαν
1232 2232 1414 2277 (ἑπέσησαν
1440 2232 1504 2278 Ρ*)
1531 2232 1602 2278 Op,
1637 2233 1728 2268 Duc
1754 2243 1805 2268 ex

380 2288 463 2314 uno
490 2278 533 2323 P,
559 2281 605 2314 ut
629 2279 802 2314 videtur.
902 2280 958 2315 11.
978 2279 1022 2314 12
1047 2281 1083 2314 οἱ
1104 2280 1218 2325 βασιλ.
1245 2279 1335 2326 ἧκον
1357 2281 1453 2326 Ewp
1553 2282 1597 2314 14
1619 2281 1728 2325 γωνία
1745 2280 1805 2315 καὶ

381 2327 499 2361 σκότω
521 2327 651 2371 (σκότει
670 2325 721 2370 D)
739 2326 804 2362 τινὶ
821 2326 950 2372 R(Wp)
1023 2327 1206 2372 ψαλτωδοὶ
1221 2327 1252 2363 Ο
1329 2328 1383 2363 15.
1411 2339 1447 2373 p.
1466 2328 1547 2372 335,
1567 2328 1585 2362 1
1604 2328 1652 2366 εἰς
1670 2341 1698 2362 τ.
1715 2326 1805 2363 νεὼν

379 2374 440 2409 καὶ
464 2375 485 2409 ὁ
507 2375 586 2420 βασ.
614 2374 711 2420 Ewp

247 2475 293 2510 33
307 2474 450 2520 Itaque
487 2474 656 2511 Michael
692 2476 904 2521 epistulam
943 2475 996 2511 ad
1035 2476 1216 2511 conscios
1255 2475 1403 2520 scribit,
1442 2486 1522 2521 qua
1562 2476 1802 2521 minabatur,

306 2523 382 2558 nisi
409 2523 592 2558 celeriter
619 2523 808 2559 adessent
835 2527 873 2559 et
900 2533 1005 2569 quae
1032 2524 1332 2559 constituissent
1358 2526 1640 2568 perpetrarent
1667 2523 1804 2568 (idque

306 2570 424 2606 facile
451 2581 549 2615 esse,
577 2571 917 2615 quemadmodum
943 2572 1029 2617 ipse
1050 2570 1331 2615 instruxisset),
1359 2581 1402 2606 se
1429 2582 1566 2606 omnes
1592 2572 1680 2617 regi
1704 2571 1802 2606 indi—

245 2617 292 2652 34
307 2621 492 2653 eaturum
519 2628 651 2663 neque
677 2619 806 2654 solum
832 2620 872 2653 in
900 2619 1078 2663 periculo
1106 2621 1203 2653 fore.
1255 2618 1343 2659 Qua
1370 2619 1541 2663 epistula
1559 2619 1706 2664 papiae
1727 2622 1803 2654 tra-

307 2664 390 2700 dita
414 2666 634 2709 mandavit,
660 2669 706 2701 ut
731 2667 916 2710 mitteret,
944 2667 1011 2711 qui
1039 2666 1171 2701 statim
1197 2666 1284 2700 illas
1309 2666 1462 2701 litteras
1489 2668 1658 2701 consciis
1682 2669 1804 2702 nomi-

305 2713 429 2747 natim
457 2713 586 2748 allatis
614 2713 907 2749 demonstraret
933 2717 972 2749 et
989 2714 1147 2748 iuberet
1163 2713 1250 2748 illos
1269 2716 1392 2748 noctu
1410 2714 1646 2748 elericorum
1665 2715 1805 2749 habitu

245 2760 290 2795 35
306 2762 345 2794 et
370 2761 570 2805 pugiones
598 2761 776 2796 occultos
802 2764 1009 2807 gestantes
1037 2760 1090 2795 ad
1116 2761 1307 2806 palatium
1332 2762 1482 2796 venire.
1523 2761 1582 2795 Illi
1600 2761 1804 2797 Michaelis

304 2808 464 2842 monitis
503 2809 684 2843 obsecuti
717 2818 760 2843 se
792 2809 844 2843 ad
881 2809 1036 2854 regiam
1071 2809 1300 2852 conferunt3
1339 2809 1413 2843 sub
1453 2809 1629 2843 diluculo
1668 2812 1803 2844 autem

244 2854 290 2888 36
305 2855 407 2899 regii
434 2858 619 2890 cantores
646 2856 698 2890 ad
723 2857 922 2891 matutina
948 2857 1128 2891 earmina
1154 2856 1338 2890 canenda
1364 2856 1522 2900 adsunt,
1563 2857 1803 2901 quibuscum

306 2900 508 2937 Michaelis
547 2904 729 2938 conscios
761 2905 903 2948 papias
936 2913 1017 2938 una
1048 2903 1278 2947 introducit,
1317 2904 1386 2948 qui
1424 2913 1511 2938 sese
1549 2904 1590 2938 in
1629 2905 1802 2939 obscuro

244 2947 290 2984 37
306 2949 481 2994 quodam
507 2950 659 2995 angulo
687 2951 942 2987 abdiderunt.
993 2950 1154 2986 Psaltae
1179 2960 1270 2986 eum
1295 2950 1535 2996 hymnorum
1562 2951 1652 2997 plus
1670 2952 1804 2987 media
