1968 3302
317 255 364 296 50
716 254 898 297 zoNAR.
925 254 1056 296 ΕΡῙΤ.
1083 251 1179 295 xm
1207 258 1261 303 10,
1289 250 1416 294 6-16.

273 382 434 435 Οαῦτῷ
465 381 679 436 πρόφασιν
710 382 756 423 τὸ
789 387 929 436 σχῆμα
962 381 1179 435 περιέβαλε
1210 379 1256 421 τὸ
1287 384 1360 422 τοῦ
1386 381 1614 436 Καίσαρος,
1648 379 1696 423 ἵν’
1729 381 1814 424 ὑπὸ

315 453 400 491 τῶν
431 450 645 504 πολεμίων
680 451 913 504 διαφθαρῇ,
945 449 1004 504 μὴ
1039 451 1150 503 ἔχων
1177 449 1353 503 δύναμιν
1374 449 1482 504 πρὸς
1503 450 1574 491 τὸν
1594 448 1685 491 κατ’
1709 451 1812 493 ἐκεί-

281 523 403 559 Ίνων
434 518 619 572 πόλεμον
652 519 898 572 ἂξιόχρε(ι)ν.
962 519 986 559 ὁ
1020 518 1064 558 δὲ
1097 517 1297 558 ἀπελθὼν
1328 518 1397 559 καὶ
1420 519 1563 573 ἀγαθῇ
1584 519 1686 573 τύχῃ
1709 535 1812 574 χρη-

281 587 497 640 ὃσάμενος
536 587 759 641 συμβάλλει
800 591 884 632 τοῖς
922 587 1135 640 πολεμίοις
1174 587 1244 627 καὶ
1284 587 1536 632 ἀνελπίστως
1573 593 1681 642 νικᾷ.
1743 588 1814 630 καὶ

279 864 301 899 9
315 860 394 900 οὐκ
434 860 674 902 ἐλαττόνων.

316 653 441 700 αὖθις
487 655 661 701 ἑαυτοὺς
707 656 1066 709 άνακτησαμένων
1111 658 1196 696 τῶν
1241 655 1466 709 πολεμίων,
1513 657 1850 710 προσμίγνυταιό

316 724 456 769 αὐτοῖς
486 724 557 765 καὶ
588 724 787 777 τρόπαιον
819 725 959 778 ἵστησι,
991 724 1160 765 πολλῶν
1190 724 1268 778 μὲν
1294 724 1612 779 ἀναιρεθέντων,
1645 725 1814 767 πολλῶν

316 788 353 832 δ’
387 792 665 846 ἀπολομένων
697 793 741 833 ἓν
771 797 833 846 τῷ
863 793 1143 847 παραρρέοντι
1173 798 1367 847 ποταμῷ,
1400 794 1472 835 καὶ
1503 794 1814 848 ζωγρηθέντων

309 928 533 982 Ῥωμαίων
564 932 648 970 τῶν
679 934 752 984 τῆς
784 930 1072 984 αἰχμαλωσίας
1104 930 1368 985 ἀπολυθῆναι
1399 931 1582 985 δεσμῶν,
1615 932 1812 986 ἡττηθέν-

256 1001 301 1035 10
313 1012 398 1037 των
419 1000 504 1037 τῶν
524 997 751 1051 πολεμίων.
815 998 898 1039 εἶτα
931 999 1001 1039 καὶ
1028 999 1301 1053 Ἀλαμαννοῖς
1332 999 1575 1053 πολεμήσας
1605 1000 1676 1041 καὶ
1707 999 1812 1042 κατὰ
1828 1005 1874 1040 10

263 1137 298 1172 D

254 1275 297 1310 11

275 2265 297 2301 7

312 1065 473 1106 τούτων
512 1066 720 1121 ηὐτύχησε
757 1067 828 1108 καὶ
846 1092 848 1094 -
869 1067 1108 1122 δεηθέντων
1149 1068 1277 1109 αὐτοῦ
1322 1073 1382 1121 τῷ
1426 1068 1538 1109 ἔθνει
1583 1069 1812 1123 ἐσπείσατο,

313 1133 478 1175 λύσαντι
508 1139 580 1190 τῆς
613 1135 802 1182 δουλείας
832 1135 929 1182 τοὺς
959 1136 1059 1190 παρ’
1084 1137 1223 1181 αὐτοῖς
1250 1137 1373 1182 ὄντας
1396 1137 1692 1190 δορυαλώτους
1708 1137 1811 1179 Ῥω-

312 1202 476 1255 μαίους.

440 1273 614 1319 Τούτοις
645 1272 721 1314 οὗν
753 1274 776 1315 ὁ
808 1273 976 1328 Καῖσαρ
1006 1269 1229 1320 Ἰουλιανὸς
1260 1274 1460 1327 ἐπαρθεὶς
1495 1274 1566 1316 καὶ
1596 1275 1812 1330 ὑπερφρο-

312 1342 457 1397 νήσας,
489 1341 551 1388 ώς
574 1339 611 1383 δ’
635 1343 733 1383 ἔνιοι
755 1343 1088 1397 συνεγράψαντο,
1122 1343 1180 1383 ὅτι
1212 1342 1283 1384 καὶ
1316 1343 1466 1389 δεδιὼς
1495 1342 1567 1384 τὸν
1584 1344 1811 1385 Κωνστάν-
1827 1348 1873 1384 15

311 1427 397 1452 τιον
427 1412 707 1466 βασκαίνοντά
740 1412 780 1452 οἳ
812 1411 878 1452 διὰ
910 1411 958 1451 τὰ
991 1412 1271 1466 εὐτυχήματα,
1302 1411 1361 1466 μὴ
1392 1411 1497 1453 κατὰ
1527 1411 1598 1453 τὸν
1628 1412 1813 1467 ἀδελφὸν

311 1479 476 1521 Γάλλον
507 1480 578 1521 καὶ
611 1479 738 1522 αὐτὸν
773 1481 1010 1535 ὗπεξαγάγῃ
1043 1485 1116 1522 τοῦ
1149 1482 1238 1535 ζῆν,
1286 1482 1343 1526 εἰς
1380 1481 1634 1522 ἀποστασίαν
1670 1481 1812 1523 ἀπεῒδε

311 1619 334 1654 3
360 1620 409 1654 ὅτι
436 1619 473 1654 ἐν
497 1619 663 1664 πολέμοις
689 1619 881 1664 εὐτύχησεν
902 1619 1092 1659 Ἰουλιανός
1118 1621 1152 1662 (ὁ
1166 1620 1187 1654 ι’.
1204 1619 1248 1662 Ε)
1276 1618 1339 1655 CE
1433 1618 1479 1653 14
1503 1620 1551 1653 ὅτι
1579 1619 1811 1665 ἀπεστάτησεν

313 1667 583 1712 (ἀπεσκίρτησεν
610 1669 631 1702 ὅ
655 1667 700 1710 Ε)
735 1667 925 1706 Ἰουλιανὸς
951 1668 1011 1702 καὶ
1037 1667 1240 1712 Αὔγουστος
1264 1667 1333 1702 ὕπὸ
1366 1667 1474 1712 (παρὰ
1499 1667 1545 1711 Ε)
1578 1672 1638 1703 τοῦ
1663 1673 1810 1712 στρατοῦ

311 1716 536 1761 ἀνηγορεύθη
564 1714 627 1751 CE

384 1845 406 1879 2
432 1844 510 1880 κατ’
538 1855 613 1880 om.
641 1844 672 1879 E
769 1844 905 1880 ἐκεῖνον
932 1844 978 1889 D,
1008 1856 1109 1881 corr.
1132 1844 1201 1883 Dw
1300 1845 1320 1880 7
1346 1844 1595 1889 ἀπολλυμένων
1621 1843 1700 1889 ΛΕ,
1727 1845 1810 1880 ἀπο·

381 1893 542 1937 λομένων
560 1892 591 1927 Β
618 1893 706 1934 (sed
724 1894 789 1938 ομέ
807 1895 848 1928 in
865 1904 1009 1928 rasura
1027 1894 1282 1938 spatiosiore)
1301 1893 1478 1938 Cwap‚
1505 1892 1755 1937 ἀπολλυμένων
1773 1892 1809 1927 D

383 1940 406 1976 8
430 1942 487 1975 ὅτε
501 1939 688 1986 stpDi,
715 1942 764 1975 ὅτι
779 1940 813 1976 Α
895 1941 927 1976 8.
943 1941 965 1976 9
991 1941 1161 1986 ῥωμαίων
1174 1941 1410 1986 αἰχμαλώτων
1423 1941 1454 1975 Ε
1528 1940 1550 1975 9
1575 1940 1747 1985 ῥωμαιόις
1762 1940 1809 1985 Ι),

385 1998 486 2023 corr.
502 1988 571 2026 Dw
671 1989 716 2023 10
739 1989 950 2033 ἀλαμαννοῖς
969 1988 1036 2024 AC
1063 1988 1149 2033 (sed
1176 1990 1216 2023 in
1243 1988 1272 2024 C
1297 2003 1317 2023 ν
1343 1999 1468 2034 supra
1491 1998 1578 2023 voc.
1599 1988 1686 2023 ead.
1703 1999 1809 2023 man.

384 2036 491 2078 add.)
507 2035 655 2082 wap,
679 2036 917 2081 ἀλαμανοῖςΒ
1017 2037 1056 2071 ll
1085 2037 1256 2081 εὐτύχησε
1283 2036 1356 2080 BC,
1382 2037 1568 2081 εὐτυχῆσαι
1595 2036 1636 2079 Ε,
1662 2047 1699 2071 V.
1714 2036 1810 2071 XIII

383 2084 468 2129 9,1.
498 2084 553 2128 11,
570 2084 594 2119 4
621 2088 659 2119 et
686 2085 737 2119 ad
764 2084 861 2119 XIII
889 2084 944 2129 13,
965 2085 983 2119 1
1070 2085 1188 2119 αὐτῶν
1214 2084 1315 2130 pr
1410 2084 1455 2118 12
1480 2083 1717 2128 δοριαλώτους
1742 2082 1810 2127 Di,

384 2142 422 2167 V.
440 2132 493 2167 ad
507 2131 605 2167 XIII
622 2132 655 2176 8,
671 2132 693 2167 3
757 2132 802 2167 14
828 2134 955 2177 καίσαρ
974 2131 1125 2177 ACDE,
1153 2143 1190 2167 V.
1216 2132 1268 2167 ad
1284 2131 1381 2167 XIII
1399 2131 1431 2176 8,
1446 2132 1468 2167 5
1535 2132 1578 2167 17
1604 2132 1759 2177 ὑπεξάγη
1779 2132 1810 2166 Ε

310 2263 461 2300 bellum
487 2266 628 2300 eontra
654 2264 742 2300 illos
768 2265 994 2310 gerendum
1021 2265 1118 2300 satis
1144 2264 1323 2300 idoneas.
1374 2263 1427 2299 At
1452 2263 1518 2300 ille
1537 2274 1627 2299 eum
1646 2265 1810 2300 abiisset

312 2315 352 2348 et
386 2322 580 2358 prospere
614 2323 699 2348 rem
738 2313 941 2358 gessisset,
980 2313 1185 2348 concurrit
1222 2323 1313 2347 eum
1351 2313 1533 2347 hostibus
1572 2316 1610 2347 et
1647 2316 1810 2358 praeter

275 2361 424 2406 Sspem
451 2361 588 2395 vincit.
644 2360 748 2395 Tum
786 2361 921 2396 hostes
960 2365 1165 2396 recreatos
1205 2360 1338 2395 denuo
1378 2360 1620 2406 aggreditur
1656 2363 1695 2395 et
1732 2363 1808 2395 tro-

275 2457 297 2492 9

312 2418 459 2454 paeum
486 2409 610 2454 ponit,
649 2408 784 2444 multis
819 2409 960 2444 occisis
993 2412 1032 2443 et
1063 2409 1197 2443 multis
1231 2408 1450 2443 submersis
1476 2409 1518 2442 in
1545 2408 1668 2443 fluvio
1697 2418 1808 2453 prae-

312 2456 526 2491 terfluente
559 2459 597 2491 et
630 2457 759 2502 captis
791 2457 898 2492 haud
933 2457 1205 2502 paucioribus.
1258 2456 1345 2497 Quo
1379 2459 1559 2501 ternpore
1591 2456 1711 2491 etiam
1737 2466 1808 2491 un-

313 2503 441 2539 decim
482 2503 621 2539 dicunt
659 2504 768 2539 milia
801 2505 1056 2550 captivorum
1084 2504 1357 2539 Romanorum
1394 2504 1640 2548 captivitatis
1676 2503 1808 2539 soluta

252 2553 298 2587 10
312 2562 400 2587 esse
433 2552 605 2587 vinculis
637 2553 754 2587 victis
787 2553 981 2587 hostibus.
1044 2551 1147 2586 Tum
1175 2552 1294 2587 etiam
1322 2551 1425 2586 bello
1455 2562 1546 2586 eum
1572 2549 1807 2586 Alamannis

252 2743 293 2778 11

310 2602 426 2644 gesto
455 2603 597 2635 contra
624 2600 696 2635 hos
723 2610 886 2646 quoque
913 2610 996 2635 rem
1023 2609 1217 2645 prospere
1243 2600 1368 2644 gessit
1394 2599 1551 2644 illisque
1569 2609 1594 2633 a
1612 2609 1654 2634 se
1672 2602 1807 2644 peten-

310 2647 419 2682 tibus
446 2657 536 2682 cum
564 2648 714 2694 populo
742 2658 883 2694 pacem
910 2649 1016 2692 feeit,
1050 2657 1141 2682 cum
1167 2647 1353 2682 solvisset
1379 2648 1575 2682 servitute
1602 2647 1671 2692 qui
1697 2646 1807 2692 apud

311 2704 380 2730 eos
407 2699 524 2730 erant
551 2696 659 2741 eapti
684 2695 867 2731 Romani.

429 2742 502 2777 His
534 2743 659 2789 igitur
690 2744 814 2779 rebus
839 2743 990 2780 Caesar
1016 2743 1198 2778 Iulianus
1233 2743 1361 2778 elatus
1395 2742 1447 2777 ad
1480 2742 1723 2788 superbiam,
1762 2745 1807 2777 ut

311 2799 409 2825 vero
448 2791 631 2826 nonnulli
669 2791 936 2836 tradiderunt,
977 2792 1098 2826 etiam
1132 2792 1295 2834 veritus,
1335 2801 1386 2826 ne
1416 2789 1675 2826 Constantius
1706 2790 1806 2825 invi-

311 2837 410 2872 dens
437 2838 559 2873 rebus
586 2839 670 2874 suis
698 2839 800 2876 bene
826 2840 952 2885 gestis
976 2839 1118 2874 eadem
1149 2840 1307 2874 ratione
1341 2849 1421 2884 qua
1454 2839 1619 2873 fratrem
1646 2837 1806 2873 Gallum

309 2894 353 2920 se
379 2895 543 2931 quoque
574 2887 755 2932 privaret
785 2889 880 2932 vita,
921 2887 1189 2923 defectionem
1221 2887 1385 2922 molitur
1417 2889 1456 2922 et
1487 2895 1558 2932 per
1590 2885 1806 2921 nonnullos

311 2932 361 2969 de
387 2933 469 2970 suis
496 2934 669 2971 tribunis
694 2935 770 2971 sibi
798 2935 1020 2973 conciliatis
1047 2935 1268 2971 exercitum
1293 2935 1487 2981 incitavit,
1514 2934 1570 2970 ita
1586 2937 1630 2970 ut
1650 2933 1805 2983 milites,

738 861 805 902 ὅτε
848 861 919 902 καὶ
962 862 1110 902 ἕνδεκα
1155 862 1258 916 φασὶ
1302 862 1488 915 χιλιάδας
1532 863 1941 916 αἷχμαλώτωνὈΙΙῐ

1954 1291 1968 1384 κὶα-..κζ

1958 1779 1960 1783 <
1955 1752 1968 1772 κ
1950 1390 1968 1743 ξφῇεΜνεΜὰ-ιιᾌς
