2054 3282
348 216 419 254 264
740 215 921 255 zoNAR.
949 216 1080 253 EPIT.
1107 215 1178 252 xv
1204 214 1237 261 4,
1267 212 1392 261 14-5,
1419 211 1451 250 6.

290 341 334 378 15
347 339 472 394 ταύτῃ
506 340 531 395 ἡ
564 339 722 381 Νίκαια
756 340 798 381 αἱ
828 337 1104 394 μητροπόλεις
1135 338 1178 378 αἱ
1199 336 1464 379 Βιθυνιακαί.
1524 335 1599 391 τὴν
1630 339 1732 391 γοῦν
1762 339 1848 379 τῶν

350 412 498 464 τειχῶν
520 410 785 450 κατάπτωσιν
808 408 831 448 ὁ
853 407 1056 461 τύραννος
1078 405 1204 447 Λέων
1226 406 1406 460 κέρδους
1436 405 1662 460 μελετήσας
1693 406 1848 448 θέσθαι

348 477 494 532 λαβήν,
528 476 880 531 διεκηρυκεύσατο
912 474 1020 529 πρὸς
1051 474 1122 516 τὸν
1156 475 1293 529 δῆμον
1324 479 1396 529 τῆς
1426 474 1591 520 πόλεως
1619 475 1680 521 ὡς
1700 475 1848 529 “ὗμεῖς

349 547 428 587 οὐκ
460 547 511 587 ἂν
545 545 788 600 δυνηθείητε
818 544 980 598 ταχέως
1018 544 1222 597 ἀνεγεῖραι
1262 542 1310 583 τὰ
1347 542 1476 597 τείχη·
1523 542 1776 598 ἀσύμφορον
1809 541 1845 585 δ’

290 618 334 653 16
348 615 446 669 ὑμῖν
484 614 549 655 ἐπὶ
585 613 692 655 πολὺ
730 614 868 667 μένειν
905 611 979 666 τὴν
1010 611 1128 653 πόλιν
1161 611 1392 666 ἀτείχιστον.
1457 610 1521 652 διὸ
1551 613 1884 665 προστέτακταιό

347 680 447 737 παρ’
481 684 606 737 ἡμῶν
637 682 892 736 προσθήκην
925 682 968 722 ἓν
999 685 1084 727 τοῖς
1116 680 1333 735 δημοσίοις
1365 679 1516 734 φόροις
1547 680 1739 734 γενέσθαι
1766 679 1846 735 φό-

302 752 427 798 Βλεις
459 753 587 792 εἴκοσι
618 751 689 792 καὶ
719 751 923 804 τέσσαρας
955 747 1022 804 ἐφ’
1056 749 1221 802 ἑκάστῳ
1253 749 1485 803 νομίσματι,
1519 749 1583 790 ἵνα
1606 748 1767 790 τούτων
1787 754 1848 803 τῷ

347 820 550 874 βασιλικῷ
593 819 751 873 ταμείῳ
794 819 1101 873 παρεχομένων
1144 817 1192 859 τὰ
1237 817 1531 859 ὕποκλάσαντα
1574 820 1660 859 τῶν
1701 821 1848 872 τειχῶν

289 892 333 927 17
349 888 703 929 ἀνακαινισθῶσιν
735 888 779 935 ἕξ
810 887 1103 941 ἀναλωμάτων
1126 886 1399 941 βασιλικῶν.”
1460 887 1599 927 ἔκτοτε
1619 886 1756 927 τοίνυν
1777 886 1849 928 καὶ
2045 890 2054 930 ‘i

346 958 470 1011 μέχρι
500 957 623 998 τοῦδε
654 957 680 1011 ἡ
714 957 923 1010 εἴσπραξις
955 956 1233 1010 ἐπεκράτησεν
1265 956 1380 1009 αὕτη.
1864 956 1910 992 10
2047 931 2054 998 ξ

290 1028 334 1064 18
473 1024 621 1071 Οὕτως
654 1024 730 1066 οὖν
762 1025 827 1066 ἐπὶ
857 1030 983 1078 κακῷ
1013 1029 1085 1079 τῆς
1116 1024 1319 1070 πολιτείας
1351 1024 1374 1064 ὁ
1409 1024 1585 1070 δείλαιος
1615 1022 1742 1065 Λέων
1769 1024 1898 1078 βα-Ι)
1916 1006 2054 1078 111344

348 1093 536 1139 σιλεύσας
575 1095 642 1148 ἔτη
687 1094 866 1147 τέσσαρα
908 1093 1017 1146 πρὸς
1059 1097 1144 1139 τοῖς
1188 1093 1317 1134 εἴκοσι
1362 1092 1623 1147 δυσεντερίαν
1666 1093 1849 1147 νοσήσας

348 1162 508 1208 ἀθλίως
539 1162 612 1216 τὴν
643 1162 788 1217 ψυχὴν
820 1162 1082 1216 ἒξηρεύξατο,

305 1230 333 1272 5
467 1230 686 1279 Διεδέξατο
720 1231 764 1272 δὲ
789 1230 864 1285 τὴν
886 1234 970 1272 τῶν
988 1230 1212 1284 Ῥωμαίων
1245 1229 1380 1284 ἀρχὴν
1410 1229 1514 1284 μετὰ
1545 1235 1617 1284 τῆς
1647 1234 1849 1285 πατρικῆς

349 1299 590 1354 δυσσεβείας
622 1300 646 1341 ὁ
682 1299 935 1353 δυσώνυμος
973 1300 1133 1340 ἐκείνου
1171 1299 1273 1347 υἱός,
1318 1299 1369 1340 οὐ
1414 1298 1520 1340 κατὰ
1563 1302 1648 1340 τῶν
1687 1302 1850 1340 σεπτῶν
1865 1299 1910 1336 15

347 1367 526 1410 εἰκόνων
556 1368 756 1422 λυττήσας
785 1367 933 1422 μόνον,
975 1367 1077 1408 ἀλλὰ
1111 1367 1182 1409 καὶ
1214 1368 1416 1422 γοητείαις
1446 1367 1749 1421 προσκείμενος
1780 1367 1851 1408 καὶ

304 1437 509 1492 Οἷερείων
547 1437 775 1491 ἀνατομαῖς
817 1436 889 1478 καὶ
932 1436 1268 1491 νεκυομαντείαις
1311 1435 1382 1477 καὶ
1427 1435 1738 1491 ἀρρητοποιίαις
1780 1435 1851 1478 καὶ

351 1579 394 1614 11
422 1578 561 1625 τελευτὴ
586 1579 738 1618 Λέοντος
763 1584 824 1614 τοῦ
839 1578 1002 1623 Ἶσαύρου
1030 1580 1072 1623 (τ.
1087 1579 1146 1613 Ἰσ.
1168 1589 1241 1614 om.
1257 1577 1307 1623 A)
1325 1577 1394 1612 AE
1493 1577 1538 1612 14
1562 1577 1732 1622 αὐταρχιά
1748 1578 1850 1613 Κων-

350 1628 530 1662 σταντίνου
555 1632 616 1662 τοῦ
635 1627 887 1672 Κοπρωνύμου
915 1625 1034 1671 ACD,
1059 1627 1325 1665 Κωνσταντῖνος
1342 1627 1362 1661 ὁ
1378 1625 1626 1671 Κοπρώνυμος
1650 1625 1681 1660 Β
1779 1626 1851 1665 οἷος

349 1675 393 1721 ἦν
418 1675 439 1710 o‘
460 1675 629 1720 μισόθεος
653 1674 756 1714 οὗτος
782 1674 812 1711 C

422 1803 440 1838 1
468 1804 596 1849 ταύτην
616 1803 645 1838 Β
743 1804 863 1839 νικαία
891 1803 978 1849 w*p
1006 1803 1142 1838 invitis
1165 1801 1235 1837 AR
1341 1802 1522 1848 βιθυνικαὶ
1542 1800 1695 1846 prDi
1790 1801 1853 1836 οὖν

420 1852 516 1897 Ewp
641 1850 665 1886 4
690 1850 731 1887 τὰ
758 1861 833 1886 om.
862 1851 893 1886 E
1023 1851 1045 1885 6
1071 1851 1190 1896 φόλεις
1217 1849 1364 1895 Apr,
1392 1850 1525 1895 φόλλας
1550 1849 1598 1894 D,
1625 1850 1746 1895 ῳόλεις
1771 1849 1851 1893 Dw,

419 1899 560 1945 φόλλεις
586 1897 653 1943 Di,
682 1910 718 1934 v.
738 1899 790 1934 ad
809 1898 901 1934 XIV
923 1898 1018 1943 3,13
1116 1899 1136 1934 7
1163 1898 1324 1942 τέσσαρες
1350 1897 1381 1931 Β
1479 1898 1501 1933 8
1526 1898 1702 1943 βασιλικῷ
1721 1898 1852 1941 ταμείῳ

419 1945 500 1991 AO,
520 1947 679 1982 fiscum:
707 1947 775 1983 Wo
794 1947 872 1991 lat„
891 1947 1032 1991 βασιλεῖ
1046 1946 1141 1991 Ewp
1235 1945 1470 1980 ὑποκλίναντα
1487 1945 1523 1979 D
1615 1945 1670 1980 10.
1686 1945 1727 1979 11
1747 1946 1851 1989 αὕτη·

423 1993 524 2039 ξυτως
543 1994 572 2030 C
672 1994 718 2029 12
743 1995 961 2039 δυςεντεριάν
980 1993 1060 2037 AO,
1088 1995 1286 2037 δυςεντεριά
1304 1991 1501 2038 E(WpDi)‚
1530 2004 1566 2028 v.
1585 1992 1718 2028 XVIII
1735 1992 1791 2034 22,
1809 1992 1852 2027 16

422 2042 467 2077 15
493 2045 584 2088 post
609 2043 684 2081 υἱός
711 2042 803 2077 add.
830 2043 868 2081 ὃς
893 2042 1155 2087 ὑπερβαλέσθαι
1187 2041 1483 2086 (ὗπερβαλλέσθαι
1502 2040 1544 2084 Β,
1571 2040 1853 2086 ὑπερβάλλεσθαι

422 2089 500 2136 wp)
527 2089 584 2125 τὸν
609 2090 741 2135 πατέρα
764 2090 883 2134 πολλῷ
911 2095 961 2134 τῷ
986 2090 1085 2134 μέσῳ
1109 2088 1197 2134 πρὸς
1223 2090 1354 2123 κακίαν
1379 2089 1643 2134 ἐφιλονείκησεν
1670 2087 1768 2134 pr

422 2138 467 2174 17
492 2139 776 2183 νεκυομαντειάις
802 2135 971 2183 prD2’‚
998 2138 1265 2182 νεκυομαντίαις
1290 2135 1337 2181 A,
1364 2147 1400 2171 V.
1429 2136 1481 2171 ad
1507 2147 1544 2182 p.
1573 2136 1630 2180 81,
1655 2135 1680 2170 4

289 2268 569 2315 15thynianae
583 2270 838 2315 metropoles.
877 2269 1051 2304 Ruinam
1077 2269 1203 2314 igitur
1228 2277 1436 2303 murorum
1463 2270 1661 2312 tyrannus
1686 2266 1770 2302 Leo
1797 2266 1850 2301 ad

347 2318 449 2353 lucri
483 2317 738 2353 occasionem
777 2317 964 2361 detorsit3
999 2327 1093 2351 nam
1120 2316 1278 2351 urbano
1313 2315 1462 2361 populo
1499 2325 1572 2360 per
1606 2324 1848 2360 praeconem

348 2366 493 2401 edixit:
531 2365 643 2400 “Vos
669 2365 830 2400 moenia
857 2365 1040 2400 celeriter
1066 2365 1295 2399 instaurare
1321 2373 1403 2398 non
1442 2362 1673 2407 potueritisg
1714 2371 1849 2406 neque

290 2411 333 2446 16
348 2423 446 2449 vero
467 2413 632 2458 expedit
652 2413 855 2447 civitatem
885 2412 954 2446 diu
973 2412 1184 2447 moenibus
1204 2421 1355 2446 carere.
1406 2410 1549 2454 Itaque
1566 2420 1640 2444 nos
1659 2409 1848 2444 iussimus

347 2461 518 2506 publicis
543 2461 704 2495 tributis
719 2460 992 2495 accessionem
1020 2460 1200 2504 adiungi,
1229 2459 1393 2493 vicenos
1421 2460 1641 2502 quaternos
1666 2456 1781 2491 folles
1807 2456 1848 2490 iu

347 2509 508 2554 singula
544 2509 796 2551 nomismata,
841 2507 988 2552 quibus
1015 2508 1055 2541 in
1088 2507 1289 2541 aerarium
1329 2505 1487 2549 regium
1525 2505 1662 2539 relatis
1689 2504 1849 2539 moenia

288 2555 332 2590 17
348 2556 479 2591 deleta
506 2555 732 2600 sumptibus
769 2556 893 2600 regiis
919 2553 1239 2590 instaurentur-³³.
1291 2553 1348 2588 Ea
1376 2552 1534 2588 exactio
1575 2552 1626 2587 ab
1653 2551 1729 2587 illis
1755 2553 1849 2587 tem-

346 2604 514 2648 poribus
541 2604 660 2639 etiam
687 2613 798 2637 nunc
825 2603 956 2637 durat.

287 2650 332 2685 18
466 2649 541 2695 Sic,
580 2661 671 2686 cum
705 2651 746 2685 in
782 2649 1033 2695 reipublicae
1067 2649 1287 2695 perniciem
1312 2647 1395 2682 Leo
1436 2647 1502 2682 ille
1537 2647 1679 2682 infelix
1719 2656 1848 2681 annos

346 2698 491 2744 viginti
519 2701 712 2744 quattuor
738 2700 962 2743 regnasset,
990 2708 1039 2732 ex
1068 2696 1326 2742 dysenteriae
1352 2695 1493 2730 morbo
1520 2695 1693 2729 animam
1721 2694 1847 2728 infeli-

347 2746 445 2781 citer
472 2746 684 2781 eructavit.
1761 2743 1763 2745 ’

465 2793 497 2828 5.
548 2793 772 2828 Romanum
810 2793 1021 2838 imperium
1055 2802 1138 2826 una
1176 2801 1266 2826 cum
1303 2794 1476 2836 paterna
1503 2790 1708 2835 impietate
1733 2789 1847 2834 igno-

345 2840 540 2875 miniosus
566 2841 670 2875 illius
697 2841 802 2876 filius
829 2841 1016 2885 suscepit,
1056 2840 1124 2884 qui
1151 2850 1232 2874 non
1270 2839 1389 2874 modo
1419 2841 1560 2873 contra
1593 2836 1846 2872 venerabiles

345 2887 545 2933 imagines
571 2888 746 2932 insaniit,
787 2887 859 2924 sed
886 2890 926 2923 et
951 2887 1184 2933 praestigiis
1222 2887 1299 2922 suit
1326 2885 1487 2921 deditus
1526 2887 1565 2920 et
1590 2885 1844 2920 victimarum
