2054 3282
17 172 63 206 ⁵³:¹02
84 196 86 200 ,
94 175 102 183 ’“

422 194 656 234 GALLIAE
682 195 718 234 A
742 195 963 236 FRANOIS
988 195 1307 235 OCCVPATAE.
1358 197 1526 235 IRENE.

1655 199 1726 237 263

64 321 126 360 ῙΠ
137 322 211 361 343
222 317 297 366 τὰς
338 318 453 375 ἱερὰς
496 319 663 367 εἰκόνας
705 319 973 375 σεβάζεσθαι·
1017 316 1104 362 ἀλλ’
1143 319 1280 362 ἐδόκει
1317 320 1492 375 σμήχειν
1523 320 1724 363 Αἰθίοπα.

222 389 275 431 οὗ
304 388 440 443 μόνον
472 388 552 443 γὰρ
584 388 720 444 ὀρθὸν
760 389 886 431 οὐδέν
915 405 950 431 τι
981 388 1226 444 ἐφρόνησεν,
1270 389 1373 430 ἀλλὰ
1416 389 1488 431 καὶ
1531 390 1760 444 ἑκμανεὶςθ

220 456 327 500 κατὰ
357 461 443 499 τῶν
474 457 730 512 ὀρθοδόξων
759 457 941 504 πολλοὺς
966 457 1140 500 ἐκόλασε
1161 457 1232 499 καὶ
1254 457 1482 512 ὁμολογίας
1503 459 1774 514 στεφάνωνΙ)

221 526 385 582 ἠξίωσε.
446 526 545 573 τούς
579 542 622 567 τε
651 525 910 581 Καλαβροὺς
947 526 1020 568 καὶ
1055 525 1153 573 τοὺς
1183 526 1387 574 Σικελοὺς
1425 527 1577 582 φόροις
1615 528 1723 575 νέοις
1739 531 1784 568 10

183 595 411 650 ὅέβάρυνε,
455 595 748 650 κεφαλητίωνα
786 595 912 637 τελεῖν
942 594 1049 636 κατὰ
1079 595 1177 642 τοὺς
1202 595 1436 643 Ἰουδαίους
1467 596 1723 650 δογματίσας

219 663 372 710 αὐτοὺς
402 663 472 706 καὶ
503 663 552 705 τὰ
585 664 629 705 ἒν
660 664 801 710 αὐτοῖς
831 663 1049 718 τικτόμενα
1081 665 1238 719 ἄρρενα
1271 665 1609 720 ἀπογράφεσθαι.

327 732 440 788 Ἤδη
475 732 520 775 δὲ
550 736 624 775 τοῦ
656 733 750 774 υἱοῦ
783 733 912 775 αὐτοῦ
948 732 1266 775 Κωνσταντίνου
1297 733 1512 780 τελοῦντος
1543 734 1601 781 εἷς
1630 735 1719 789 μεί-
1737 739 1777 774 11

217 817 366 856 ρακας,
411 801 627 856 ζεύγνυσιν
669 802 787 856 αὐτῷ
830 801 1013 856 γαμετὴν
1051 801 1125 856 τὴν
1162 802 1375 857 θυγατέρα
1407 801 1614 857 Χαγάνου
1645 807 1719 846 τοῦ

215 874 301 912 τῶν
343 870 538 912 Σκυθῶν
580 871 923 925 ἡγεμονεύοντος,
969 871 1172 926 βαπτίσας
1216 871 1346 926 αὐτὴν
1388 871 1460 914 καὶ
1503 872 1720 926 ὀνομάσας

159 941 204 977 10
215 939 414 995 Εἰρήνην.
475 941 561 995 ἥτις
592 940 644 981 οὗ
676 940 928 995 συνυπήχθη
959 944 1010 995 τῇ
1040 944 1114 982 τοῦ
1147 940 1303 995 ἀνδρὸς
1334 941 1580 995 κακοδοξίᾳ,
1614 941 1718 983 ἀλλὰ
1735 945 1779 981 12

213 1008 425 1063 μυηθεῖσα
446 1007 493 1050 τὸ
516 1007 654 1063 δόγμα
677 1008 723 1051 τὸ
745 1009 912 1063 εὐσεβὲς
933 1010 1091 1063 ἔμεινεν
1113 1009 1431 1064 ἅμετάτρεπτος.
1477 1014 1649 1065 σεισμοῦ
1673 1010 1718 1052 δὲ
1735 1014 1778 1050 13

215 1076 535 1132 συμβεβηκότος
565 1077 761 1132 σφοδροῦ
793 1077 899 1119 κατὰ
929 1077 976 1119 τὸ
1007 1077 1242 1126 Βυζάντιον
1273 1079 1370 1120 ναοί
1397 1095 1438 1120 τε
1468 1078 1615 1120 πολλοὶ
1646 1079 1718 1121 καὶ

215 1146 340 1187 οἰκίαι
371 1146 599 1188 συνέπεσον
629 1146 702 1188 καὶ
731 1146 898 1202 πλῆθος
929 1146 1179 1202 ἀνθρώπων
1210 1148 1480 1202 συγκέχωστο
1501 1152 1586 1195 τοῖς
1608 1164 1715 1203 συμ-

214 1214 445 1269 πτώμασιν.
506 1214 574 1256 ὅτε
609 1215 682 1256 καὶ
717 1216 743 1270 ἡ
781 1219 855 1257 τοῦ
882 1215 1108 1270 Ἀρκαδίου
1141 1216 1266 1271 στήλη
1303 1217 1346 1257 ἓν
1376 1221 1438 1271 τῷ
1469 1221 1542 1258 τοῦ
1577 1217 1715 1272 Ξηρο-
1736 1220 1781 1256 14
1807 1219 2006 1258 Ρ11106Α

156 1284 202 1320 15
214 1282 353 1337 λόφου
384 1283 491 1325 κίονι
522 1283 723 1338 ἱδρυμένη
756 1284 954 1326 κατέπεσε
985 1284 1057 1326 καὶ
1088 1284 1112 1326 ὁ
1144 1285 1189 1327 ἓν
1219 1289 1268 1340 τῇ
1290 1284 1446 1340 Χρυσῇ
1475 1285 1610 1340 πόρτῃ
1642 1286 1715 1327 ἇν-

215 1350 334 1406 δριὰς
375 1355 450 1394 τοῦ
492 1352 677 1406 μεγάλου
715 1351 962 1407 Θεοδοσίου,
1010 1353 1113 1394 ἀλλὰ
1156 1353 1242 1408 μὴν
1285 1353 1356 1395 καὶ
1399 1353 1448 1395 τὰ
1491 1353 1598 1395 κατὰ
1641 1354 1716 1409 τὴν

212 1421 366 1476 χέρσον
395 1421 505 1476 τείχη
537 1425 610 1476 τῆς
638 1420 816 1470 πόλεως,
847 1422 876 1476 ἥ
906 1437 948 1463 τε
978 1426 1052 1464 τοῦ
1074 1421 1356 1478 Νικομήδους
1375 1422 1495 1470 πόλις
1515 1422 1587 1465 καὶ
1607 1423 1716 1478 πρὸς

210 1574 235 1610 2
258 1574 315 1610 οἷα
337 1573 427 1611 κατὰ
443 1579 514 1610 τῶν
531 1575 742 1620 ὀρθοδόξων
760 1575 869 1610 ἐποίει
889 1576 909 1610 ὁ
925 1575 1031 1612 Λέων
1051 1575 1080 1612 C
1179 1576 1200 1612 7
1226 1576 1287 1612 καὶ
1313 1578 1403 1618 (om.
1421 1577 1466 1621 E)
1492 1579 1544 1613 ὅτι
1569 1577 1632 1624 τὴν
1652 1583 1714 1614 τοῦ

210 1622 378 1668 Χαγάνου
402 1623 578 1668 θυγατέρα
603 1623 731 1668 ἔγημεν
754 1624 775 1658 ὁ
798 1623 1048 1669 Κοπρώνυμος
1075 1623 1138 1660 OE
1260 1624 1304 1660 15
1330 1626 1527 1670 σημείωσαι
1554 1624 1633 1671 ΑΕ,
1660 1627 1711 1662 ὅτι

210 1670 252 1706 ἐκ
277 1676 424 1716 σεισμοῦ
450 1675 521 1706 τῶν
552 1675 678 1716 τειχῶν
710 1676 770 1718 τῆς
799 1672 936 1711 πόλεως
966 1673 1209 1708 πεπτωκότων
1234 1673 1255 1708 ὅ
1279 1672 1384 1708 Λέων
1414 1674 1633 1720 προσθήκην
1664 1675 1714 1715 εἷς

210 1723 312 1754 τοῦτο
335 1718 522 1765 ἐποιήσατο
545 1718 577 1755 E

282 1863 302 1898 1
328 1862 478 1908 σμήχειν
502 1862 673 1909 Αἰθίοπα]
699 1874 737 1899 v.
764 1862 933 1899 Lucian.
960 1863 1052 1900 adv.
1080 1864 1229 1900 indoct.
1258 1875 1290 1901 c.
1317 1865 1364 1902 28
1390 1864 1431 1911 (t.
1448 1865 1507 1901 ΙΙΙ
1534 1877 1569 1911 p.
1595 1866 1710 1911 153,1

280 1909 474 1954 Iacobitz)
598 1910 622 1946 2
646 1910 749 1947 οὐδὲν
773 1911 884 1957 ὀρθόν
909 1925 939 1947 τι
967 1911 1003 1946 D
1137 1913 1159 1947 6
1183 1913 1266 1958 παρ’
1293 1912 1391 1958 pr
1523 1914 1653 1959 ἄρσενα
1679 1914 1711 1951 Ο

281 1958 303 1994 7
321 1959 419 2004 ”Han
446 1958 486 1994 δὲ
508 1958 582 2003 τοῦ]
609 1964 669 1995 τοῦ
694 1958 734 1995 δὲ
759 1958 789 1995 C
886 1961 1146 1995 κωνσταντίνου
1173 1971 1248 1996 om.
1277 1960 1308 1996 Ο
1340 1962 1408 1997 Wo
1435 1961 1502 1997 lat.
1600 1962 1623 1997 8
1650 1962 1711 2008 τὴν

280 2005 391 2051 pr,
419 2017 494 2042 om.
522 2004 626 2051 ADi,
652 2017 690 2042 v.
717 2006 897 2052 Theoph.
924 2007 943 2043 Ι
970 2018 1007 2054 p.
1025 2007 1106 2052 409,
1125 2008 1182 2051 30,
1210 2007 1256 2044 G.
1284 2008 1332 2044 M.
1360 2020 1397 2055 p.
1416 2009 1496 2054 639,
1520 2009 1573 2054 14,
1599 2009 1645 2046 L.
1664 2009 1710 2046 G.

281 2065 319 2100 p.
347 2053 427 2098 179,
452 2054 499 2090 22
525 2053 613 2096 (Th.
640 2053 690 2090 M.
716 2066 754 2101 p.
779 2055 873 2100 124),
901 2054 1016 2092 Cedr.
1043 2055 1062 2091 I
1088 2067 1125 2102 p.
1152 2057 1233 2101 800,
1261 2057 1283 2093 7
1413 2056 1460 2092 14
1485 2060 1576 2104 post
1601 2058 1709 2105 στήλη

279 2101 372 2138 add.
399 2102 421 2148 ἡ
448 2101 484 2137 D
583 2102 628 2139 16
655 2103 809 2149 μεγάλου
837 2113 913 2139 om.
939 2102 971 2140 Ο
1003 2104 1072 2141 Wo
1098 2104 1164 2140 lat.

208 2253 359 2290 cultum
385 2264 593 2290 sacrarum
620 2255 843 2301 imaginum
869 2256 1101 2302 reduceret3
1128 2256 1199 2292 sed
1226 2257 1444 2293 videbatur
1469 2256 1709 2305 Aethiopem

207 2302 358 2338 lavare.
408 2301 583 2338 Tantum
623 2303 728 2338 enim
755 2303 908 2347 aberat,
947 2308 992 2340 ut
1018 2305 1286 2350 resipisceret,
1323 2308 1369 2341 ut
1407 2306 1527 2341 ctiam
1570 2305 1746 2342 furore9

208 2353 350 2386 contra
377 2350 626 2386 orthodoxos
653 2351 831 2396 percitus
858 2351 1005 2387 multos
1043 2352 1241 2398 supplicio
1269 2353 1445 2389 afficeret
1484 2357 1523 2389 et
1555 2355 1709 2390 confes-

207 2398 331 2433 sionis
345 2398 506 2434 coronis
533 2401 707 2433 ornaret.
742 2397 935 2435 Calabros
962 2399 1167 2436 etSiculos
1193 2401 1310 2436 novis
1336 2401 1496 2436 tributis
1511 2402 1707 2445 oneravit,
1725 2401 1770 2436 10

208 2455 299 2480 cum
325 2456 437 2481 more
464 2445 630 2482 Iudaico
650 2447 843 2482 tributum
873 2447 1051 2493 capitum
1070 2447 1248 2493 pendere
1274 2451 1313 2483 et
1331 2459 1474 2494 marm,
1502 2450 1571 2494 qui
1597 2450 1708 2496 apud

209 2493 297 2528 illos
323 2493 608 2538 nascebantur,
636 2493 808 2530 describi
835 2495 960 2531 iussit.

328 2539 592 2577 Constantino
611 2541 692 2577 filio
711 2542 791 2577 iam
810 2542 949 2578 adulto
964 2542 1085 2578 filiam
1101 2542 1295 2587 chagani,
1323 2542 1564 2589 Scytharum
1581 2544 1707 2590 ducis,
1726 2545 1765 2579 ll

209 2587 425 2634 despondit
456 2599 628 2634 eamque
659 2589 904 2635 baptizatam
934 2590 1078 2626 Irenen
1114 2591 1295 2636 vocavit3
1339 2601 1445 2636 quae
1479 2592 1612 2627 mariti
1649 2603 1707 2628 er·
1723 2592 1768 2628 12

207 2646 339 2671 rorem
375 2646 455 2671 non
483 2636 671 2682 amplexa
706 2642 777 2681 est,
816 2637 886 2673 sed
923 2639 1032 2683 pium
1061 2638 1221 2683 dogma,
1261 2649 1340 2684 quo
1367 2639 1522 2674 imbuta
1560 2640 1706 2684 fuerat,

207 2687 440 2719 constanter
466 2685 606 2719 tenuit.
657 2684 809 2721 Terrae
836 2688 947 2721 motu
986 2685 1213 2722 vehementi
1240 2686 1366 2722 inulta
1392 2687 1540 2731 templa
1573 2691 1614 2723 ct
1640 2687 1706 2724 do·
1723 2688 1767 2724 13

208 2741 296 2766 mus
330 2730 514 2776 Byzantii
554 2736 807 2776 corruerunt,
846 2744 996 2778 magna
1039 2733 1245 2769 hominum
1285 2734 1541 2770 multitudine
1579 2736 1707 2772 ruinis

209 2789 413 2824 oppressa.
463 2778 579 2815 Tunc
613 2784 653 2815 et
678 2779 841 2815 Arcadii
867 2785 1002 2816 statua
1037 2781 1076 2816 in
1104 2781 1324 2827 Xcrolophi
1360 2782 1547 2818 columna
1574 2784 1705 2828 posita
1723 2783 1767 2819 14

208 2825 383 2861 concidit
414 2830 454 2862 et
479 2826 696 2863 Theodosii
735 2829 870 2874 magni
910 2832 1045 2863 statua
1083 2829 1121 2863 in
1150 2827 1288 2864 Aurea
1303 2833 1432 2914 (porta
1466 2833 1505 2865 et
1532 2830 1706 2866 obversa

1330 2888 1341 2912 1

208 2874 429 2911 contine-nti
457 2874 570 2911 urbis
595 2875 775 2922 moenia3
800 2880 1042 2913 corruerunt
1069 2880 1108 2914 et
1134 2876 1298 2914 Nicomo

1345 2887 1370 2913 a
1396 2881 1436 2914 et
1455 2876 1618 2924 Nicaea,
1645 2877 1706 2916 Bi·
