2054 3282
512 239 724 279 CLASSIS
748 239 965 279 RVSSIOA
990 239 1247 280 FVGATVR.
1298 239 1466 277 TVRCI.
1668 240 1740 277 633

238 362 342 405 ἀλλὰ
381 364 559 418 καθαρᾷ
597 364 810 420 ναυμαχίᾳ
846 364 919 406 καὶ
956 363 1044 406 τινὰ
1078 363 1158 419 μὲν
1187 363 1332 419 σκάφη
1364 362 1606 419 βαρβαρικὰ
1638 379 1738 405 κατ-

241 432 387 486 έφλεξε
416 437 479 487 τῴ·
510 432 671 487 διύγρῳ
700 433 815 488 πυρί,
859 432 946 475 τινὰ
987 432 1032 475 δὲ
1070 433 1296 475 κατέδυσεν
1338 433 1566 487 αὔτανδρα,
1609 434 1656 474 ἓν
1695 432 1741 475 δὲ

242 502 440 556 κατέσχεν
477 501 599 543 ἔνδον
636 501 764 549 αὐτὸς
799 502 1134 557 εἰσπεπηδηκώς,
1177 501 1248 544 καὶ
1291 503 1366 548 οὓς
1407 501 1487 556 μὲν
1528 506 1590 556 τῷ
1633 502 1741 556 ξίφει

243 570 478 624 συγκόψας,
523 572 598 618 οὓς
642 571 688 613 δὲ
729 571 998 626 καταπλήξας
1034 570 1106 613 καὶ
1146 571 1341 626 δεσμίους
1377 571 1522 625 ὥσπερ
1560 575 1622 625 τῷ
1660 571 1741 613 δέει

34 691 36 694 Ι
207 639 530 694 5παρειληφώς.
592 640 655 686 ὡς
692 637 730 681 δ’
763 641 877 682 οὕτω
914 644 1001 686 ταῖς
1039 639 1141 693 τρισὶ
1179 640 1359 694 τριήρεσι
1389 639 1680 695 κατευτυχήθη
1713 639 1797 694 ἡ11

45 720 57 744 1
89 713 143 750 IV
163 714 230 750 169
243 707 350 749 κατὰ
381 711 467 750 τῶν
498 708 695 750 ἐναντίων
725 709 932 755 ἕπε’λευσις
962 708 1033 750 καὶ
1054 709 1195 755 ἄλλαις
1215 712 1302 750 τῶν
1321 709 1520 751 ὁλκάδων
1540 708 1739 763 σύνθημα

41 779 43 782 ’
244 776 453 831 παρέσχεν
483 777 508 818 ὁ
537 777 743 831 βασιλεύς,
787 777 858 819 καὶ
895 777 1098 831 ἀνήγοντο
1129 777 1328 823 πλείονες·
1372 779 1424 823 ἃς
1453 777 1636 831 ὁρῶντες
1667 777 1739 818 ἕπ-
1755 776 1790 812 D

245 845 391 892 ιούσας
412 845 453 886 οῖ
472 845 684 899 βάρβαροι
705 846 840 888 οὐκέτι
862 847 1003 901 μάχης
1034 847 1279 901 ἐμέμνηντο,
1313 845 1415 888 ἀλλὰ
1446 845 1520 900 τὴν
1551 845 1741 894 σύνταξιν

245 914 510 961 διαλύσαντες
550 915 748 969 πρύμναν
791 915 1048 968 ἕκρούσαντο
1087 915 1156 956 καὶ
1195 915 1454 969 ὡρμήκεσαν
1490 916 1547 961 εἷς
1585 915 1739 970 φυγήν.

184 987 231 1023 10
243 983 505 1038 συνεμάχησε
537 983 583 1025 δὲ
608 983 831 1038 Ῥωμαίοις
861 983 950 1025 τότε
987 983 1058 1024 καὶ
1095 983 1266 1025 ἄνωθέν
1303 1000 1361 1030 τις
1397 984 1529 1038 ῥοπή·
1573 987 1739 1038 πνεῦμα
1757 982 1800 1018 12

244 1051 324 1106 γὰρ
362 1051 562 1107 ἐξαίφνης
598 1051 782 1107 σκληρὸν
819 1056 1002 1094 πνεῦσαν
1033 1053 1079 1100 ἕξ
1109 1051 1221 1107 ἕῳάς
1250 1051 1359 1106 πρὸς
1389 1051 1437 1093 τὰ
1469 1053 1637 1106 ἑσπέρια
1669 1052 1740 1094 καὶ

242 1121 459 1174 καταιγίδα
495 1125 669 1175 κινῆσαν
706 1125 791 1167 τοῖς
830 1125 916 1162 τῶν
952 1122 1189 1176 βαρβάρων
1226 1121 1427 1175 ἕπήνεκτο
1459 1121 1638 1175 σκάφεσι
1668 1121 1740 1163 καὶ

240 1188 374 1230 πολλὰ
404 1188 484 1244 μὲν
514 1189 713 1231 ἐπέκλυσε
743 1189 815 1231 καὶ
844 1195 906 1244 τῷ
935 1191 1065 1244 βυθῷ
1094 1190 1390 1243 παραδέδωκε,
1421 1189 1555 1231 πολλὰ
1588 1186 1625 1230 δ’
1655 1190 1738 1244 ὑφ-

243 1257 358 1304 άλοις
387 1258 554 1311 πέτραις
584 1258 655 1300 καὶ
686 1258 906 1305 σκοπέλοις
936 1259 1179 1314 προσήραξε
1215 1258 1287 1300 καὶ
1318 1259 1548 1312 συνέτριψε.
1611 1258 1659 1299 τὰ
1693 1259 1741 1301 δέ
1756 1257 1798 1292 13

186 1329 227 1365 15
243 1341 288 1380 γε
318 1326 479 1368 τούτων
507 1326 787 1381 πληρώματα,
831 1326 928 1374 τοὺς
963 1327 1041 1381 μὲν
1077 1326 1123 1369 τὸ
1160 1327 1281 1381 ὕδωρ
1321 1327 1520 1381 ἐκάλυψε,
1565 1326 1661 1373 τοὺς
1693 1326 1739 1369 δὲ

241 1394 455 1449 σύνταγμα
487 1394 781 1449 στρατιωτικὸν
812 1396 1041 1450 ἐφεδρεῦον
1072 1400 1159 1442 ταῖς
1188 1395 1282 1451 ᾐόσι
1312 1396 1560 1450 διέφθειρεν.
1625 1396 1737 1438 οὕτω
1756 1394 1798 1430 14

243 1462 290 1505 δὲ
325 1463 745 1519 καταπολεμηθέντος
781 1469 855 1506 τοῦ
886 1468 972 1506 τῶν
1002 1465 1238 1519 βαρβάρων
1267 1464 1462 1519 πλήθους
1492 1464 1517 1505 ὁ
1547 1463 1740 1519 βασιλεὺς

241 1535 570 1587 τροπαιοφορῶν
600 1533 658 1580 εἰς
687 1532 736 1574 τὰ
769 1532 981 1587 ἀνάκτορα
1013 1533 1293 1583 ἒπανέζευξεν.

362 1599 444 1648 Εἷς
471 1601 551 1655 μὲν
582 1601 634 1656 δὴ
665 1601 850 1656 πόλεμος
879 1601 1143 1657 βαρβαρικὸς
1174 1601 1315 1644 οὑτοσὶ
1344 1602 1593 1657 δεδιήγηται,
1626 1602 1737 1656 εἰρή-
1752 1595 2025 1639 25Ρ11255Α

243 1700 288 1735 19
313 1701 411 1740 ὅπως
434 1702 472 1736 οἱ
490 1702 641 1746 Τοῦρκοι
667 1701 757 1737 κατὰ
782 1707 841 1747 τῆς
866 1702 1102 1746 ὑποκειμένης
1119 1702 1225 1744 (ἐπικ.
1240 1702 1286 1747 Ε)
1299 1703 1488 1746 Ῥωμαίοις
1504 1702 1597 1748 ἑῴας
1612 1703 1739 1747 μοίρας

240 1748 428 1794 ἐχώρησαν
453 1749 587 1794 (χώρας
612 1749 705 1795 ἑῴας
728 1749 958 1795 ἐστράτευσαν
984 1750 1029 1794 Ε)
1057 1750 1120 1786 CE
1145 1750 1206 1786 καὶ
1231 1751 1318 1789 τίνες
1342 1749 1437 1785 οὗτοι
1465 1749 1495 1786 C

316 1831 332 1867 1
360 1831 447 1867 ἀλλὰ
472 1832 618 1879 ἀκριβεῖ
637 1832 680 1875 Β,
705 1833 779 1869 ἀλλ’
797 1834 942 1879 ἀκριβεῖ
954 1833 1022 1870 CD
1119 1833 1143 1869 2
1167 1833 1252 1879 τινὰ]
1280 1834 1367 1869 ἄλλα
1393 1833 1428 1868 D
1526 1834 1549 1867 3
1573 1834 1739 1878 συνέσχεν

314 1879 346 1914 Ο
467 1879 729 1926 εἰςπεπεδηκὼς
755 1881 838 1927 w*p
974 1882 997 1917 5
1022 1881 1247 1927 κατειληφὼς
1273 1881 1308 1916 D
1444 1882 1466 1915 6
1491 1881 1580 1917 κατὰ
1606 1892 1681 1917 om.
1709 1881 1738 1917 C

314 1928 337 1962 8
361 1927 503 1969 σύναξιν
530 1928 565 1963 D
679 1929 721 1963 ll
748 1928 787 1970 ἐξ
810 1929 903 1974 ἑῴας
930 1940 1005 1964 om.
1033 1928 1067 1963 D
1189 1930 1237 1968 εἰς
1263 1929 1294 1963 Β
1417 1929 1461 1964 12
1486 1929 1664 1974 ἕπήνεχθο
1692 1929 1738 1974 p*

316 1974 356 2010 1⁴
384 1976 605 2021 προςήρραξε
630 1975 778 2022 Apr,
804 1987 905 2012 corr.
932 1975 998 2020 Di,
1027 1988 1063 2011 v.
1091 1976 1142 2011 ad
1170 1977 1265 2012 XIII
1293 1977 1324 2020 7,
1351 1977 1375 2011 8
1487 1976 1530 2012 15
1556 1976 1635 2016 τοὺς
1659 1976 1736 2021 μὲν]

313 2022 353 2058 τὰ
376 2022 441 2067 μὲν
466 2022 500 2057 D
597 2023 755 2068 ἐκάλυψε
782 2024 865 2069 w*p
966 2024 1009 2059 16
1034 2024 1126 2070 ἠιόσι
1146 2024 1293 2067 ARBw,
1320 2024 1397 2069 ἦόσι
1425 2024 1507 2069 BD,
1532 2024 1623 2070 ἠίοσι
1652 2023 1737 2070 w*p

362 2075 451 2115 post
465 2071 667 2116 διέφθειρεν
679 2070 772 2106 add.
786 2071 1088 2117 ἔκβρασσομένους
1106 2072 1404 2118 (ἐκβρασσομένου
1419 2072 1462 2113 C)
1477 2077 1537 2107 τοῦ
1555 2072 1739 2110 κλύδωνος

314 2117 442 2164 Bpr
542 2120 586 2155 18
611 2121 870 2164 τροπαιοφόρος
890 2119 952 2155 BC
978 2125 1023 2155 ut
1045 2119 1159 2155 Psell.
1186 2131 1223 2166 p.
1240 2119 1354 2164 147,5
1455 2119 1498 2154 19
1521 2119 1739 2165 βαρβαρικὸς

313 2177 457 2202 rasura
483 2177 534 2202 ex
559 2167 756 2212 βαρβάρων
782 2177 884 2202 corr.
912 2167 952 2211 B,
981 2178 1056 2203 om.
1083 2167 1119 2202 D
1235 2167 1350 2203 οὑτοσὶ
1376 2166 1457 2212 AR,
1484 2167 1614 2203 οὑτωσὶ
1638 2166 1736 2214 w*p,

312 2214 333 2249 ὁ
356 2217 428 2250 τῶν
452 2215 710 2259 ταυροσκυθῶν
736 2214 874 2251 BCWo
900 2215 967 2251 lat.

241 2297 477 2344 auspicatus
509 2302 549 2333 ct
576 2297 733 2334 Graeco
766 2299 851 2344 igni
886 2298 1039 2344 aliquot
1072 2310 1198 2334 naves
1232 2299 1499 2335 barbarorum
1531 2299 1738 2343 cremavit,

241 2345 341 2380 alias
372 2355 455 2381 una
488 2355 578 2381 cum
611 2346 708 2381 viris
741 2346 930 2381 demersit
962 2356 1168 2392 unamque
1195 2346 1509 2393 comprehendit,
1549 2347 1590 2382 in
1616 2357 1737 2391 quam

242 2393 327 2439 ipse
354 2393 515 2436 insiluit,
554 2394 642 2428 aliis
670 2395 809 2438 caesis,
849 2394 936 2429 aliis
963 2394 1265 2440 perterrefactis
1292 2398 1331 2430 et
1362 2399 1470 2430 metu
1505 2395 1620 2440 quasi
1647 2404 1737 2430 con-

0 2449 13 2479 ι
241 2441 399 2476 strictis.
449 2440 597 2477 Tribus
623 2442 852 2477 triremibus
880 2442 1049 2477 feliciter
1075 2442 1152 2478 ista
1178 2443 1298 2486 ausis,
1325 2442 1443 2488 signo
1470 2453 1494 2477 a
1519 2452 1619 2489 rege
1642 2439 1795 2477 daton

242 2488 377 2534 plures
403 2490 615 2525 onerariae
642 2489 821 2534 solvunt3
853 2489 1002 2535 quibus
1028 2489 1190 2525 barbari
1216 2490 1453 2536 conspectis,
1480 2499 1645 2536 pugnae
1672 2490 1737 2524 iin-

243 2546 451 2581 mcinores,
489 2536 621 2572 soluta
646 2537 733 2572 acie
759 2537 799 2571 in
833 2537 973 2582 fugam
1006 2538 1191 2573 conversi
1228 2537 1435 2583 paullatim
1471 2541 1736 2581 recesserunt,

243 2582 433 2619 Romanis
465 2584 504 2619 in
539 2594 588 2620 ea
615 2594 755 2630 pugna
783 2584 977 2620 divinitus
1003 2585 1123 2620 etiam
1157 2585 1323 2629 adiuti83
1363 2595 1454 2620 nam
1489 2585 1623 2620 subito
1650 2582 1798 2631 pro-12

0 2606 17 2662 ἒ
243 2631 344 2666 cella
370 2631 576 2668 orientalis
602 2636 752 2675 coorta,
784 2632 974 2667 fluctibus
997 2632 1245 2668 occidentem
1273 2642 1417 2668 versus
1443 2632 1678 2677 ingentibus
1696 2633 1735 2667 in

0 2663 20 2743 ἱ
243 2678 510 2715 barbarorum
536 2689 664 2715 naves
696 2679 909 2723 devolutis,
947 2679 1093 2715 multas
1125 2680 1351 2724 submersit,
1388 2679 1534 2715 multas
1566 2680 1737 2726 rupibus

242 2730 282 2761 et
322 2726 499 2773 scopulis
531 2727 699 2763 occultis
738 2727 860 2762 illisas
900 2727 1143 2762 comminuit.
1195 2727 1386 2763 Vectores
1423 2731 1557 2763 autem
1620 2727 1735 2762 artim
1755 2726 1797 2762 13

242 2773 378 2810 undae
395 2775 698 2820 absorpserunt,
732 2775 862 2810 ›artirn
882 2774 1025 2809 milites
1045 2776 1252 2821 occupatis
1271 2776 1455 2811 litoribus
1470 2775 1572 2811 truci
1605 2778 1735 2810 arunt.

241 2820 514 2857 Barbarorum
540 2822 699 2858 multitu
731 2822 797 2858 ine
824 2822 874 2857 ad
902 2822 1009 2857 hunc
1036 2822 1197 2858 modum
1225 2822 1436 2868 debellata,
1467 2833 1537 2858 rex
1567 2822 1736 2858 victoria
1752 2820 1796 2857 14

0 2890 8 2925 ἶ
241 2868 405 2904 illustris
429 2869 470 2905 in
497 2870 652 2915 regiam
679 2870 906 2905 revertitur.

0 2940 7 2962 K
359 2916 417 2953 25.
467 2917 661 2964 Exposito
685 2917 759 2953 hoc
786 2927 868 2954 uno
896 2917 1162 2953 barbarorum
1192 2917 1308 2963 bello,
1333 2918 1386 2954 ad
1412 2917 1578 2955 alterius
1603 2918 1738 2965 gentis
