1968 3302
300 258 338 295 X
937 258 1155 296 Praefatio.

301 381 498 435 Denique
541 380 584 422 in
627 380 820 435 margine
859 379 1018 423 adiecit
1051 379 1227 423 Wolfius
1265 382 1517 434 argumenta
1556 391 1715 434 graeca
1747 392 1801 422 ex

302 454 520 498 codicibus
566 452 805 508 desumpta,
855 466 964 507 quae
1010 466 1087 495 nos
1135 466 1189 495 cx
1238 450 1457 495 codicibus
1489 451 1711 496 Wolfianis
1759 456 1801 495 et

302 527 411 570 libro
434 525 629 570 Parisino
655 524 769 567 1715
792 524 990 580 suppleta
1022 524 1138 567 infra
1171 527 1416 567 contextum
1449 523 1685 580 repetenda
1707 537 1801 568 esse

304 600 557 643 censuimus.

420 672 525 714 Post
556 670 752 714 Wolfium
787 675 928 713 autem
965 667 1153 713 Carolus
1184 670 1451 726 Duccmqius
1484 670 1678 712 Zonarae
1717 669 1802 726 epi-

302 748 460 788 tomam
504 743 775 786 historiarum
823 744 939 796 (nam
980 742 1180 798 ἓπιτομὴν
1219 744 1413 797 ἱστοριῶν
1453 742 1647 785 Zonarae
1695 755 1802 798 opus

301 816 434 860 fuisse
477 815 727 871 inscriptum
767 828 844 858 nos
884 815 927 857 in
969 814 1397 858 commentationibus
1436 814 1803 858 Fleckeisenianis

302 888 437 944 (Lips.
464 887 595 940 1890)
627 902 668 943 p.
696 887 779 930 123
812 901 909 930 ann.
946 888 966 929 1
1003 891 1046 930 et
1079 900 1131 929 ex
1163 886 1419 930 testimoniis
1464 886 1660 930 codicum
1698 886 1804 943 opti-

300 960 489 1003 morum1
523 964 565 1002 et
598 972 650 1002 ex
682 959 816 1015 ipsius
848 960 1068 1014 scriptoris
1099 972 1178 1002 usu
1201 958 1601 1012 demonstravimus)
1634 957 1800 1002 duobus

300 1032 584 1074 voluminibus
605 1031 785 1074 Parisiis
817 1045 855 1074 a.
883 1031 997 1074 1686
1015 1044 1047 1074 s.
1081 1032 1143 1074 ita
1175 1030 1324 1086 edidit,
1358 1035 1404 1073 ut
1436 1029 1597 1073 additis
1629 1034 1803 1074 annota-

301 1104 488 1147 tionibus
527 1102 643 1146 haud
687 1102 940 1159 spernendis
978 1103 1220 1146 universum
1258 1102 1340 1146 hoc
1373 1102 1589 1146 annalium
1621 1115 1727 1159 opus
1758 1103 1802 1145 in

304 1175 436 1219 libros
469 1174 781 1230 duodeviginti,
826 1175 959 1219 libros
997 1189 1099 1219 vero
1132 1175 1175 1218 in
1210 1174 1354 1231 capita
1385 1175 1630 1231 partiretur,
1676 1187 1803 1229 quam

302 1247 555 1291 divisionem
578 1261 655 1291 nos
673 1261 840 1302 quoque
863 1248 1074 1290 tenuimus
1097 1246 1279 1290 adiectis
1311 1247 1483 1302 insuper
1513 1245 1803 1302 paragrapho-

303 1333 395 1362 rum
427 1321 627 1363 numeris.
675 1320 769 1371 Qua
800 1321 843 1362 in
877 1319 1065 1363 editione
1099 1333 1355 1374 quamquam
1387 1319 1639 1375 Ducangius
1672 1319 1803 1363 libros

301 1393 518 1436 Parisinos
543 1393 671 1447 1714,
694 1393 820 1447 1716,
843 1393 970 1447 1717,
994 1392 1120 1446 1718,
1143 1392 1256 1435 1768
1281 1393 1338 1443 (v.
1356 1392 1468 1448 Byz.
1486 1392 1699 1435 Zeitschr.
1718 1392 1745 1434 l.
1765 1405 1800 1434 0.

258 1503 271 1512 ,.
301 1479 343 1521 p.
362 1465 446 1508 217
467 1466 540 1517 ss.)
565 1464 771 1508 adhibere
793 1465 946 1521 potuit,
981 1469 1123 1507 tamen
1146 1464 1330 1519 quinque
1363 1463 1426 1506 illi
1460 1463 1632 1507 codices
1663 1464 1718 1506 ab
1751 1477 1802 1507 eo

302 1550 397 1579 cum
420 1535 608 1579 editione
631 1537 824 1593 principe
841 1551 925 1579 non
943 1536 1069 1579 modo
1086 1550 1171 1579 non
1189 1537 1439 1592 comparati,
1474 1535 1550 1579 scd
1569 1536 1697 1578 etiam
1715 1539 1803 1578 tam

300 1622 398 1651 raro
419 1608 603 1665 inspecti
626 1613 736 1663 sunt,
769 1613 816 1652 ut
838 1622 976 1664 neque
1000 1608 1261 1652 dubitaverit
1279 1609 1531 1664 Ducangius
1548 1607 1802 1651 Wolfianam

301 1679 532 1723 editionem
564 1681 620 1723 ad
650 1681 826 1724 verbum
859 1681 947 1724 fere
980 1684 1174 1737 repetere
1205 1681 1444 1724 manifestis
1476 1681 1686 1724 erroribus
1717 1694 1802 1723 non

301 1753 503 1796 correctis
536 1754 594 1807 (v.
629 1752 685 1796 ad
717 1754 828 1796 XIII
863 1754 988 1808 1,11.
1024 1754 1063 1807 7,
1083 1754 1123 1796 8.
1159 1754 1313 1808 11,13.
1351 1752 1505 1803 14‚15.
1542 1753 1609 1805 16,
1625 1752 1696 1795 41.
1733 1752 1801 1806 18,

301 1824 371 1868 25.
388 1826 459 1868 27.
493 1826 651 1880 22,12.
684 1826 812 1880 24,1.
847 1825 917 1880 25,
936 1826 1006 1868 31.
1040 1825 1146 1868 XIV
1181 1826 1275 1879 1,2.
1301 1825 1368 1867 14.
1393 1824 1462 1867 35.
1502 1825 1543 1875 2,
1566 1824 1634 1867 33.
1673 1823 1714 1879 5,
1729 1824 1801 1867 39.

300 1897 371 1940 42.
405 1897 446 1951 6,
465 1897 536 1940 32.
552 1897 622 1940 35.
656 1898 698 1952 9,
716 1898 756 1940 6.
795 1897 918 1952 11,5.
937 1898 1004 1940 15.
1041 1898 1109 1952 12,
1128 1897 1197 1939 24.
1218 1897 1288 1942 33.
1304 1896 1375 1939 52.
1420 1897 1487 1951 14,
1503 1897 1543 1939 6.
1562 1897 1630 1939 10.
1652 1897 1708 1938 14
1728 1895 1800 1939 fin.

306 1968 430 2024 19,5.
477 1969 634 2024 2Ο,1Ο.
683 1970 754 2024 21,
777 1970 962 2012 1.8.11.
984 1970 1050 2012 16.
1098 1969 1282 2024 22,1.3.
1304 1969 1372 2012 12.
1393 1969 1462 2011 20.
1511 1969 1640 2023 23,9.
1673 1968 1802 2023 24,5.

302 2040 431 2096 25,5.
453 2041 520 2084 17.
567 2041 696 2095 27,4.
718 2041 772 2084 13
789 2042 890 2095 cet.)
939 2045 994 2095 et,
1038 2041 1073 2084 si
1106 2041 1239 2084 verba
1272 2040 1511 2096 depravata
1542 2041 1636 2083 visa
1668 2043 1802 2094 erant,

303 2113 531 2168 aliquoties
563 2112 619 2156 ad
659 2113 946 2156 coniecturam
988 2113 1136 2168 fugere
1175 2113 1386 2167 maluerit,
1433 2126 1560 2167 quam
1591 2111 1804 2168 inspicere

301 2185 432 2228 libros
453 2199 581 2228 manu
603 2185 798 2242 scriptos,
833 2199 1009 2240 quorum
1038 2199 1091 2227 ex
1120 2185 1371 2246 testimoniis
1402 2188 1562 2227 certam
1592 2183 1804 2228 medelam

301 2257 506 2300 facillime
554 2257 709 2300 afferre
752 2261 921 2313 poterat
966 2259 1022 2311 (v.
1057 2257 1113 2300 ad
1145 2258 1256 2299 XIII
1291 2256 1446 2312 18,15.
1491 2256 1648 2311 21,18.
1679 2255 1803 2301 XIV

302 2329 429 2384 6‚10.
465 2330 593 2384 7,11.
629 2329 668 2383 8,
684 2330 725 2372 6.
745 2329 785 2372 9.
819 2330 891 2384 20,
909 2330 948 2372 2.
972 2330 1039 2372 14.
1074 2329 1144 2383 23,
1165 2330 1203 2372 7.
1238 2329 1482 2383 28,1cet.).

423 2399 585 2452 Quodsi
624 2401 874 2456 Ducangius
920 2415 971 2444 ea
1011 2414 1122 2456 quae
1154 2401 1331 2444 Wolfius
1371 2399 1568 2443 ediderat
1599 2400 1802 2456 paucissi-

302 2473 382 2515 mis
433 2472 605 2527 quidem
655 2473 760 2516 locis
811 2472 982 2516 videtur
1033 2472 1283 2516 emendasse
1323 2473 1380 2525 (v.
1420 2471 1446 2513 1.
1482 2485 1518 2514 c.
1551 2486 1594 2527 p.
1628 2471 1714 2514 229
1759 2475 1802 2514 et

304 2543 361 2587 ad
383 2544 817 2599 X1111,11.16.25.
853 2545 980 2600 7‚15.
1015 2544 1144 2600 8,19.
1181 2544 1250 2599 18,
1267 2543 1338 2587 25.
1372 2543 1477 2586 XIV
1512 2541 1638 2598 ωτι
1670 2542 1800 2597 4,1e.

304 2649 328 2674 a
360 2639 462 2674 libro
489 2639 612 2675 XVII.
641 2639 780 2675 codice
807 2639 847 2685 C,
885 2641 943 2675 ita
980 2643 1126 2682 tamen,
1165 2642 1211 2674 ut
1244 2649 1326 2674 non
1362 2638 1566 2673 dubitaret
1594 2648 1645 2674 ex
1678 2637 1802 2680 libris,

305 2708 406 2744 quos
440 2699 624 2735 adhibuit
657 2700 709 2735 ad
741 2710 892 2746 graeca
925 2699 1131 2745 scriptoris
1160 2699 1287 2734 verba
1313 2698 1576 2740 restituenda,
1607 2697 1802 2733 nonnulla

305 2768 536 2804 aspergere.

423 2816 438 2840 1
462 2817 579 2854 Nunc
604 2822 697 2854 sunt
726 2819 916 2854 addenda
948 2818 1176 2854 testimonia
1210 2817 1294 2853 cod.
1322 2816 1460 2852 Venet.
1488 2817 1568 2861 339,
1594 2816 1675 2860 401,
1715 2815 1800 2851 cod.

305 2878 594 2914 Escorialensis
620 2878 654 2913 T
678 2878 736 2913 III
762 2878 795 2923 5,
823 2878 909 2914 cod.
929 2878 1167 2914 Mutinensis
1193 2877 1231 2912 II
1257 2877 1287 2912 F
1315 2877 1359 2911 12
1386 2877 1530 2922 partim
1557 2888 1581 2912 a
1606 2876 1803 2911 Krumba-

307 2937 429 2973 chero
469 2938 580 2984 (Byz.
608 2937 802 2974 Zeitschr.
836 2949 870 2973 a.
899 2938 992 2974 1892
1019 2938 1065 2983 (Ι)
1098 2949 1134 2984 p.
1162 2936 1246 2982 596)
1285 2937 1431 2983 partim
1466 2947 1490 2972 a
1525 2935 1801 2972 Boissevainio

306 2997 417 3042 (ibid.
446 3007 480 3032 a.
508 2997 600 3034 1895
627 2997 710 3043 (IV)
736 3009 773 3044 p.
800 2997 870 3034 253
884 2999 929 3041 s.)
956 2998 1087 3034 allata.
