2054 3282
276 135 343 170 168
676 133 857 170 ZONAR.
885 133 1016 169 EPIT.
1044 134 1133 168 XIV
1161 135 1193 177 Β,
1224 133 1372 170 12—25.

274 255 564 310 ἀρχιερατικὴν
606 255 826 308 καθέδραν
868 259 938 310 τῆς
982 256 1078 300 νέας
1121 255 1286 309 Ῥώμης
1325 255 1544 311 Εὗτὺχιος,
1587 257 1821 311 προστὰςΒ
1840 268 1977 304 111281

217 329 260 364 13
274 323 562 378 ὀρθοφρόνως
594 329 664 378 τῆς
695 324 916 378 ἐκκλησίας
947 322 1158 369 ἐνιαυτοὺς
1191 323 1459 366 δυοκαίδεκα.
1522 323 1588 380 ἐφ’
1623 324 1674 368 οὗ
1699 326 1771 368 καὶ

273 393 298 447 ἡ
331 393 496 447 πέμπτη
529 393 809 446 συνήθροιστο
841 392 1020 438 σύνοδος
1050 396 1135 433 τῶν
1167 392 1316 434 ἑκατὸν
1338 394 1539 447 ἑξήκοντα
1561 394 1632 435 καὶ
1652 395 1771 436 πέντε

275 461 407 515 ἁγίων
436 462 643 515 πατέρων,
678 459 740 502 ὧν
773 461 921 515 ἐξῆρχε
944 461 1123 514 Βιγίλιος
1144 461 1288 507 πάπας
1308 461 1475 516 Ῥώμης
1501 463 1573 504 καὶ
1604 463 1628 504 ὁ
1660 464 1770 518 εἰρη-

217 533 260 568 14
272 530 400 583 μένος
421 529 628 583 Εὐτύχιος
658 529 728 570 καὶ
761 529 784 570 ὁ
809 529 1115 583 Ἀλεξανδρείας
1139 530 1431 584 Ἀπολινάριος.
1493 532 1809 586 συνήθροιστοὸ

275 598 320 639 δὲ
341 597 447 639 κατὰ
463 597 703 651 Ὠριγένους
729 597 799 638 καὶ
831 600 915 638 τῶν
947 597 1190 638 ἀλλοκότων
1222 599 1382 639 ἐκείνου
1416 598 1556 647 δοξῶν
1587 599 1658 641 καὶ
1688 603 1774 642 τῶν

216 670 260 706 15
273 666 322 707 τὰ
354 666 514 707 ἐκείνου
545 666 895 720 πρεσβευσάντων
927 666 1117 720 Διδύμου
1149 666 1220 707 καὶ
1251 666 1480 721 Εὐαγρίου,
1519 669 1660 715 οἵτινες
1689 672 1775 710 τῶν

273 739 429 789 ψυχῶν
459 734 723 789 προΰπαρξιν
755 735 1027 789 ἓδογμάτιζον
1058 735 1129 776 καὶ
1160 736 1274 782 τέλος
1304 741 1376 791 τῆς
1397 737 1614 784 κολάσεως
1635 738 1776 792 ἔλεγον

84 806 259 843 ΡΙΙ68Α
273 803 344 844 καὶ
384 807 468 844 τῶν
510 802 728 857 δαιμόνων
766 804 822 849 εἰς
859 803 906 845 τὸ
947 804 1123 858 ἀρχαῖον
1167 805 1500 847 ἀποκατάστασιν
1543 806 1614 847 καὶ
1657 807 1774 861 ἔτερα

216 876 260 911 16
272 871 454 925 πλείονα,
489 873 563 917 οὓς
594 871 665 912 καὶ
697 872 930 926 ἀναθέματι
962 872 1037 914 σὺν
1067 877 1152 919 τοῖς
1184 874 1324 914 αὐτῶν
1353 874 1534 928 ὑπέβαλε
1557 875 1772 929 δόγμασιν,
1793 882 1836 917 10

274 939 375 980 ἀλλὰ
398 940 469 981 καὶ
490 939 561 982 τὸν
584 939 921 995 ,Μομψουεστίας
943 940 1175 996 Θεόδωρον
1196 942 1244 983 τὰ
1267 942 1500 997 Νεστορίου
1522 949 1774 997 φρονοῦντα,

274 1010 298 1063 ἢ
331 1008 491 1063 μᾶλλον
523 1009 683 1050 ἐκείνου
717 1010 914 1063 γεγονότα
948 1010 1212 1059 διδάσκαλον,
1244 1011 1315 1052 καὶ
1346 1016 1420 1053 τοῦ
1445 1012 1651 1066 βασιλέως
1675 1012 1774 1055 Ἰου-

274 1082 477 1119 στινιανοῦ
513 1078 723 1132 παρόντος
759 1079 803 1120 ἓν
839 1084 888 1134 τῇ
928 1079 1098 1134 συνόδῳ
1142 1080 1213 1121 καὶ
1250 1081 1604 1128 συνευδοκοῦντος
1644 1081 1705 1128 οἷς
1737 1083 1777 1123 οἱ

274 1146 381 1187 θεῖοι
411 1147 586 1201 πατέρες
618 1147 766 1188 ε’κεῖνοι
798 1148 1014 1202 ’θεοφιλῶς
1045 1148 1341 1204 ᾠκονόμησαν.

215 1220 258 1255 17
394 1215 511 1257 Ἀλλὰ
551 1219 677 1257 ταῦτα
714 1216 792 1270 μὲν
829 1216 954 1272 ταύτῃ
993 1218 1229 1271 συνήνεκτο.
1293 1218 1317 1259 ὁ
1353 1218 1598 1273 Βελισάριος
1637 1219 1683 1261 δὲ
1718 1221 1775 1266 εἷς
1791 1225 1834 1261 15

273 1370 296 1405 2
319 1370 399 1415 περὶ
426 1376 485 1416 τῆς
508 1371 668 1416 πέμπτης
694 1372 845 1407 συνόδου
871 1370 972 1408 ACE
1072 1373 1115 1408 15
1141 1374 1238 1412 ὅπως
1262 1375 1283 1408 ὁ
1306 1374 1513 1418 Βελισάριος
1540 1374 1592 1418 (V.
1611 1374 1663 1410 ad
1682 1374 1775 1410 XIV

274 1418 307 1463 7,
332 1418 393 1460 21)
419 1418 480 1464 τὴν
502 1419 646 1465 Ῥώμην
671 1419 772 1466 ἔλαβε
799 1420 860 1455 καὶ
883 1420 1000 1459 πόλεις
1026 1420 1143 1466 ἑτέρας
1170 1421 1232 1458 CE

347 1569 366 1603 1
394 1574 453 1614 τῆς
470 1569 549 1608 νέας
566 1569 692 1615 ῥώμης
709 1570 891 1615 καθέδραν
910 1569 945 1604 D
1037 1571 1058 1606 3
1085 1571 1209 1606 ἑκατὸν
1226 1572 1396 1616 ἑξήκοντα
1414 1572 1474 1607 καὶ
1492 1573 1592 1607 πέντε
1607 1571 1772 1618 A(E)Wp

347 1618 398 1658 (V.
419 1616 464 1652 G.
484 1616 532 1652 M.
561 1628 597 1663 p.
620 1618 701 1660 528,
717 1618 772 1661 17,
804 1617 919 1654 Cedr.
946 1618 964 1653 I
992 1630 1027 1663 1).
1053 1619 1220 1663 659,18),
1248 1620 1373 1655 ἑκατὸν
1398 1620 1459 1655 καὶ
1484 1620 1700 1665 πεντήκοντα
1725 1620 1773 1664 Ι),

345 1664 470 1700 ἑκατὸν
495 1665 555 1700 καὶ
582 1666 682 1700 πέντε
708 1666 742 1700 Β,
909 1665 931 1700 5
958 1666 1182 1711 ἀπολινάριος
1210 1666 1279 1702 AR
1307 1671 1359 1709 (v.
1387 1667 1433 1704 G.
1460 1668 1509 1703 M.
1536 1668 1558 1703 l.
1586 1679 1630 1712 e.‚
1658 1668 1772 1704 Cedr.

347 1712 369 1747 l.
397 1724 442 1757 e.‚
469 1712 582 1759 Glyc.
610 1725 646 1759 p.
673 1713 755 1755 504,
783 1714 830 1757 7),
857 1714 1100 1759 ἀπολλινάριος
1129 1714 1326 1761 CEwpDi,
1355 1727 1390 1750 V.
1418 1716 1470 1750 ad
1495 1715 1591 1751 XIII
1622 1716 1676 1761 12,
1703 1716 1750 1751 22

346 1761 368 1795 6
394 1764 486 1806 post
510 1760 600 1797 κατὰ
626 1761 718 1796 add.
744 1766 803 1796 τοῦ
833 1762 941 1807 Ewp,
970 1773 1045 1797 om.
1072 1762 1140 1798 AO
1170 1766 1214 1798 ut
1241 1762 1286 1798 G.
1313 1763 1361 1797 M.
1390 1775 1426 1809 p.
1454 1764 1534 1808 528,
1561 1764 1607 1799 23

346 1808 369 1843 8
393 1808 623 1854 ε’δογμάτισαν
650 1809 681 1845 Ο
782 1810 827 1844 10
853 1810 1026 1856 ὑπέβαλον
1052 1810 1087 1844 D
1200 1811 1240 1845 11
1268 1813 1533 1856 μομψουεστίας
1559 1811 1604 1856 Α,
1630 1826 1772 1858 μοψου-

346 1857 457 1895 εστιάς
482 1855 650 1902 prDz',
690 1868 726 1891 v.
756 1857 806 1892 de
832 1857 1021 1893 Boorium
1057 1859 1137 1893 ind.
1164 1858 1343 1904 Theoph.
1377 1870 1405 1894 s.
1436 1871 1472 1894 v.
1500 1861 1772 1905 Μομψουεστία,

347 1904 560 1940 Gelzerum
583 1905 641 1939 -ad
669 1904 819 1951 Georg.
843 1905 961 1951 Cypr.
981 1906 1060 1949 819,
1088 1906 1261 1942 Hierocl.
1290 1907 1453 1952 synecd.
1481 1908 1598 1952 705,3
1622 1907 1774 1943 Burek-

347 1952 466 1987 hardt
565 1953 620 1987 13.
649 1953 692 1987 14
718 1953 768 1992 οἷς
797 1956 885 1998 post
910 1955 1037 1988 ἐκεῖνοι
1066 1953 1095 1987 Β
1198 1954 1241 1989 14
1267 1955 1503 2000 ᾠκονόμησαν
1528 1954 1674 2001 AEwp‚
1699 1956 1772 1991 ἕδο-

347 2000 516 2044 γμάτισαν
542 2000 573 2036 Ο
691 2000 734 2036 15
760 2001 980 2046 Βελισάριος]
1008 2012 1045 2036 v.
1073 2001 1125 2036 ad
1151 2001 1243 2037 XIV
1270 2003 1302 2047 7,
1330 2003 1374 2037 21
1489 2006 1580 2049 post
1605 2004 1654 2043 εἷς
1681 2003 1773 2039 add.

346 2047 409 2093 τὴν
434 2048 532 2094 Ewp

217 2188 261 2223 13
275 2191 351 2227 XII
377 2192 565 2237 praefuit.
616 2191 700 2228 Sub
739 2193 814 2228 hoe
842 2194 1026 2238 quintum
1066 2195 1277 2230 concilium
1318 2198 1378 2230 est
1416 2199 1599 2231 eoactum
1636 2194 1775 2232 CLXV

275 2242 506 2275 sanctorum
534 2243 706 2286 patrum,
735 2251 906 2286 quorum
927 2242 1115 2287 princeps
1131 2243 1208 2277 fuit
1226 2242 1408 2289 vigilius,
1435 2254 1542 2289 papa
1556 2243 1772 2286 Romanus,

275 2290 316 2322 et
341 2287 385 2331 is,
426 2288 542 2324 euius
569 2291 628 2324 est
655 2289 805 2324 mentio
833 2289 952 2333 facta,
986 2289 1209 2335 Eutychius
1236 2294 1274 2326 et
1300 2290 1602 2326 Alexandrinus
1627 2289 1773 2336 Apolli—

217 2332 259 2366 14
275 2334 396 2370 naris.
447 2334 614 2371 Concilii
641 2336 759 2371 huius
786 2337 926 2372 indicti
953 2347 1078 2372 causa
1105 2339 1181 2372 fuit
1208 2337 1404 2384 Origenes
1430 2339 1598 2383 eiusque
1614 2349 1773 2383 perver-

217 2380 262 2414 15
275 2392 346 2418 sae
373 2383 583 2428 opiniones
602 2387 642 2419 et
655 2384 742 2419 eius
757 2387 977 2420 sectatores
992 2384 1191 2430 Didymus
1218 2389 1340 2431 atque
1352 2386 1574 2431 Euagrius3
1602 2396 1773 2431 quorum

276 2429 425 2475 dogma
451 2432 527 2467 fuit
554 2431 709 2467 animas
736 2436 830 2468 ante
857 2442 1030 2478 corpora
1057 2433 1237 2469 extitisse
1264 2438 1301 2468 et
1326 2434 1512 2479 supplicii
1539 2434 1658 2469 finem
1686 2444 1774 2469 esse

276 2481 315 2512 et
341 2477 560 2515 daemones
587 2480 796 2525 pristinam
825 2480 1063 2526 dignitatem
1090 2484 1416 2526 recuperaturos,
1456 2481 1617 2526 aliaque
1643 2481 1772 2527 plura.

218 2523 261 2557 16
275 2524 359 2560 Hos
398 2536 621 2572 eorumque
663 2527 856 2572 dogmata
894 2538 1054 2563 necnon
1093 2527 1351 2564 Theodorum
1394 2539 1443 2564 ex
1486 2528 1773 2574 Mompsuestia

275 2571 449 2608 Nestorii
487 2574 802 2620 suffragatorem
829 2575 894 2611 vel
932 2576 1066 2621 potius
1104 2575 1210 2612 illius
1252 2577 1488 2622 magistrum
1515 2577 1773 2613 anathemate

276 2621 443 2664 notavit,
472 2632 562 2657 eum
595 2633 669 2657 rex
695 2623 946 2658 Iustinianus
981 2623 1149 2658 concilio
1176 2625 1388 2660 interesset
1426 2628 1464 2659 et
1502 2625 1569 2670 pia
1609 2625 1774 2660 decreta

275 2667 433 2702 illorum
459 2672 620 2714 patrum
647 2671 905 2716 approbaret.

217 2713 261 2748 17
395 2714 529 2760 Atque
543 2717 645 2753 haec
669 2719 726 2753 ita
739 2721 857 2763 gesta
872 2722 978 2754 sunt.
1027 2718 1246 2754 Belisarius
1265 2721 1411 2762 autem,
1440 2728 1530 2752 cum
1557 2719 1597 2754 in
1616 2719 1773 2755 Italiam

275 2763 510 2807 traiecisset,
550 2765 722 2810 primum
749 2766 911 2811 quidem
938 2765 1147 2811 Neapolim
1184 2766 1394 2801 obsidione
1420 2766 1547 2811 eapit3
1588 2771 1673 2802 tum
1699 2767 1774 2803 Ro-

276 2819 382 2844 mam
410 2820 573 2856 quoque
601 2813 742 2858 ipsam,
769 2814 871 2849 urbe
897 2814 1043 2860 partim
1071 2814 1111 2849 vi
1138 2814 1284 2860 partim
1311 2814 1596 2850 benevolentia
1625 2815 1773 2851 civium
