2054 3282
327 263 397 299 492
714 263 894 301 ZONAR.
923 263 1051 299 EPIT.
1078 264 1169 299 XVI
1195 264 1251 308 23,
1281 265 1429 301 11-2‘2.

267 387 311 423 12
327 384 558 439 δυνηθῆναι
597 388 753 439 φυγεῖν.
815 385 885 426 καὶ
917 385 941 426 ὁ
971 385 1048 438 μὲν
1080 384 1206 426 Λέων
1246 385 1492 428 ἐπανελθὼν
1530 387 1601 428 καὶ
1637 388 1816 442 μεγαλο-

208 455 239 490 Β
266 456 311 491 13
324 457 497 506 πρεπῶς
542 454 756 507 ὑπεδέχθη
804 453 874 493 καὶ
918 453 1103 506 ἔπινικίῳ
1147 454 1351 508 θριάμβῳ
1394 455 1592 510 τετίμητο.
1668 456 1815 511 μελέτη

326 520 372 561 δέ
401 536 524 562 τινων
554 521 659 562 κατὰ
691 525 764 562 τοῦ
797 521 1107 575 αὐτοκράτορος
1139 522 1349 576 ἐφωράθη
1382 523 1453 564 καὶ
1485 525 1524 565 οἱ
1543 524 1695 579 ταύτην
1715 541 1816 579 συρ-

324 588 532 642 ράψαντες
563 589 633 629 καὶ
672 589 712 630 οἱ
747 589 908 630 τούτων
947 588 1182 643 συνίστορες
1222 592 1545 646 συνεσχέθησαν,
1590 592 1698 647 πλὴν
1737 594 1816 635 οὐκ

324 655 497 710 ἀπηνῶς
528 657 831 711 ἐκολάσθησαν.
1829 671 1852 707 5

265 727 309 762 14
437 724 489 766 ‘O
529 725 755 779 μάγιστρος
799 726 844 767 δὲ
883 726 1135 781 Νικηφόρος
1179 728 1203 769 ὁ
1240 727 1398 774 Φωκεῖς
1442 729 1488 770 ἔκ
1531 734 1604 784 τῆς
1645 729 1817 785 Κρήτης

321 792 596 846 μετακληθεὶς
628 794 707 834 οὐκ
739 794 860 848 εἷάθη
893 794 1001 849 πρὸς
1031 795 1077 837 τὸ
1110 796 1340 844 Βυζάντιον
1372 797 1694 852 ἕπαναόραμεῒν,
1727 795 1814 840 ἀλλ’

322 859 547 914 ἐκελεύσθη
586 860 694 915 πρὸς
731 862 804 916 τὴν
840 863 953 917 ἑῴαν
982 863 1085 917 μετὰ
1116 865 1254 919 πάσης
1284 870 1476 919 χωρῆσαι
1506 870 1579 920 τῆς
1609 870 1814 920 στρατιᾶς·

263 928 345 968 156
377 927 456 982 γὰρ
489 928 675 983 Χαμόὰν
707 930 830 977 αὖθις
869 931 975 973 κατὰ
1003 932 1226 987 Ῥωμαίων
1262 934 1470 988 χωρήσειν
1507 934 1709 989 ἠλπίζετο.
1771 935 1816 976 ἓν

321 1000 423 1050 γοῦν
461 997 598 1052 Συρίᾳ
643 1000 865 1054 γενόμενος
904 1001 927 1041 ὁ
965 1001 1124 1047 Φωκᾶς
1167 1001 1238 1042 καὶ
1279 1001 1414 1055 τούτῳ
1458 1001 1563 1042 κατὰ
1607 1002 1815 1056 συστάδην
1831 1013 1875 1048 10

319 1065 623 1119 μαχεσάμενος,
655 1068 725 1109 καὶ
756 1070 901 1123 ἥττησε
931 1073 1176 1124 περιφανῶς
1207 1069 1277 1111 καὶ
1297 1069 1371 1124 τὴν
1392 1070 1601 1124 Βέρροιαν
1626 1071 1722 1125 ἄτερ
1743 1075 1816 1126 τῆς

320 1133 595 1187 ἀκροπόλεως
627 1136 885 1191 ἐξεπόρθησε
915 1138 986 1179 καὶ
1015 1139 1195 1179 πλοῦτον
1220 1139 1380 1180 ἐκεῖθεν
1400 1139 1588 1181 πλεῖστον
1608 1140 1814 1194 συνήγαγε

277 1201 390 1242 Οκαὶ
431 1201 728 1256 δορυαλώτους
771 1205 922 1259 ἤλασεν
959 1207 1038 1247 οὐκ
1076 1207 1386 1261 εὐαριθμήτους
1422 1207 1493 1248 καὶ
1528 1207 1709 1254 πολλοὺς
1746 1208 1812 1250 δε-

322 1271 470 1324 σμίους
499 1287 758 1326 χριστιανους
789 1278 861 1328 τῆς
892 1274 1180 1328 αιχμαλωσίας
1210 1275 1398 1317 ἀπέλυσε.

264 1340 307 1375 16
443 1338 614 1394 Λέγεται
629 1345 731 1394 γοῦν
745 1342 788 1383 ἕν
804 1342 915 1397 ἀρχῇ
931 1347 1003 1397 τῆς
1020 1344 1245 1398 αὖταρχίας
1261 1349 1333 1386 τοῦ
1351 1344 1410 1386 Ῥ(
1395 1349 1573 1398 (ομανοῦ
1590 1348 1675 1386 τῶν
1690 1345 1811 1399 Ἀγα-
1829 1354 1872 1390 15

320 1411 463 1463 ρηνῶν
479 1412 619 1450 πᾶσαν
634 1410 782 1464 χώραν
798 1410 1108 1465 λεηλατούντων
1124 1428 1180 1458 εις
1197 1412 1377 1465 ἀπορίαν
1392 1417 1628 1467 περιστῆναι
1649 1412 1719 1454 τὸν
1735 1414 1811 1455 αὐ-

319 1477 566 1531 τοκράτορα,
589 1478 660 1519 καὶ
681 1478 752 1520 τὸν
775 1479 935 1521 Φωκᾶν
952 1479 1206 1534 Νικηφόρον
1227 1481 1622 1536 προσκαλεσάμενον
1644 1482 1814 1536 ἔρεσθαι

319 1633 341 1667 6
366 1633 416 1666 ὅτι
442 1631 547 1671 αὖθις
572 1633 592 1666 ὁ
614 1633 830 1691 Νικηφόρος
856 1639 906 1668 τῶ
932 1633 1085 1678 Χαμδὰν
1112 1635 1266 1680 (χαμόᾶν
1291 1635 1337 1679 Ε)
1365 1635 1555 1682 συμβαλὼν
1582 1637 1726 1681 ἥττησεν
1750 1635 1811 1671 αὐ-

319 1679 377 1715 τὸν
403 1678 526 1725 (αὐτὴν
552 1679 598 1722 Ε)
624 1680 685 1716 καὶ
711 1681 747 1716 τὸ
774 1681 847 1726 (τὸν
872 1682 916 1722 Ε)
943 1682 1067 1717 Χάλεπ
1092 1682 1291 1728 ἐπόρθησεν
1320 1683 1382 1719 ΟΕ
1489 1683 1534 1718 15
1559 1685 1755 1728 σημείωσαι
1781 1683 1812 1718 Ε

392 1833 410 1867 1
437 1832 498 1868 καὶ
524 1836 618 1868 ante
642 1847 719 1878 μεγ.
748 1843 823 1868 om.
851 1833 886 1867 D
996 1833 1018 1868 4
1047 1834 1068 1878 ἡ
1094 1833 1142 1878 D,
1169 1834 1206 1868 οἷ
1229 1844 1330 1868 corr.
1358 1833 1426 1871 Dw
1548 1833 1813 1879 κατεσχέθησαν

390 1881 486 1926 Ewp
585 1881 607 1916 9
632 1881 811 1926 χωρήσειν
838 1884 932 1916 ante
958 1880 1047 1916 κατὰ
1073 1881 1103 1915 Β
1203 1881 1248 1915 10
1272 1881 1334 1915 οὗν
1354 1881 1449 1926 Ewp
1547 1882 1658 1925 τούτῳ
1685 1892 1759 1916 om.
1780 1881 1811 1917 Ο

438 1931 529 1973 post
553 1941 647 1963 συστ.
675 1928 766 1963 add.
793 1928 889 1972 αὐτῷ
917 1929 947 1964 Ο
1080 1929 1121 1963 11
1151 1929 1301 1972 Βέροιαν
1328 1928 1411 1973 W²³⁶p
1439 1929 1574 1964 invitis
1600 1928 1670 1963 AR
1696 1928 1811 1965 Cedr.

391 1975 579 2022 (Soylitz.)
606 1976 643 2010 II
670 1987 706 2021 p.
733 1975 814 2020 344,
842 1977 886 2011 18
1042 1976 1086 2010 13
1111 1976 1348 2020 δοριαλώτους
1373 1974 1439 2021 Di,
1467 1988 1504 2011 V.
1531 1976 1582 2011 ad
1608 1976 1703 2011 XIII
1730 1977 1763 2020 8,
1789 1977 1812 2011 3

437 2024 503 2058 οὐκ
529 2024 788 2069 εὐαριθμήτους
814 2023 926 2069 Awp,
952 2024 1019 2059 οὐκ
1045 2024 1261 2068 εὐαρίθμους
1289 2024 1319 2058 Ε
1349 2024 1472 2069 (quod
1500 2025 1733 2059 coniectura
1759 2035 1812 2059 ex

390 2074 410 2112 ἓ
439 2072 479 2106 ll
508 2074 617 2106 recte
644 2072 819 2107 correxit
850 2072 944 2116 Wo),
970 2072 1012 2107 οὐ
1038 2072 1125 2116 ῥᾶον
1149 2071 1367 2117 ἀριθμητοὺς
1394 2071 1627 2117 (ἄριθμήτους
1654 2071 1704 2114 D)
1731 2072 1763 2107 Ο

391 2119 436 2154 15
461 2124 521 2154 τοῦ
546 2118 626 2163 ΑΕ,
652 2120 775 2154 τούτου
801 2124 861 2154 τοῦ
886 2119 928 2162 Ο,
955 2120 1056 2158 οὗτος
1084 2125 1143 2155 τοῦ
1170 2119 1254 2164 w*p
1354 2120 1398 2154 16
1423 2119 1526 2154 αὐτὸν
1552 2119 1599 2163 D,
1625 2119 1683 2154 τὸν
1709 2130 1809 2154 corr.

390 2167 458 2205 Dw
616 2167 660 2202 17
685 2167 829 2211 ἔρεσθαι
851 2165 983 2211 ΑΕΒε,
1009 2167 1151 2212 ἐρέσθαι
1178 2165 1297 2211 RsDi,
1326 2178 1361 2202 v.
1389 2166 1681 2212 Goettlingium
1707 2166 1810 2212 Allq.

388 2215 517 2250 Lehre
542 2225 578 2250 v.
604 2213 748 2250 Accent
775 2217 847 2250 cet.
875 2214 957 2250 Ien.
985 2215 1076 2251 1835
1103 2226 1139 2260 p.
1166 2215 1212 2250 58
1238 2225 1330 2250 ann.
1356 2215 1379 2250 3

258 2364 303 2399 12
317 2376 441 2411 aegre
463 2365 611 2411 elapso.
662 2364 745 2400 Leo
773 2365 898 2411 igitur
923 2375 1113 2401 reversus
1140 2365 1358 2400 honorifice
1384 2368 1580 2410 exceptus
1606 2367 1666 2399 est·
1693 2366 1731 2399 et
1758 2364 1809 2399 ob

259 2412 304 2447 13
316 2413 526 2448 victoriam
553 2413 754 2457 triumpho
783 2416 960 2448 ornatus.
1011 2412 1282 2458 Deprehensis
1315 2412 1489 2448 consiliis
1524 2414 1663 2447 contra
1689 2412 1808 2457 impe-

315 2463 490 2495 ratorem
517 2461 636 2505 initis,
671 2463 858 2497 auctores
884 2464 923 2496 et
950 2461 1100 2496 conscii
1128 2460 1416 2505 comprehensi,
1453 2470 1532 2494 non
1559 2463 1693 2494 tamen
1723 2469 1808 2494 cru-

317 2507 458 2543 deliter
484 2508 614 2553 puniti
644 2512 748 2544 sunt.

258 2555 302 2590 14
433 2555 590 2591 Phocas
615 2559 750 2591 autem
780 2555 1029 2601 Nicephorus
1056 2556 1248 2601 magister
1280 2566 1302 2590 e
1330 2554 1447 2591 Creta
1479 2558 1695 2589 revocatus
1727 2565 1807 2589 non

315 2603 414 2638 situs
441 2606 500 2638 est
525 2613 736 2639 recurrere
762 2602 1014 2648 Byzantium,
1048 2603 1119 2639 sed
1146 2613 1235 2638 cum
1265 2603 1370 2638 omni
1396 2602 1578 2637 exercitu
1604 2602 1644 2636 in
1672 2602 1807 2637 Orien-

315 2653 394 2685 tem
426 2651 484 2686 ire
516 2651 667 2695 iussus3
704 2661 797 2686 nam
830 2651 958 2686 altera
989 2651 1094 2686 illius
1120 2649 1327 2686 chamdan
1358 2649 1566 2695 impressio
1601 2652 1807 2694 exspecta-

257 2697 302 2732 15
316 2697 445 2733 batur.
497 2698 708 2733 Profectus
738 2698 863 2744 igitur
894 2699 935 2733 in
968 2697 1124 2743 Syriam
1162 2707 1384 2743 pu0·naque
1426 2697 1636 2731 commissa
1674 2697 1807 2732 hostes

315 2745 458 2780 illustri
490 2746 661 2781 victoria
693 2746 901 2791 superavit
928 2749 967 2781 et
992 2735 1169 2781 Bam-oea
1195 2747 1356 2790 praeter
1382 2755 1515 2779 arcem
1543 2747 1702 2779 vastata
1727 2754 1806 2778 ma-

314 2793 432 2827 ximis
470 2793 620 2828 divitiis
658 2797 717 2828 est
754 2794 904 2839 potitus
938 2796 978 2828 et
1013 2793 1138 2838 copiis
1172 2802 1302 2838 paene
1336 2791 1557 2827 innumeris
1589 2794 1628 2827 et
1661 2791 1806 2826 multos

316 2838 562 2876 Christianos
588 2841 746 2876 vinctos
772 2841 970 2876 liberavit.

258 2886 302 2921 16
435 2887 638 2922 Romanus
674 2888 787 2922 initio
821 2888 977 2933 imperii
1004 2888 1065 2923 sui
1090 2887 1292 2932 Agarenis
1319 2897 1455 2922 omnes
1483 2887 1712 2932 provincias
1738 2896 1806 2920 va·

316 2934 525 2978 stantibus,
567 2935 700 2970 animo
735 2938 926 2971 aestuans
958 2935 1132 2972 Pbooam
1163 2934 1432 2981 Nicephorum
1466 2943 1634 2980 rogasse
1667 2934 1805 2977 fertur,
