2054 3282
0 260 17 309 μ
526 279 765 320 ISAACIVS
790 280 819 317 1.
846 277 1120 318 COMNENVS
1146 276 1460 317 IMPERATOR.
1668 277 1738 315 665

246 406 372 460 σιλέα,
404 403 454 448 ἵν’
487 406 627 453 αὐτοῖς
657 405 892 460 ἀποδοθείη
923 403 970 447 τὸ
1001 404 1228 459 ἔγγραφον,
1260 403 1285 446 ὃ
1314 401 1556 458 βιασθέντες
1585 400 1737 454 ὑπογε-

247 476 468 530 γράφασιν,
514 474 601 517 ε’πεὶ
642 479 704 530 τῷ
744 474 959 529 Κομνηνῷ
1002 474 1160 520 ἐκεῖνος
1202 472 1427 515 ἐσπείσατο.
1489 470 1513 512 ὁ
1551 469 1596 511 δὲ
1632 468 1736 523 πλη·
1752 470 1798 506 23

4 578 27 602 4
247 545 398 598 ρώσειν
437 545 578 586 αὐτῶν
615 543 661 586 τὸ
705 544 857 598 αἴτημα
901 542 1155 584 κατετίθετο·
1201 538 1288 583 ἀλλ’
1321 539 1428 595 ἦσαν
1463 538 1739 592 προσποίησις

6 601 73 666 :D
92 615 146 653 IV
166 615 229 651 191
246 614 421 656 ἅπαντα.
483 613 683 668 βραχείας
719 612 799 666 γὰρ
834 610 1131 665 παρελθούσης
1162 610 1281 664 ὥρας
1310 609 1480 664 βασιλέα
1511 607 1583 650 καὶ
1614 607 1736 648 αὗτο-
1751 608 1798 646 24

7 668 29 698 “³⁵
210 682 433 736 5κράτορα
456 681 844 737 φανερῶς,ἀνεῒπον
863 679 935 721 τὸν
956 679 1197 734 Κομνηνόν,
1229 679 1359 720 αὐτοῦ
1383 681 1457 719 τοῦ
1477 676 1737 730 πατριάρχου

245 749 601 797 συνευδοκοῦντός
638 766 680 791 τε
718 748 790 791 καὶ
826 748 1176 803 συμπράττοντος,
1220 747 1291 789 καὶ
1321 751 1382 801 τῷ
1411 745 1490 801 μὲν
1525 745 1739 799 Κομνηνῷ

243 819 303 875 μὴ
335 819 496 874 μέλλειν
528 818 805 874 δηλώσαντος,
843 816 945 858 ἀλλὰ
977 816 1182 870 σπεύδειν,
1214 815 1285 858 καὶ
1316 814 1497 870 ἀμοιβὰς
1528 813 1740 859 αἰτοῦντος

242 892 316 943 τῆς
336 888 625 943 ἀναρρήσεως,
656 891 718 941 τῷ·
740 883 777 928 δ’
801 887 884 932 ἕως
904 885 993 927 τότε
1023 885 1279 940 βασιλεύοντι
1309 884 1490 926 κατιέναι
1519 885 1605 924 τῶν
1635 882 1738 923 ἀνα-

243 956 411 1010 κτόρων
453 956 710 1011 ἰταμώτερον
753 954 1044 1000 ἐπιτάττοντος.
1113 953 1344 1008 ἀρχιερέων
1388 952 1433 994 δὲ
1475 955 1536 1005 τῴ·
1579 951 1738 1004 γέροντι
1751 955 1797 992 25

186 1028 232 1064 10
244 1025 417 1080 Manain
446 1025 495 1067 τὰ
526 1028 600 1067 τοῦ
630 1023 891 1078 πατριάρχου
918 1023 1184 1078 κομισάντων
1204 1021 1444 1076 μηνύματα,
1476 1020 1634 1065 ἐκεῖνος
1654 1019 1952 1072 ἔφηΡΙΙ268Α

241 1095 311 1136 “τί
339 1095 386 1137 δέ
414 1111 487 1149 μοι
519 1093 606 1136 ἀντὶ
636 1098 708 1148 τῆς
737 1092 946 1148 βασιλείας
975 1091 1232 1146 παρέξετε;”
1263 1092 1303 1133 οἷ
1334 1090 1381 1132 δέ
1410 1088 1514 1143 “τὴν
1542 1087 1738 1141 οὐράνιον

241 1164 486 1220 βασιλείαν”
507 1163 810 1218 ἀπεκρίθησαν.
874 1161 1021 1203 αὐτίκα
1042 1161 1180 1202 τοίνυν
1200 1158 1445 1211 ἀπορρίψας
1476 1157 1524 1198 τὰ
1555 1161 1627 1212 τῆς
1657 1157 1735 1211 βα·
1750 1163 1796 1198 26

241 1234 390 1279 σιλείας
425 1233 658 1288 παράσημα
695 1231 859 1286 ἀπῆλθε
889 1233 975 1272 τῶν
1005 1229 1236 1285 βασιλείων.
1299 1228 1323 1269 ὅ
1356 1228 1403 1269 δέ
1433 1243 1478 1281 γε
1511 1224 1736 1280 Κσμνηνός
1749 1232 1795 1268 27

241 1301 565 1357 κουροπαλάτην
594 1301 769 1356 τιμήσας
790 1299 861 1342 τὸν
883 1299 1159 1354 Κεκαυμένον
1191 1297 1340 1340 στέλλει
1370 1295 1441 1337 τὸν
1472 1295 1606 1348 ἄνδρα
1632 1295 1736 1348 μετά

183 1373 230 1410 15
241 1387 350 1418 τινος
372 1370 595 1425 δυνάμεως
614 1368 977 1424 παραληψόμενον
996 1367 1045 1409 τὰ
1068 1367 1291 1420 ἀνάκτορα.
1343 1365 1389 1407 τὸ
1410 1366 1550 1420 μέντοι
1570 1363 1736 1418 πλῆθος
1749 1370 1796 1406 28

240 1444 314 1496 τῆς
342 1439 509 1487 πόλεως
539 1439 596 1486 εἰς
626 1437 813 1493 ὑπαντὴν
842 1441 916 1479 τοῦ
947 1437 1045 1479 νέου
1076 1436 1282 1491 βασιλέως
1313 1434 1512 1489 ε’κκέχυτο
1543 1431 1735 1487 λαμπρό-

241 1509 340 1551 τατά
372 1509 412 1551 οἱ
440 1511 590 1550 ποιοῦν
620 1507 669 1549 τὰ
701 1508 758 1554 εἷς
787 1506 861 1561 τὴν
892 1505 1195 1562 βασιλεύουσαν
1226 1504 1434 1558 εἷσιτήρια.

352 1577 453 1619 Ἕνα
484 1576 563 1631 μὲν
594 1575 670 1618 οὖν
701 1576 726 1618 ὁ
757 1575 929 1631 Μιχαὴλ
968 1574 1236 1629 αὗταρχήσας
1275 1572 1461 1614 ἐνιαυτὸν
1503 1576 1575 1626 τῆς
1617 1572 1986 1626 βασι-4νν111213

240 1646 351 1693 λείας
380 1645 624 1688 ἔκπέπτωκε
654 1644 726 1687 καὶ
757 1645 808 1687 οὗ
838 1643 946 1686 πολὺ
978 1643 1022 1686 ἓν
1053 1643 1253 1697 ἰδιωτικῷ
1274 1642 1453 1697 σχήματι
1473 1641 1634 1696 βιώσας
1655 1640 1735 1681 ἀπ-

179 1718 229 1756 20
241 1715 343 1758 έτισε
372 1714 420 1757 τὸ
450 1714 602 1770 χρεών.
666 1713 690 1757 ὅ
713 1713 758 1756 δὲ
780 1712 1007 1769 Κομνηνὸς
1026 1717 1076 1768 τῇ
1107 1711 1292 1767 βασιλείᾳ
1323 1709 1577 1765 ἒγκαταστάς
1598 1710 1772 1764 ἑαυτῷ2
1798 1715 1829 1751 Β

242 1816 264 1851 9
291 1816 464 1855 ἔκπτωσις
490 1820 549 1862 τῆς
573 1815 751 1862 βασιλείας
777 1816 868 1861 (βασ.
896 1815 993 1850 ἔκπτ.
1021 1814 1066 1858 Ε)
1092 1813 1240 1859 ᾹΙιχαὴλ
1267 1818 1326 1848 τοῦ
1352 1813 1511 1858 γέροντος
1538 1810 1601 1848 ΟΕ

244 1864 290 1900 18
315 1866 366 1910 (p.
381 1863 513 1908 666,1)
538 1863 696 1910 βασιλεία
716 1863 894 1899 Ἰσαακιόυ
921 1867 982 1898 τοῦ
999 1863 1190 1907 Κομνηνοΰ
1214 1860 1293 1905 CD,
1318 1861 1476 1907 βασιλεία
1493 1865 1553 1896 τοῦ
1579 1859 1671 1903 (om.
1690 1859 1735 1902 E)

242 1913 436 1958 Κομνηνοῦ
456 1911 636 1947 Ἰσαακίου
661 1910 742 1956 ΑΕ,
766 1911 924 1957 βασιλεία
945 1910 1122 1946 Ἶσαακίου
1147 1909 1178 1944 Β

314 2008 332 2043 1
359 2008 570 2054 ὑπέγραψαν
595 2006 659 2044 BC
755 2008 778 2043 2
802 2007 935 2047 ἐκεῖνος
961 2018 1036 2043 om.
1055 2007 1086 2042 B
1184 2006 1207 2042 5
1233 2011 1399 2052 φανερῶς
1426 2016 1500 2041 om.
1521 2004 1556 2039 D
1654 2005 1676 2039 6
1703 2018 1736 2039 τε

312 2066 388 2092 om.
414 2055 451 2091 D
548 2055 570 2091 7
594 2055 713 2101 μέλειν
738 2055 768 2091 Β
865 2056 888 2091 8
914 2054 986 2101 τῆς]
1013 2060 1073 2091 τοῦ
1101 2055 1135 2090 D
1235 2055 1279 2090 12
1303 2053 1611 2098 ἀνταπεκρίθησαν
1637 2052 1734 2098 pr

313 2103 359 2139 13
382 2103 592 2148 ἀνακτόρων
618 2102 648 2139 C
759 2103 804 2139 16
827 2103 972 2148 ἕκέχυτο
998 2102 1028 2138 Β
1143 2103 1188 2138 18
1214 2106 1302 2148 post
1329 2102 1349 2137 ό
1374 2101 1466 2136 add.
1493 2099 1636 2146 γηραιὸς
1662 2101 1735 2145 (7²7·

311 2156 411 2196 ραΐος
437 2151 499 2198 p*)
524 2150 595 2186 Rw
695 2151 749 2186 19.
772 2150 820 2187 20
844 2151 904 2187 καὶ
929 2151 972 2187 οὐ
995 2150 1084 2186 πολὺ
1111 2150 1246 2197 βιώσας
1270 2149 1356 2196 μετὰ
1385 2148 1447 2195 τὴν
1471 2149 1648 2183 ἔκπτωσιν
1672 2147 1735 2183 ἀπ-

311 2201 400 2235 έτισε
427 2213 454 2235 τ.
479 2213 537 2245 χρ.
563 2198 702 2236 BCWo
727 2199 792 2234 lat.

238 2294 532 2332 restituendum
559 2298 731 2339 curaret,
759 2296 836 2339 cui,
862 2305 953 2331 eum
979 2295 1044 2331 ille
1069 2305 1209 2341 pacem
1233 2296 1392 2331 fecisset
1410 2303 1500 2329 eum
1516 2291 1733 2335 Comneno,

238 2342 495 2379 subscribere
531 2347 665 2379 essent
702 2343 843 2379 coacti.
894 2343 964 2379 Ine
1003 2353 1101 2379 vero
1141 2353 1183 2379 se
1210 2354 1259 2380 ea
1286 2352 1391 2388 quae
1418 2340 1568 2376 vellent
1599 2340 1793 2386 imple-23

238 2394 371 2426 turum
399 2401 487 2427 esse
514 2391 720 2437 professus
745 2394 822 2434 θεῖς
861 2390 930 2426 scd
958 2401 1007 2426 ea
1034 2400 1196 2437 quoque
1230 2391 1364 2426 omnia
1391 2394 1506 2426 erant
1537 2398 1733 2424 common-

238 2438 343 2474 ticia.
393 2438 493 2475 Nam
522 2439 658 2485 paullo
685 2442 775 2484 post
793 2437 1041 2475 Comnenum
1061 2449 1198 2485 regem
1219 2442 1258 2474 nt
1283 2439 1566 2484 imperatorem
1593 2439 1733 2481 aperte
1746 2437 1793 2473 24

238 2485 530 2530 salutaverunt,
569 2487 822 2532 suffragante
858 2489 898 2522 et
923 2486 1134 2522 adiutante
1172 2487 1258 2533 ipso
1297 2484 1539 2532 patriarcha,
1578 2484 1646 2528 qui
1678 2483 1731 2518 ini

239 2534 457 2578 nuntiarat,
495 2545 546 2569 ne
580 2538 852 2578 cunctaretur,
893 2537 932 2570 et
967 2535 1188 2580 praemium
1224 2534 1407 2579 suffragii
1441 2531 1666 2578 postularat
1694 2534 1734 2565 et

238 2580 421 2617 Michnffli
449 2582 686 2617 insolentius
713 2582 985 2625 denuntiarat,
1011 2586 1056 2617 ut
1073 2583 1185 2627 regia
1206 2581 1432 2617 ‹laec-deret.
1484 2580 1572 2621 Quo
1590 2578 1731 2614 nuntio
1746 2581 1792 2617 25

239 2639 264 2663 a
302 2629 502 2675 primariis
539 2629 818 2665 sacerdotibus
857 2633 1035 2675 accepto,
1075 2640 1197 2665 sonex
1237 2629 1403 2664 Michaffl
1429 2627 1564 2669 “Quid
1605 2624 1735 2661 mihi'’

239 2676 369 2722 inquit
398 2677 503 2722 “pro
536 2677 704 2724 imperio
736 2676 941 2712 dabitis-1⁹⁸·
967 2677 1123 2721 illisque
1151 2676 1489 2723 respondentibus
1514 2674 1731 2719 “Regnum

240 2723 453 2769 (Ἧι-,188163
477 2725 609 2760 statim
629 2725 856 2769 insignibus
875 2725 998 2770 regiis
1017 2725 1184 2760 abiectis
1203 2725 1317 2770 regia
1336 2724 1518 2759 decessit.
1569 2721 1733 2758 Conine-
1746 2724 1803 2759 26.
1817 2723 1863 2759 27

239 2780 316 2806 nus
341 2776 477 2807 autem
504 2771 814 2815 Cecaumenum,
850 2782 967 2817 quem
997 2773 1270 2818 curopalatem
1301 2773 1461 2814 fecerat,
1490 2780 1578 2805 cum
1607 2769 1733 2814 copiis

239 2818 289 2853 ad
310 2820 463 2865 regiam
483 2830 583 2855 occu
615 2820 761 2855 andam
781 2820 898 2862 misit,
926 2820 1075 2865 populo
1094 2821 1251 2855 urbano
1271 2819 1320 2853 nd
1341 2819 1436 2854 novi
1461 2818 1570 2862 regis
1597 2826 1731 2853 occur·
1746 2820 1792 2856 28

238 2875 324 2902 sum
351 2867 479 2903 effuan
506 2871 547 2903 et
571 2831 878 2903 inustrissimum
907 2867 1101 2903 reddente
1128 2869 1215 2902 eius
1239 2868 1278 2902 in
1306 2867 1446 2903 urbem
1474 2867 1712 2911 ingressum.

332 2913 366 2950 4.
417 2914 583 2950 Michaffl
614 2915 749 2961 igitur,
789 2925 877 2950 cum
905 2925 1028 2950 unum
1057 2915 1292 2961 imperasset
1318 2924 1480 2956 annum,
1512 2924 1639 2958 regno
1667 2922 1733 2948 ex·

239 2961 333 2997 cidit
359 2972 491 3009 neque
518 2962 586 2998 diu
615 2967 703 3009 post
731 2963 914 3009 privatus
944 2963 1055 2998 vixit.
1106 2962 1158 2998 At
1182 2962 1417 2999 Comxsxvm
1445 2962 1588 2997 firmati
1617 2962 1769 3007 regni2

1741 3 1850 8 m—.
1855 3 2054 10 mm
