2054 3282
349 248 420 286 478
763 245 942 284 zoNAn.
972 244 1100 282 EPIT.
1127 243 1219 281 XVI
1245 242 1300 290 20,
1330 243 1431 282 1-9.

349 371 373 411 ὁ
396 369 602 424 Θεόφιλος
631 373 704 410 τοῦ
735 354 946 422 μετέπειτα
978 371 1050 421 τῆς
1080 366 1288 420 βασιλείας
1318 367 1601 420 κρατήσαντος
1620 365 1837 422 Ἰωάννου)

306 438 517 492 Οῆττηντό
549 453 590 478 τε
620 436 818 481 πολλάκις
849 435 918 475 καὶ
949 435 1244 475 τεταπείνωντο
1276 434 1347 475 καὶ
1367 434 1506 479 πόλεις
1528 435 1607 476 οὐκ
1630 435 1842 489 ἐλαχίστας

349 504 411 547 ὧν
442 510 632 559 κατεῖχον
663 503 893 558 ἀφῄρηντο.

312 581 334 615 2
461 573 514 614 ‘O
536 573 580 614 δὲ
600 571 791 627 βασιλεὺς
808 570 1026 624 Ῥωμανὸς
1048 571 1105 616 εἷς
1126 571 1397 625 συναίσθησιν
1417 571 1521 625 τάχα
1556 571 1683 618 δόξας
1707 571 1842 614 ἐλθεῖν

347 645 419 695 τῆς
451 641 664 694 ἐπιορκίας
695 639 765 680 καὶ
803 643 875 693 τῆς
914 642 999 679 τῶν
1037 639 1267 692 συνθηκῶν
1303 639 1598 693 παραβάσεως,
1642 641 1692 685 ἃς
1733 639 1876 693 πρδςῖ)

347 709 418 750 τὸν
439 709 608 762 βασιλέα
632 709 949 748 Κωνσταντῒνον
974 708 1185 761 πεποίητο,
1219 705 1270 747 δι’
1303 707 1500 748 εὐποιιῶν
1532 707 1730 749 ἔσπευδεν
1761 708 1838 756 ἕξι-

311 776 586 818 3λεώσασι9αι
622 775 693 816 τὸν
733 775 845 816 θεόν.
907 775 976 816 καὶ
1015 775 1218 820 διαδόσεις
1254 774 1332 828 μὲν
1371 775 1441 816 καὶ
1473 775 1639 821 ἀλλοίας
1670 777 1839 830 ἐτίθετο,

347 844 411 884 ἐπὶ
438 844 483 884 δὲ
514 844 677 888 ταύταις
698 842 837 884 καὶτὰ
859 843 974 897 παρὰ
997 847 1082 883 τῶν
1105 844 1148 884 ἒν
1178 847 1228 897 τῇ
1259 844 1373 884 πόλει
1404 844 1725 898 χρεωστούμενα
1756 848 1841 890 τοῖς

348 912 573 957 δανεισταῖς
612 911 799 956 ἀποδοὺς
837 911 934 957 τοὺς
977 912 1188 965 ὀφειλέτας
1232 912 1408 952 ἀπέλυσε
1450 916 1523 952 τοῦ
1566 913 1727 966 βάρους
1768 917 1840 967 τῆς

347 980 526 1034 ὅφειλῆς,
572 980 643 1021 καὶ
686 979 733 1020 τὰ
780 984 1039 1034 γραιιιιιιατεῖα
1079 980 1223 1034 λαβὼν
1263 980 1306 1020 ἒν
1342 981 1449 1034 μέσῃ
1486 985 1535 1035 τῇ
1575 981 1710 1034 ἀγορᾷ
1739 981 1839 1035 πυρὶ
1857 989 1900 1023 10

346 1048 667 1102 κατῃθάλωσεν·
701 1049 757 1093 εἷς
789 1049 1083 1089 ἐννεακαίδεκα
1117 1047 1162 1088 δὲ
1193 1049 1438 1102 κεντηνάρια
1470 1048 1518 1089 τὰ
1549 1052 1634 1089 τῶν
1659 1049 1841 1104 ὀφειλῶν

311 1117 666 1171 4ἠριθμήθησαν.
728 1117 911 1170 παρέσχε
942 1117 1012 1157 καὶ
1043 1116 1091 1156 τὰ
1125 1117 1278 1157 ἑνοίκια
1310 1120 1395 1157 τῶν
1426 1116 1530 1158 κατὰ
1562 1118 1636 1172 τὴν
1661 1118 1839 1172 μεγαλό-

249 1192 284 1226 D
311 1185 465 1227 ὃπολιν
487 1185 718 1225 οἰκούντων
739 1185 1022 1238 μισθωτικῶς.
1084 1184 1180 1230 τοὺς
1200 1184 1277 1238 μὲν
1300 1184 1375 1226 οὖν
1403 1185 1614 1239 ὀφειλέτας
1645 1187 1841 1240 ὠφέλουν

138 1260 331 1298 W111154
346 1257 486 1307 ταῦτα,
530 1258 591 1307 τῷ
636 1253 682 1294 δέ
721 1269 765 1307 γε
797 1252 1008 1307 Ῥωμανῴ
1046 1253 1200 1307 μικρὸν
1237 1255 1262 1308 ἢ
1301 1254 1424 1295 οὐδὲν
1462 1253 1574 1308 οἶμαι
1613 1254 1839 1301 λυσιτελεῖν,

348 1322 407 1362 ὅτι
436 1337 477 1361 τε
510 1321 700 1374 ἀλλότρια
734 1321 958 1375 ἐτύγχανον
989 1321 1036 1362 τὰ
1071 1322 1268 1375 διδόμενα
1311 1321 1508 1376 (δημόσια
1542 1321 1639 1376 γάρ)
1678 1323 1748 1364 καὶ
1781 1323 1839 1364 ὅτι
1858 1334 1899 1368 15

346 1389 420 1444 τὴν
451 1390 661 1443 βασιλείαν
693 1390 885 1444 ἁρπάσας
917 1389 987 1431 καὶ
1018 1390 1169 1445 ταύτην
1200 1391 1391 1444 κατέχων
1422 1390 1492 1431 καὶ
1515 1390 1744 1431 ἀπολαύων
1765 1391 1839 1432 αὗ-

346 1463 418 1513 τῆς
456 1458 526 1499 καὶ
563 1457 635 1498 τὸν
671 1457 709 1511 ᾧ
741 1463 929 1513 προσῆκε
965 1459 1114 1513 ταύτης
1153 1459 1398 1512 ἀποστερῶν
1441 1459 1578 1511 ἑαυτῷ
1619 1457 1696 1511 μὲν
1739 1459 1839 1499 ἀπε-

346 1527 506 1581 κλήρου
537 1531 611 1581 τῆς
640 1527 854 1582 βασιλικῆς
885 1527 1105 1582 εὐκληρίας
1135 1526 1182 1567 vd
1210 1527 1441 1580 ξύμπαντα,
1473 1530 1560 1571 ταῖς
1583 1524 1619 1566 δ’
1642 1527 1842 1572 εὐποιίαις

348 1595 495 1648 ῥανίδα
527 1594 683 1648 μικρὰν
715 1595 947 1649 ἀπεμέριζε,
987 1596 1173 1637 τοιοῦτόν
1204 1612 1237 1635 τι
1268 1595 1463 1648 πράττων
1495 1595 1584 1635 οἷον
1616 1595 1667 1635 ἄν
1696 1611 1766 1647 τις,
1807 1596 1845 1636 εἰ

349 1724 370 1760 7
395 1725 445 1758 ὅτι
475 1725 650 1762 διαδόσεις
674 1724 779 1759 ἐποίει
807 1725 827 1758 ὁ
849 1724 1013 1770 βασιλεὺς
1034 1725 1227 1769 Ἰ)ω,ιιανός,
1254 1725 1490 1768 ἒξιλεούμενος
1514 1724 1572 1759 τὸν
1597 1724 1682 1759 θεὸν
1702 1723 1758 1759 διὰ
1779 1724 1840 1770 τὴν

348 1772 529 1815 ἐπιορκίαν
554 1772 613 1807 καὶ
638 1771 678 1807 τὰ
703 1773 789 1817 χρέα
815 1777 886 1807 τῶν
910 1773 947 1807 ἓν
972 1778 1014 1818 τῇ
1037 1773 1134 1807 πόλει
1161 1773 1318 1807 ἀπέτισεν
1346 1773 1375 1806 F]

420 1891 443 1926 2
468 1892 700 1927 τεταπείνοντο
728 1891 773 1937 p*
871 1892 893 1926 ἴ)
917 1892 1119 1937 πελιορκιάς
1146 1891 1193 1936 D,
1221 1902 1322 1926 corr.
1349 1891 1416 1929 Dw
1514 1892 1536 1926 G
1561 1892 1728 1926 ἔσπευθεν
1755 1891 1838 1937 w*p

420 1940 557 1974 invitis
583 1938 653 1974 AR
788 1940 808 1975 ’ἶ
835 1940 893 1975 διὰ
916 1940 1027 1978 δόσεις
1055 1940 1101 1983 D,
1131 1950 1230 1974 corr.
1260 1939 1327 1977 Dw
1461 1940 1483 1973 8
1507 1939 1614 1983 παρὰ]
1639 1939 1717 1983 περὶ
1743 1939 1838 1984 Ewp

421 1988 443 2021 9
467 1987 660 2025 ἀποδιδοὺς
687 1987 782 2032 Ewp
880 1987 1004 2022 ἀπέλυε
1033 1988 1061 2022 F]
1162 1988 1198 2021 ll
1229 1987 1475 2032 κατηνάλωσεν
1502 1987 1595 2032 1⁴]wp
1714 1987 1756 2021 12
1779 1987 1839 2021 καὶ

420 2035 467 2079 Α,
494 2034 533 2069 δὲ
557 2035 616 2070 καὶ
646 2034 750 2080 ΕΨῙ),
775 2035 889 2079 μέντοι
916 2036 976 2070 καὶ
1003 2035 1034 2068 Ο
1131 2035 1285 2080 μεγάλην
1310 2036 1411 2069 πόλιν
1439 2033 1602 2079 levaz',
1630 2043 1666 2069 V.
1682 2034 1734 2069 ad
1749 2034 1839 2070 XVI

421 2083 477 2126 23,
504 2083 549 2118 37
662 2083 704 2116 19
729 2082 852 2126 ρἀνίδα
878 2082 1094 2128 AEwap,
1119 2084 1245 2127 μερίδα
1273 2082 1303 2117 Ο
1412 2082 1473 2126 τις]
1500 2096 1529 2115 τι
1558 2081 1592 2115 D
1691 2086 1784 2117 aute
1810 2082 1842 2116 εἶ

420 2130 512 2165 add.
537 2130 696 2175 ἐποίησεν
722 2130 819 2175 pr

351 2250 390 2281 et
416 2246 541 2281 fratre
567 2245 800 2292 Theophilo,
841 2245 1014 2291 Ioannis,
1054 2247 1122 2291 qui
1156 2251 1245 2292 post
1279 2247 1446 2292 imperio
1474 2246 1624 2291 pot-itus
1651 2248 1722 2287 est,
1760 2255 1839 2279 avo

351 2304 474 2339 saepe
500 2294 595 2329 victi
622 2297 716 2329 sunt
741 2297 781 2329 et
808 2295 1000 2339 oppressi,
1028 2297 1150 2339 atque
1177 2295 1299 2329 urbes
1327 2294 1563 2339 complures,
1598 2303 1699 2337 quas
1725 2302 1839 2327 oecu-

352 2345 508 2387 parant,
534 2342 581 2376 iis
609 2341 834 2387 ademptae.

315 2387 338 2422 2
470 2388 523 2423 At
548 2399 619 2424 rex
648 2389 853 2424 Romanus
880 2389 1146 2434 considerato,
1173 2392 1217 2424 ut
1243 2392 1423 2435 apparet,
1455 2388 1631 2434 periurio
1659 2397 1731 2421 suo
1758 2387 1839 2421 vio—

352 2437 525 2482 lataque,
565 2447 684 2482 quam
720 2447 809 2471 cum
841 2446 939 2482 rege
965 2436 1226 2472 Constantino
1257 2439 1418 2480 fecerat,
1457 2436 1655 2481 pactione,
1694 2435 1838 2469 benefi-

317 2483 485 2519 3eentia
511 2485 675 2529 placare
702 2484 821 2519 deum
849 2485 998 2519 statuit.
1050 2484 1216 2519 Praeter
1247 2485 1372 2528 igitur
1406 2484 1505 2518 alias
1539 2483 1840 2517 distributiones

354 2532 471 2566 etiam
506 2542 575 2566 aes
607 2532 781 2567 alienum
816 2532 1066 2566 urbanorum
1103 2542 1174 2577 pro
1211 2531 1461 2566 debitoribus
1494 2530 1684 2573 dissolvit,
1725 2530 1840 2563 euius

352 2589 506 2614 summa
532 2579 583 2614 ad
610 2579 703 2614 XIX
731 2580 963 2614 centenaria
990 2583 1239 2623 excreverat,
1276 2583 1314 2614 et
1342 2580 1415 2613 hoc
1442 2588 1563 2612 onere
1590 2577 1840 2612 debitoribus

316 2626 409 2661 4ita
434 2627 593 2661 sublato
625 2627 784 2662 tabulas
816 2628 857 2661 in
888 2627 1021 2662 medio
1053 2628 1141 2661 soro
1177 2627 1380 2661 cremavit.
1431 2626 1540 2660 Idem
1568 2626 1739 2670 pretium
1767 2634 1838 2669 pro

317 2673 411 2718 biis,
439 2674 506 2718 qui
527 2674 638 2719 Cpoli
666 2675 706 2708 in
733 2674 918 2709 domibus
945 2674 1207 2710 conducticiis
1225 2674 1472 2717 habitabant,
1500 2673 1738 2708 numeravit.
1780 2671 1840 2705 Ae

354 2721 603 2756 debitoribus
629 2722 694 2756 illa
721 2731 818 2756 sane
845 2723 1096 2767 profuerunt,
1124 2721 1303 2756 Romano
1330 2724 1464 2756 autem
1493 2731 1572 2755 nou
1593 2720 1770 2763 multum,
1795 2722 1840 2753 ut

354 2769 508 2814 opinor,
535 2769 604 2803 sed
631 2770 765 2814 potius
791 2770 886 2804 nihii
915 2769 1094 2804 utilitatis
1121 2769 1353 2811 attulerunt,
1391 2774 1473 2803 tum
1501 2767 1610 2813 quod
1636 2777 1695 2811 ea,
1735 2776 1839 2811 quae

353 2815 615 2860 largiebatur,
643 2817 692 2850 de
719 2817 850 2851 alieno
879 2820 994 2851 erant
1019 2819 1126 2859 (nam
1153 2819 1267 2851 erant
1295 2817 1491 2862 pecuniae
1517 2815 1727 2861 publicae),
1754 2817 1839 2848 tum

355 2863 463 2907 quod
496 2864 674 2908 imperio,
714 2864 823 2908 quod
856 2874 905 2898 ex
940 2867 1056 2909 rapto
1089 2865 1264 2907 tenebat,
1302 2863 1514 2898 fruebatur
1554 2873 1601 2897 eo
1639 2861 1838 2903 fraudato,

356 2911 469 2944 cuius
495 2914 592 2954 erat,
618 2911 754 2956 itaque
781 2912 866 2957 ipse
893 2913 1007 2957 regia
1034 2911 1224 2946 felicitate
1251 2921 1301 2946 ex
1328 2920 1417 2946 asse
1441 2911 1682 2957 potiebatur,
1722 2909 1839 2944 bene—
