2054 3282
461 257 696 306 MICHAEL
721 265 934 306 LEONEM
959 265 1132 306 cvaA‘r
1157 265 1457 306 NECANDVM.
1639 268 1710 305 333

211 389 345 432 ὕπνον
379 393 464 437 τοῖς
501 389 685 445 ὄμμασιν
721 389 851 432 αὐτοῦ
888 390 1150 445 ἕφιζάνοντα.
1213 388 1278 432 διὸ
1321 389 1393 431 καὶ
1437 389 1560 445 ἀπῄει
1601 389 1710 444 πρὸς
1723 394 1769 429 26

210 457 258 500 τὸ
287 461 363 500 τοῦ
393 458 552 500 παπίου
585 457 860 513 διαιτητήριον
890 459 962 500 καὶ
993 459 1076 513 ὁρᾷ
1095 458 1167 500 τὸν
1186 458 1265 513 μὲν
1286 458 1460 514 ,Μιχαὴλ
1481 459 1548 500 ἐπὶ
1569 458 1711 514 κλίνης

211 526 491 580 καθεύδοντα,
534 525 607 568 τὸν
646 526 691 568 δὲ
728 527 889 568 παπίαν
926 524 990 569 ἔπ’
1031 527 1219 582 ἐδάφους
1256 527 1620 582 κατακλινόμενον.
1683 529 1709 582 ἢ
1725 531 1771 567 27

216 594 296 649 γὰρ
317 598 450 650 τιμῶν
469 594 541 637 τὸν
561 594 734 650 Μχαὴλ
751 595 776 636 ό
791 595 950 641 παπίας
974 599 1096 637 τοῦτο
1117 596 1344 650 πεποίηκεν
1365 597 1391 650 ἢ
1413 595 1484 637 καὶ
1506 596 1711 650 συνίστωρ

179 663 292 713 ὅῶν,
332 664 395 710 ὡς
430 663 578 712 ἐδόκει,
616 668 690 718 τῆς
719 663 826 705 κατὰ
856 667 930 705 τοῦ
962 664 1167 718 βασιλέως
1197 664 1367 719 βουλῆς.
1430 663 1493 710 ὡς
1523 662 1600 706 οὖν
1630 663 1713 706 εἶδε
1726 669 1772 705 28

214 736 342 774 ταῦτα
372 732 443 774 καὶ
473 731 545 774 τὸν
569 731 744 787 Μιχαὴλ
774 733 907 774 ὕπνον
938 732 1206 774 ὑπνώττοντα
1237 733 1380 786 βαθύν
1410 748 1452 774 τε
1481 732 1553 774 καὶ
1584 732 1711 787 νήδυ-

213 816 298 855 μον
327 801 399 842 καὶ
429 800 518 847 οἷος
548 800 765 855 ἀφρόντιδι
795 801 942 853 ἔοικεν,
977 801 1208 854 ὑπέστρεφε
1237 804 1402 854 μηνιῶν
1433 800 1504 842 καὶ
1534 800 1608 855 τὴν
1639 801 1711 855 ὀρ-

215 868 294 923 γὴν
323 868 535 923 ὑπεδήλου
565 873 616 924 τῇ
647 869 802 923 κινήσει
831 873 882 924 τῇ
913 874 985 924 τῆς
1015 869 1166 923 χειρός,
1228 873 1314 910 τῶν
1349 869 1428 923 μὲν
1467 868 1543 911 οὗν
1573 870 1713 912 ἄλλων
1726 876 1772 912 29
1790 877 1990 914 P11134A

215 937 354 983 οὐδεὶς
390 937 465 992 τὴν
507 938 744 991 παρουσίαν
786 941 860 979 τοῦ
905 938 1111 992 βασιλέως
1153 937 1324 992 ᾔσθετο,
1367 938 1425 984 εἷς
1464 937 1511 980 δέ
1540 954 1598 985 τις
1628 941 1714 980 τῶν

157 1012 203 1047 10
214 1009 288 1047 τοῦ
319 1006 478 1047 παπίου
509 1005 581 1047 καὶ
611 1006 720 1060 ἔγνω
752 1010 899 1048 τοῦτον
930 1005 1107 1048 ἐλθόντα
1138 1006 1209 1047 καὶ
1235 1006 1460 1048 ὕπνώττειν
1479 1022 1712 1062 προσποιη-

215 1075 396 1129 σάμενος
426 1075 542 1128 ἑώρα
575 1074 654 1116 ὅσα
685 1074 853 1129 ἐποίησε
883 1074 955 1116 καὶ
986 1074 1048 1121 ὡς
1080 1075 1271 1129 ὠργίσθη
1304 1074 1376 1116 καὶ
1407 1075 1469 1121 ὡς
1505 1075 1712 1130 ἠπείλησε,

213 1142 286 1185 καὶ
327 1143 462 1184 πάντα
506 1143 644 1197 σφίσιν
686 1143 942 1198 ἀπήγγειλεν.
1006 1144 1046 1184 οἱ
1077 1143 1123 1185 δὲ
1161 1143 1290 1198 φόβῳ
1326 1143 1557 1198 ληφθέντες
1594 1144 1714 1190 ὅπως
1727 1152 1774 1188 30

214 1212 267 1253 ἂν
298 1212 521 1266 ἐκφύγοιεν
551 1210 598 1252 τὸ
627 1212 789 1266 μήνιμα
820 1215 894 1254 τοῦ
925 1211 1132 1266 βασιλέως
1162 1211 1416 1266 ἐφρόντιζον.
1478 1213 1549 1253 καὶ
1581 1212 1605 1253 ὁ
1627 1212 1712 1254 ᾹῙι-
1727 1221 1771 1257 31

214 1280 323 1335 χαὴλ
353 1285 415 1334 τῷ
444 1280 580 1334 παπίᾳ
610 1280 737 1335 φησὶν
768 1280 830 1327 ὡς
859 1280 928 1322 “ει’
959 1280 1100 1335 βούλει
1138 1280 1276 1334 αὐτός,
1321 1281 1372 1322 οὗ
1409 1280 1481 1323 τὸν
1519 1281 1714 1323 κίνδυνον

156 1354 202 1390 15
216 1349 514 1404 ἐκφευξόμεθα
551 1349 696 1403 μόνον,
740 1348 843 1390 ἀλλὰ
883 1348 954 1390 καὶ
990 1348 1039 1390 τὰ
1070 1349 1336 1403 μελετώμενα
1373 1350 1472 1404 ἡμῖν
1502 1351 1560 1396 εἰς
1590 1351 1714 1405 ἔργον

215 1418 477 1473 ἕκβήσεται.”
537 1417 607 1459 καὶ
639 1418 687 1464 ὅς
717 1416 793 1459 “τὸ
817 1417 1124 1472 παριστάμενόν
1145 1433 1210 1459 σοι
1229 1418 1416 1471 πρᾶττε”
1437 1418 1577 1473 φησίν,
1609 1418 1714 1473 “ε’μὲ
1726 1427 1773 1462 32

215 1565 235 1600 1
261 1565 358 1605 ὅπως
383 1566 405 1600 ὁ
425 1564 588 1612 βασιλεὺς
614 1565 662 1604 εἷς
686 1564 748 1611 τὴν
773 1569 833 1601 τοῦ
858 1566 990 1601 παπίου
1015 1565 1226 1612 καταγωγὴν
1242 1566 1381 1613 ἀπῆλθε
1403 1566 1549 1613 (ἐπῆλθε
1563 1567 1627 1612 Ε)·
1653 1567 1713 1602 καὶ

213 1613 278 1649 ὅσα
302 1612 391 1650 εἶδε·
420 1613 481 1648 καὶ
507 1613 557 1652 ὡς
581 1613 762 1659 ἠπείλησε·
789 1613 850 1648 καὶ
875 1613 925 1653 ὡς
950 1613 1016 1649 οὐκ
1043 1614 1168 1649 ἔλαθεν
1194 1613 1258 1650 CE

288 1751 307 1787 1
334 1754 426 1798 post
449 1750 658 1797 ἓφιζάνοντα
690 1751 783 1787 add.
813 1750 986 1797 ἀφίπτατο
1015 1750 1081 1798 γὰρ
1113 1756 1184 1791 ταῖς
1217 1753 1398 1798 φροντίσιν
1429 1751 1713 1799 ἄποσοβούμενος

286 1798 593 1845 (ἆποσωβούμενος
618 1799 719 1846 w*p)
746 1798 843 1845 pr
941 1799 965 1834 2
989 1805 1050 1835 τοῦ
1078 1810 1153 1835 om.
1178 1799 1215 1835 D
1313 1801 1508 1846 ὄιαιτήριον
1535 1800 1581 1845 D,
1610 1812 1712 1837 corr.

285 1846 354 1886 Dw
477 1847 500 1882 3
525 1850 616 1893 post
641 1847 862 1882 καθεύδοντα
889 1846 980 1883 add.
1007 1848 1123 1893 ὥςπερ
1154 1847 1346 1894 ἀμέριμνον
1373 1847 1470 1894 pr
1592 1848 1614 1883 5
1642 1849 1712 1884 ἐπι-

284 1895 415 1941 βουλῆς
440 1893 487 1939 Ῑ),
514 1895 770 1931 insidiarum:
803 1895 872 1932 Wo
898 1895 964 1931 lat.
1061 1896 1083 1931 7
1108 1896 1224 1931 ἔοικεν
1249 1896 1395 1942 AEwp‚
1422 1896 1596 1936 ε’πεοικὼς
1613 1897 1656 1943 ἦν
1679 1896 1711 1932 O

286 1942 309 1978 9
333 1942 576 1988 βασιλεύοντος
601 1941 763 1989 BCEwp
886 1943 931 1978 10
961 1943 1022 1978 καὶ
1052 1943 1142 1989 ἔγνω
1169 1942 1248 1988 ΑΕ,
1283 1944 1472 1990 ἀγρυπνῶν
1496 1945 1586 1990 ἔγνω
1614 1945 1711 1990 pr

288 1991 328 2025 ll
357 1989 433 2035 ὅσα]
459 1991 481 2025 ἃ
507 1990 542 2025 D
628 1990 792 2036 ἠπείλησε
814 1989 981 2037 prDi‚
1008 1991 1192 2037 ἠπείλησεν
1210 1990 1256 2037 Α,
1283 2002 1320 2027 v.
1336 1992 1387 2027 ad
1402 1991 1497 2027 XIII
1516 1993 1545 2036 1,
1561 1992 1583 2028 5
1667 1993 1712 2027 12

284 2043 405 2083 σφῖσιν
423 2036 503 2082 ΑΕ,
530 2048 632 2074 corr.
650 2036 719 2082 Di,
744 2043 794 2083 τῷ
819 2038 944 2073 ἑαυτοῦ
967 2042 1084 2084 κυρίῳ
1105 2039 1202 2085 pr
1276 2040 1312 2075 οἱ
1328 2039 1366 2075 δὲ
1383 2039 1463 2084 ΑΕ,
1481 2041 1503 2074 ὁ
1518 2040 1557 2076 δὲ
1574 2045 1712 2075 κοινοῦ-

284 2100 338 2121 ται
364 2090 470 2121 ταῦτα
495 2091 546 2130 τῷ
570 2085 703 2131 μιχαὴλ
729 2085 789 2121 καὶ
814 2086 927 2131 ἄμφω
955 2085 1052 2132 pr
1125 2087 1328 2132 λειφθέντες
1355 2087 1441 2132 (sie)
1468 2087 1503 2122 A
1578 2089 1622 2124 13
1645 2089 1712 2134 μή·

283 2147 368 2178 νιμα
394 2143 444 2169 ex
470 2133 616 2178 μήνυμα
642 2143 744 2169 corr.
770 2132 839 2168 ΑΕ
950 2134 1005 2169 13,
1035 2134 1078 2169 14
1103 2135 1164 2170 καὶ
1190 2136 1211 2170 ὁ
1232 2134 1365 2181 μιχαὴλ
1392 2141 1441 2180 τῷ
1466 2137 1576 2181 παπίᾳ
1603 2137 1712 2181 φησὶν

284 2179 431 2227 AEwp,
458 2181 566 2226 φησὶν
590 2180 654 2216 οὖν
678 2187 728 2226 τῷ
753 2182 864 2226 παπίᾳ
889 2182 909 2216 ὅ
932 2181 1064 2228 μιχαὴλ
1094 2182 1126 2218 Ο
1206 2183 1250 2218 16
1266 2183 1393 2227 πράττε
1411 2182 1559 2229 Apr,
1584 2189 1712 2229 πρᾶττε

284 2227 379 2264 DDi
476 2229 583 2274 φησίν
609 2226 778 2275 prDi‚
804 2229 912 2274 φησί’
938 2228 984 2274 Α,
1012 2240 1049 2265 v.
1075 2230 1127 2265 ad
1153 2229 1249 2265 XIII
1278 2231 1309 2275 1,
1335 2231 1357 2266 ὃ

209 2372 362 2425 ageret,
389 2368 536 2415 papiae
563 2368 757 2404 conclave
783 2369 992 2415 ingressus
1011 2369 1243 2406 Michaelem
1267 2371 1305 2406 in
1327 2371 1428 2407 lecto
1449 2371 1712 2407 dormientem
1726 2373 1772 2409 26

210 2416 321 2461 v1dit,
349 2417 508 2462 papiam
530 2427 627 2451 vero
648 2417 755 2452 humi
776 2417 984 2461 iacentem,
1012 2418 1121 2462 quod
1149 2418 1211 2453 vel
1238 2423 1283 2453 ut
1310 2419 1527 2454 honoraret
1543 2418 1712 2454 Michae-
1726 2421 1772 2457 27

210 2463 285 2499 lem
328 2465 470 2510 papias
512 2465 688 2499 faciebat
732 2465 807 2508 vel,
853 2470 894 2500 ut
936 2466 1168 2510 putabatur,
1209 2467 1361 2502 consilii
1402 2471 1542 2502 contra
1572 2477 1711 2513 regem

210 2512 305 2547 facti
332 2512 528 2547 consciae.
579 2511 693 2554 Quae
721 2522 809 2547 cum
839 2512 1005 2548 vidisset
1023 2518 1062 2549 et
1080 2513 1312 2550 Miehafflem
1340 2525 1481 2550 sonmo
1508 2515 1711 2560 profundo
1725 2516 1772 2552 28

210 2562 247 2595 et
274 2559 391 2594 suavi
421 2569 657 2605 oppressum
684 2559 831 2595 nullam
851 2560 1160 2596 sollicitudinem
1180 2572 1278 2607 prae
1304 2573 1347 2597 se
1370 2563 1578 2607 ferentem,
1605 2573 1712 2599 rece-

210 2606 333 2642 debat
365 2606 491 2642 iratus
524 2607 706 2652 iramque
743 2608 967 2653 agitatione
1000 2618 1143 2643 manus
1176 2608 1421 2645 declarabat.
1471 2610 1531 2645 Ac
1561 2614 1711 2646 cetero·
1725 2612 1772 2648 29

210 2664 297 2689 rum
325 2654 458 2690 nuilus
484 2655 593 2700 regis
620 2656 889 2700 praesentiam
917 2656 1261 2692 animadverterat
1292 2662 1454 2703 praeter
1484 2668 1610 2693 unum
1646 2669 1711 2704 pa-

210 2702 301 2747 piae
328 2701 503 2746 vigilem,
542 2703 609 2747 qui
637 2713 776 2738 somno
804 2703 1002 2747 simulato,
1041 2714 1147 2749 quae
1179 2705 1244 2740 iiie
1276 2706 1447 2750 fecisset,
1487 2706 1646 2741 viderat
1672 2709 1712 2741 et

210 2754 254 2784 ut
280 2749 406 2785 iratus
433 2759 481 2785 ae
507 2750 810 2785 minitabundus
836 2751 1017 2796 abiissem
1055 2762 1295 2798 omnemque
1331 2764 1413 2788 rem
1450 2754 1498 2788 iis
1539 2755 1709 2789 nuntiat.

212 2796 267 2832 lili
302 2797 439 2841 territi,
479 2805 559 2842 quo
594 2802 712 2843 pacto
750 2798 858 2843 regis
885 2798 1203 2844 indignationem
1238 2800 1479 2846 effugerent,
1518 2800 1710 2836 delibera-
1724 2802 1772 2838 30

211 2844 318 2879 bant.
370 2844 427 2879 Ibi
451 2843 619 2879 Michaffl
646 2846 792 2891 papiae
818 2847 891 2881 ait:
917 2845 987 2881 “Si
1008 2847 1093 2892 ipse
1112 2847 1222 2893 veiis,
1249 2858 1328 2883 non
1350 2849 1571 2894 periculum
1591 2849 1709 2884 niodo
1723 2850 1767 2885 31

210 2891 438 2935 vitabimus,
463 2891 534 2927 sed
553 2892 672 2927 etiam
692 2893 858 2928 consilia
879 2901 1016 2929 nostra
1035 2894 1086 2929 nd
1112 2896 1263 2931 exitum
1289 2895 1601 2942 p(·,1·duemnus3’'
1626 2901 1709 2932 tum
1723 2899 1770 2935 32

209 2938 275 2975 iiie
299 2937 451 2986 ''Age’'
475 2939 605 2986 inquit
629 2940 770 2987 “quod
796 2941 930 2977 animo
958 2942 1198 2989 concepist13
1224 2953 1424 2989 nusquam
1452 2944 1522 2979 tibi
1551 2943 1711 2983 dee1·o.”
