1968 3302
270 226 339 262 116
631 224 813 264 zoNAR.
840 225 971 262 EPIT.
998 225 1095 262 XIII
1121 225 1178 272 24,
1204 216 1357 272 24-25,
1384 220 1416 263 7.

262 348 362 402 μίαν
394 348 519 403 φύσιν
550 348 677 390 αὐτὸν
708 348 922 402 ὑπάρχειν,
956 347 1018 394 ὡς
1049 348 1241 390 ἐντεῦθεν
1271 351 1320 403 τῇ
1352 347 1516 402 θεότητι
1543 348 1592 390 τὰ
1623 345 1765 403 παθή-

1 420 174 457 W11139
205 421 250 457 25
262 432 374 470 ματα
405 416 811 471 προσαρμόττεσθαι.
876 417 951 462 οὓς
981 416 1181 457 καιθεῒλόν
1211 432 1253 458 τε
1283 417 1355 458 καὶ
1391 416 1693 470 ἀνεθεμάτισαν
1728 418 1769 458 οἱ

263 486 371 526 θεῖοι
401 486 588 539 πατέρες,
621 485 695 539 τὴν
727 486 890 525 ἑαυτῶν
921 485 1179 532 κακοδοξίαν
1199 485 1537 539 παραιτήσασθαι
1557 485 1616 540 μὴ
1640 485 1766 540 θελή-

204 558 250 594 26
265 568 426 599 σαντας.
490 553 683 601 ἐδέξαντο
717 553 762 593 δὲ
793 552 864 593 τόν
895 568 936 593 τε
974 552 1254 607 Θεοδώρητον
1291 553 1362 594 καὶ
1398 553 1469 595 τὸν
1492 553 1622 608 ’Ἰβαν,
1666 554 1766 595 ἄνα-

263 622 568 676 θεματίσαντας
598 621 670 662 τὸν
701 620 933 675 Νεστόριον
964 621 1035 662 καὶ
1067 622 1173 676 ἅπερ
1206 622 1323 663 αὐτοὶ
1360 623 1622 664 ἕκδεδώκασι
1660 622 1804 677 πρὸςῖ)

204 696 250 732 27
264 691 350 745 ἔριν
386 691 607 745 κεφάλαια,
653 689 876 743 ἐκύρωσαν
909 689 954 730 δὲ
985 690 1056 731 καὶ
1086 689 1159 736 τὰς
1189 690 1395 745 πρότερον
1425 696 1532 746 τρεῖς
1563 691 1769 737 συνόδους

204 765 250 800 28
263 759 334 800 καὶ
355 759 401 800 τὸ
424 760 541 812 ἅγιον
563 758 779 812 σύμβολον
811 758 1106 812 ἕπεκράτυναν,
1142 759 1374 813 ἀναθέματι
1395 759 1769 814 καθυπαγαγόντες

55 833 141 868 ΡΠ
154 828 360 874 47Ατούς
396 843 438 869 τε
482 828 587 868 υἱῶν
632 827 768 868 δυάδα
813 827 1053 880 εἰσάγοντας
1096 827 1167 868 καὶ
1205 827 1302 874 τοὺς
1337 828 1534 883 παθητὴν
1573 829 1767 883 δογματί-

264 898 411 944 ζοντας
442 895 516 950 τὴν
541 895 721 950 [θεότητα
753 895 824 936 καὶ
855 895 952 942 τοὺς
983 900 1132 950 κρᾶσιν
1163 896 1234 937 καὶ
1266 897 1462 951 σύγχυσιν
1494 897 1668 938 ἐπὶτῶν
1690 897 1768 938 δύο

203 971 250 1006 29
264 965 438 1019 φύσεων
469 968 641 1018 φρονεῖν
672 966 697 1018 ἢ
730 964 801 1005 καὶ
832 964 962 1018 λέγειν
993 965 1248 1019 τολμῶντας,
1281 967 1307 1020 ἢ
1342 966 1419 1007 δύο
1450 966 1528 1020 μὲν
1560 965 1660 1007 εἶναι
1684 966 1767 1020 φύ-
1784 975 1829 1010 10

264 1049 346 1079 σεις
375 1032 461 1087 πρὸ
492 1037 564 1088 τῆς
595 1034 791 1079 ἑνώσεως
822 1033 887 1074 ε’πὶ
918 1033 1119 1088 Χριστοῦ,
1163 1035 1263 1089 μίαν
1302 1035 1347 1076 δὲ
1380 1034 1483 1089 μετὰ
1515 1034 1589 1088 τὴν
1620 1035 1768 1076 ἕνωσιν

264 1102 597 1147 ἀναπλάττοντας
628 1102 699 1143 καὶ
729 1101 826 1148 τοὺς
858 1102 1055 1156 οὐράνιον
1087 1104 1113 1157 ἤ
1145 1119 1253 1149 τινος
1278 1104 1420 1158 ἑτέρας
1441 1103 1584 1149 οὐσίας
1604 1103 1766 1157 μυθεύ-

204 1177 252 1212 30
265 1186 387 1216 οντας
423 1170 498 1225 τὴν
535 1170 882 1225 προσληφθεῖσαν
922 1172 967 1219 ἐξ
998 1172 1123 1226 ἡμῶν
1159 1177 1221 1226 τῷ
1252 1173 1388 1227 κυρίῳ
1425 1172 1611 1227 μορφήν.
1673 1171 1767 1213 ἕδο-

265 1240 467 1294 γμάτισαν
500 1239 545 1280 δὲ
575 1239 647 1281 τὸν
683 1240 831 1294 κύριον
862 1240 988 1294 ἡμῶν
1014 1239 1178 1294 Ἰησοῦν
1196 1240 1381 1295 Χριστὸν
1411 1241 1562 1282 τέλειον
1594 1241 1637 1282 ἓν
1667 1239 1767 1281 θεό-

263 1325 349 1363 τητι
374 1308 444 1349 καὶ
473 1308 624 1351 τέλειον
646 1309 689 1350 ἒν
711 1308 1007 1363 ἀνθρωπότητι
1028 1309 1099 1350 καὶ
1120 1309 1224 1351 θεὸν
1246 1310 1422 1364 ἀληθῶς
1443 1309 1514 1351 καὶ
1535 1309 1769 1363 ἄνθρωπον
1785 1319 1829 1354 15

205 1383 250 1419 31
265 1377 454 1432 ἀληθῶς,
488 1377 535 1418 ἐκ
566 1381 710 1432 ψυχῆς
740 1378 910 1432 λογικῆς
941 1378 1009 1419 καὶ
1043 1378 1254 1432 σώματος,
1294 1379 1523 1433 ὁμοούσιον
1552 1383 1615 1432 τῷ
1645 1377 1769 1431 πατρὶ

264 1445 370 1488 κατὰ
402 1445 476 1500 τὴν
507 1445 698 1500 θεότητα,
731 1446 802 1487 καὶ
833 1447 933 1501 ἡμῖν
964 1446 1194 1501 ὁμοούσιον
1224 1446 1330 1488 κατὰ
1362 1447 1436 1502 τὴν
1457 1446 1767 1501 ἀνθρωπότητα

204 1522 252 1558 32
264 1515 336 1557 καὶ
367 1514 516 1569 ὅμοιον
548 1513 653 1555 κατὰ
685 1515 831 1563 πάντα,
864 1515 996 1570 χωρὶς
1028 1515 1244 1570 ἁμαρτίας,
1279 1516 1350 1558 ἕνα
1382 1515 1453 1557 τὸν
1474 1514 1602 1556 αὗτόν
1623 1515 1667 1556 ἕν
1689 1515 1767 1556 δύο

335 1639 359 1674 4
383 1639 601 1684 θεοδώριτον
625 1638 706 1684 AR,
735 1650 836 1675 corr.
860 1640 939 1684 Wo,
966 1650 1004 1674 V.
1031 1639 1084 1674 ad
1109 1639 1206 1675 XIII
1233 1639 1289 1684 22,
1304 1640 1350 1675 34
1447 1640 1469 1675 6
1496 1639 1702 1685 κεφαλαίων
1719 1639 1767 1684 D,

337 1697 438 1722 corr.
466 1687 536 1726 Dw
694 1688 882 1733 ἐκύρωσαν
908 1687 948 1722 δὲ
973 1687 1033 1723 καὶ
1059 1687 1118 1726 τὰς
1143 1689 1314 1732 πρότερον
1340 1688 1521 1733 (προτέρας
1546 1686 1650 1729 EDi)
1677 1693 1767 1732 τρεῖς

337 1736 508 1774 συνόδους
522 1734 603 1779 ΑΕ,
630 1735 690 1770 καὶ
708 1735 768 1774 τὰς
784 1736 956 1781 προτέρας
973 1741 1063 1780 τρεῖς
1081 1737 1251 1774 συνόδους
1269 1737 1455 1780 ἐκύρωσαν
1475 1735 1571 1782 pr
1647 1735 1668 1771 7
1694 1736 1767 1770 ἒπε-

335 1783 512 1828 κράτυναν
530 1784 707 1829 σύμβολον
735 1784 832 1829 pr
933 1784 978 1818 10
1003 1784 1024 1829 ἢ
1052 1787 1146 1819 ante
1171 1784 1232 1819 καὶ
1260 1795 1335 1820 om.
1350 1782 1507 1829 prDi
1604 1783 1647 1818 11
1676 1786 1767 1829 post

335 1831 390 1866 ἐπὶ
416 1831 508 1866 add.
526 1836 586 1866 τοῦ
604 1832 703 1877 pr
779 1832 824 1866 12
849 1846 941 1870 τινος
958 1832 1078 1870 οὐσίας
1095 1832 1212 1877 ἑτέρας
1232 1831 1345 1878 pr,
1372 1832 1445 1867 τινὰ
1462 1832 1580 1876 ἑτέρας
1598 1831 1717 1870 οὐσίας
1735 1831 1766 1866 Ε

337 1879 383 1914 13
408 1883 458 1914 τῶ
484 1881 600 1924 κυρίω
627 1879 666 1921 ἐξ
690 1880 794 1925 ἡμῶν
816 1879 821 1924 Ι
844 1880 876 1914 Ε
1004 1879 1060 1914 15.
1089 1879 1132 1914 16
1158 1880 1218 1915 καὶ
1243 1880 1439 1925 ἄνθρωπον
1459 1880 1607 1924 ἀληθῶς
1634 1879 1765 1923 om.B,

335 1928 442 1962 intra
468 1927 596 1962 lineas
623 1927 715 1962 add.
742 1927 778 1962 D
932 1928 976 1963 17
1001 1927 1092 1962 κατὰ
1116 1926 1177 1973 τὴν
1203 1928 1460 1973 ἀνθρωπότητα
1488 1938 1562 1962 om.
1589 1927 1701 1973 pr,
1727 1938 1766 1962 V.

336 1975 487 2020 Euagr.
514 1975 562 2010 H.
590 1975 631 2010 E.
658 1975 697 2010 II
725 1975 749 2010 4
774 1986 810 2022 p.
838 1974 953 2010 294Β
1074 1975 1119 2010 18
1145 1976 1267 2019 ὅμοιον
1293 1975 1442 2021 Apr,
1468 1976 1553 2021 ἡμῖν
1579 1975 1766 2019 ὁμοούσιον

337 2024 404 2064 (ex
431 2033 489 2058 vs.
518 2023 576 2066 17)
605 2022 646 2066 C,
673 2033 774 2058 corr.
802 2023 875 2068 Cur,
902 2034 940 2058 v.
967 2023 1117 2069 Euagr.
1144 2023 1167 2058 1.
1195 2034 1227 2059 c.

263 2143 414 2179 bantur
440 2146 480 2180 et
499 2153 591 2179 eum
610 2153 698 2179 esse
715 2153 799 2179 una
821 2146 980 2188 natura,
1006 2144 1063 2179 ita
1089 2145 1135 2179 ut
1161 2153 1209 2179 eo
1236 2146 1355 2189 pacto
1383 2153 1443 2188 ea,
1473 2153 1578 2189 quae
1603 2153 1764 2189 perpes-

203 2192 251 2229 25
264 2202 332 2227 sus
352 2195 470 2237 esset,
497 2191 700 2227 divinitati
726 2192 1056 2227 attribuerentur.
1107 2191 1192 2227 Hos
1219 2191 1470 2227 sustulerunt
1497 2194 1536 2227 et
1563 2192 1764 2227 exsecrati

264 2243 358 2275 sunt
390 2242 526 2285 patres
559 2240 586 2274 ii
620 2239 758 2284 divini,
798 2250 889 2275 cum
924 2239 974 2275 de
1007 2250 1081 2275 sua
1114 2249 1308 2285 perversa
1338 2240 1538 2274 sententia
1565 2238 1764 2274 decedere

203 2289 250 2324 26
264 2287 498 2323 noluissent.
549 2287 808 2333 Receperunt
841 2291 978 2323 autem
1011 2287 1312 2323 Theodoretum
1349 2290 1388 2322 et-
1419 2287 1532 2322 Ibam
1564 2286 1764 2322 damnatis

264 2339 305 2371 et
321 2335 506 2372 Nestorio
530 2338 569 2371 et
595 2336 644 2371 iis
671 2336 882 2381 capitibus,
910 2345 1017 2381 quae
1042 2336 1069 2370 ii
1095 2336 1200 2370 inter
1227 2336 1526 2370 contentionem
1541 2334 1763 2378 ediderant,

203 2385 249 2421 27
264 2387 303 2419 et
329 2383 479 2419 sanctis
504 2383 634 2418 tribus
660 2383 864 2429 prioribus
890 2383 1056 2429 synodis
1084 2386 1123 2419 et
1150 2386 1289 2418 sancto
1313 2383 1495 2428 symbolo
1516 2382 1763 2425 confirmato,

203 2434 250 2469 28
264 2442 355 2467 cum
381 2431 598 2467 anathema
625 2431 892 2467 coniecissent
918 2432 958 2467 in
990 2441 1071 2476 eos,
1107 2432 1176 2476 qui
1202 2431 1304 2466 filios
1330 2431 1447 2465 binos
1473 2431 1765 2465 constituerent

264 2483 303 2515 et
337 2479 626 2525 profiterentur
660 2480 942 2525 perpessiones
977 2479 1172 2514 tolerasse
1207 2478 1459 2513 divinitatem
1495 2481 1534 2513 et
1568 2480 1764 2524 tempera-

263 2528 415 2563 tionem
442 2537 491 2562 ac
517 2528 797 2562 confusionem
825 2527 997 2562 duarum
1023 2530 1263 2562 naturarum
1290 2527 1439 2562 sentire
1466 2525 1531 2560 vel
1558 2526 1679 2561 etiam
1710 2525 1765 2560 di-

204 2577 250 2613 29
265 2585 357 2610 cere
383 2575 583 2611 auderent
609 2579 680 2610 aut
707 2576 775 2620 qui
803 2575 905 2610 duas
933 2585 1020 2610 esse
1037 2578 1206 2609 naturas
1225 2577 1320 2609 ante
1337 2574 1530 2608 unionem
1548 2574 1590 2608 in
1609 2573 1764 2609 Christo

264 2626 304 2657 et
329 2633 454 2658 unam
484 2626 574 2668 post
598 2623 791 2658 unionem
818 2623 1020 2668 fingerent
1047 2623 1199 2667 quique
1225 2622 1438 2657 caelestem
1466 2621 1530 2656 vel
1554 2621 1766 2657 cuiusdam

264 2671 430 2706 alterius
462 2675 636 2706 naturae
669 2680 757 2706 esse
788 2670 1072 2706 fabularentur
1098 2671 1268 2705 formam
1295 2672 1543 2715 assumptam
1571 2679 1622 2704 ex
1648 2669 1765 2704 nobis

205 2722 289 2757 30a
320 2718 494 2753 domino.
546 2717 852 2754 Constituerunt
883 2721 1019 2753 autem
1052 2718 1258 2753 dominum
1290 2721 1473 2752 nostrum
1499 2717 1633 2752 Iesum
1659 2716 1766 2752 Chri-

265 2769 371 2801 stum
402 2767 628 2811 pert'ectum
663 2776 750 2802 esse
784 2766 826 2801 in
861 2766 1074 2802 divinitate
1106 2768 1146 2801 et
1177 2766 1402 2811 perfectum
1435 2765 1477 2800 in
1515 2765 1766 2800 humanitate

265 2816 305 2849 et
331 2813 450 2848 deum
478 2824 575 2849 vere
601 2817 642 2850 et
668 2814 870 2850 hominem
896 2823 995 2858 esse,
1033 2813 1272 2860 participem
1307 2813 1431 2848 animi
1463 2813 1622 2847 ratione
1653 2822 1766 2858 prae-

204 2865 250 2902 31
266 2861 338 2897 diti
364 2863 404 2897 et
430 2863 622 2908 corporis,
649 2862 792 2898 eadem
818 2865 966 2898 natura
992 2871 1083 2898 cum
1110 2864 1225 2908 patre
1251 2860 1475 2897 secundum
1502 2860 1766 2906 divinitatem,

265 2909 409 2948 eadem
435 2913 583 2947 natura
609 2911 822 2948 nobiscum
848 2913 888 2948 et
913 2920 1054 2960 parem
1081 2910 1188 2947 omni
1213 2909 1334 2946 modo
1361 2911 1523 2958 praeter
1541 2910 1765 2957 peecatum,
