2054 3282
198 245 523 284 ALEXANDER
547 245 863 283 IMPERATOR.
910 243 1050 282 APER
1065 242 1280 282 AENEVS.
1330 242 1573 280 BVLGARI.
1623 242 1694 280 457

198 367 429 423 αστοιχεῖόν
472 368 588 415 ἐστιν,
635 367 772 415 ἀντίος
813 367 1031 422 ἱστάμενος
1073 365 1220 408 Λέοντι
1262 370 1324 420 τῷ
1367 370 1433 420 σῷ
1475 365 1695 420 ἀδελφῴ,”

200 436 325 479 οὐδὲν
354 437 495 492 ἕτερον
525 435 734 490 κρίνοντες
770 435 881 491 ὑγιὲς
918 437 944 491 ἢ
980 434 1027 476 τὸ
1064 435 1137 478 συῒ
1172 438 1319 476 τοῦτον
1361 433 1581 476 ἀπεικάσαι
1622 433 1694 475 τὸν

199 505 505 559 αὐτοκράτορα,
550 503 616 547 διὰ
655 504 702 547 τὸ
739 503 834 559 περὶ
871 504 1047 558 γαστέρα
1086 503 1302 558 κεχηνέναι
1338 518 1380 544 τε
1409 502 1482 544 καὶ
1512 502 1693 544 συσσίτια

198 572 269 615 καὶ
300 573 540 619 ἀκολασίαις
569 573 846 627 προσκεῖσθαι
879 572 1094 628 διηνεκῶς.
1154 571 1374 618 πιστεύσας
1405 569 1482 612 οὗν
1511 574 1596 617 τοῖς
1623 570 1693 612 λό-
1707 571 1730 606 8

161 646 185 683 5
198 657 287 696 γοις
317 642 489 683 ἐκείνων
520 641 544 683 ὁ
575 642 647 683 καὶ
677 642 838 696 χοίρων
868 640 1143 695 ἀνοητότερος
1172 639 1221 681 τὰ
1254 639 1444 682 λείποντα
1475 643 1602 681 ταῦτα
1633 643 1696 694 τῷ

197 710 540 765 χαλκουργήματι
571 709 846 764 ἐξειργάσατο.

321 779 404 821 Τοῦ
440 780 580 833 μέντοι
615 782 702 820 τῶν
737 778 1002 832 Βουλγάρων
1039 778 1367 832 ἀρχηγετοῢντος
1404 781 1477 819 τοῦ
1509 775 1730 830 Συμεὼνθ

198 848 237 889 εἰ
278 847 352 902 τὴν
398 848 566 903 εἰρήνην
611 847 837 895 ἀσπάζοιτο
884 847 1128 901 ἐρωτῶντος
1172 846 1238 887 διά
1282 861 1406 887 τινων
1449 843 1518 887 ὑπ’
1565 845 1694 887 αὐτοῦ

197 916 494 970 πεμφθέντων,
538 915 562 956 ὁ
588 915 862 969 Ἀλέξανδρος
898 915 1058 969 ἀτίμως
1094 931 1136 956 τε
1172 914 1268 960 τοὺς
1303 914 1575 968 πεμφθέντας
1606 913 1694 955 ἐδέ-

142 986 187 1022 10
199 986 299 1032 ξατο
331 984 401 1025 καὶ
433 984 720 1038 ὑπερηφάνως
740 983 925 1038 ὡμίλησε
946 982 1017 1024 καὶ
1038 982 1289 1036 ὑπερόγκως
1310 982 1538 1037 ἠπείλησεν.
1594 981 1696 1023 ὅθεν
1713 984 1758 1020 10
1776 980 1968 1019 Wl11147

199 1053 225 1094 ὁ
255 1052 442 1107 Συμεὼν
472 1052 546 1107 τὴν
576 1053 697 1107 ὕβριν
726 1051 786 1107 μὴ
820 1051 1003 1106 ἐνεγκὼν
1033 1051 1138 1093 κατὰ
1166 1051 1390 1105 Ῥωμαίων
1420 1050 1642 1092 ὡπλίσατο.
1710 1053 1746 1088 D

318 1121 581 1175 Συμποσίοις
625 1120 670 1162 δὲ
713 1120 783 1162 καὶ
826 1121 980 1174 μέθαις
1017 1120 1159 1162 διόλου
1195 1119 1491 1174 προστετηκὼς
1528 1119 1552 1160 ὁ
1582 1118 1694 1159 Ἀλέ-
1711 1122 1753 1156 11

22 1235 32 1242 „
200 1190 394 1243 ξανόρος,
438 1190 552 1237 ἅπαξ
588 1189 811 1244 ἀριστήσας
840 1188 943 1243 μετὰ
974 1187 1150 1242 λουτρὸν
1180 1187 1251 1230 καὶ
1282 1188 1400 1243 κοίλῃ
1432 1187 1697 1242 χρησάμενος

17 1260 249 1313 D1V50r7‘7'
288 1257 431 1312 γαστρὶ
467 1257 538 1299 καὶ
575 1257 799 1311 ἀπλήστως
841 1257 1170 1311 ἀκρατισάμενος
1214 1257 1427 1310 σφαιρίσαι
1469 1255 1695 1309 προέθετο·

142 1331 187 1367 15
199 1327 270 1369 καὶ
300 1327 541 1373 κατατείνας
570 1325 617 1367 τὸ
649 1330 774 1380 σῶμα
806 1330 855 1381 τῇ
887 1327 1061 1380 ἱππασίᾳ
1092 1325 1162 1367 καὶ
1193 1330 1281 1372 ταῖς
1310 1330 1383 1380 τῆς
1413 1325 1597 1380 σφαίρας
1627 1323 1695 1364 ἔκ·
1714 1327 1756 1362 12

198 1395 454 1451 τραχηλίσεσι
484 1396 602 1450 ῥῆξιν
638 1396 805 1449 ὑπέστη,
850 1395 921 1436 καὶ
953 1395 1055 1449 αἷμα
1089 1394 1155 1435 διά
1187 1410 1228 1435 τε
1259 1398 1331 1449 τῆς
1362 1393 1476 1447 ῥινὸς
1506 1393 1698 1440 κενώσας

198 1463 269 1506 καὶ
299 1468 371 1519 τῆς
402 1464 548 1510 αἰδοῦς
577 1463 680 1518 μετὰ
711 1463 812 1518 μίαν
841 1463 1004 1518 ἡμέραν
1026 1462 1219 1516 ἐξέλιπεν,
1252 1462 1500 1515 ἐπιτρόπους
1520 1466 1582 1516 τῷ
1603 1461 1695 1502 ἀνε-
1714 1464 1756 1499 13

198 1537 288 1588 ψιῷ
318 1532 389 1574 καὶ
424 1536 497 1587 τῆς
534 1532 743 1587 βασιλείας
781 1531 991 1586 διοικητὰς
1028 1531 1198 1585 γράψας
1240 1530 1312 1572 τόν
1355 1546 1396 1571 τε
1437 1530 1698 1584 πατριάρχην

199 1667 245 1704 12
270 1666 408 1713 τελευτὴ
434 1673 495 1703 τοῦ
521 1671 612 1708 (om.
639 1667 686 1710 E)
709 1667 938 1712 Ἀλεξάνδρου
964 1666 1027 1703 ΟΕ
1115 1666 1159 1702 17
1185 1667 1276 1705 τίνας
1300 1665 1509 1710 ἐπιτρόπους
1536 1665 1696 1701 κατέλιπε

199 1721 249 1762 τῷ
273 1716 414 1763 βασιλεῖ
435 1715 495 1752 καὶ
522 1715 615 1762 (βασ.
643 1715 703 1751 καὶ
730 1726 805 1751 om.
835 1714 878 1758 C)
904 1715 1044 1760 ἀνεψιῷ
1070 1715 1090 1751 ὅ
1111 1714 1332 1759 Ἀλέξανδρος
1358 1713 1422 1750 CE

270 1835 294 1871 2
318 1834 369 1880 τὸ]
396 1841 444 1879 τῷ
471 1834 552 1879 BD,
580 1845 681 1871 corr.
695 1834 810 1878 Bw(?)
907 1835 929 1869 4
954 1835 1166 1879 προκεῖσθαι
1186 1833 1234 1876 D,
1261 1843 1363 1869 corr.
1378 1833 1446 1870 Dw
1545 1832 1565 1868 7
1590 1832 1698 1878 ἀρχη-

271 1888 412 1928 γοῦντος
421 1882 456 1918 D
518 1887 578 1919 τοῦ
593 1883 764 1918 alterum
775 1881 996 1928 om.DEwp
1061 1883 1085 1917 8
1097 1882 1300 1926 ἐρωτῶντος
1316 1892 1392 1916 om.
1408 1880 1437 1917 C
1499 1881 1521 1915 9
1538 1880 1698 1926 πρέσβεις

270 1930 368 1976 Ewp
444 1930 487 1966 13
511 1931 606 1972 ἅπαξ
632 1941 707 1966 om.
732 1930 763 1966 Ο
843 1930 887 1965 14
913 1936 954 1975 τῇ
981 1940 1057 1966 om.
1078 1929 1107 1964 B
1181 1929 1459 1974 ἀκρατισάμενος
1477 1927 1697 1970 ABCwa‚

270 1978 559 2023 ἀκρατησάμενος
585 1977 646 2024 Rp
748 1978 791 2014 15
816 1976 1030 2022 κατατείνας]
1057 1977 1147 2013 κατὰ
1172 1978 1265 2016 τίνας
1292 1977 1322 2012 Ε
1422 1977 1465 2012 17
1491 1976 1613 2014 αἰδοῦς
1640 2002 1647 2010 .
1665 2003 1671 2010 .
1690 2001 1697 2010 .

271 2051 401 2062 ......
424 2025 508 2070 μεθ’
534 2026 667 2071 ἡμέραν
694 2025 741 2069 D,
769 2026 899 2072 suppl.
926 2029 964 2061 et
992 2036 1093 2060 corr.
1122 2025 1189 2062 Dw
1339 2024 1394 2059 17.
1424 2025 1467 2059 18
1491 2023 1601 2068 ἑπίτρ.
1628 2027 1698 2058 τῶν

267 2099 375 2157 abja.
391 2099 455 2157 .B.C
464 2099 689 2109 ..........
714 2074 887 2120 βασιλείας
907 2072 954 2117 D,
984 2083 1085 2108 corr.
1105 2076 1144 2108 et
1164 2072 1292 2119 suppl.
1313 2071 1380 2110 Dw
1480 2072 1524 2108 17
1549 2071 1698 2116 ἀδελφό-

199 2253 259 2286 est
285 2249 536 2294 elementum,
573 2250 669 2295 quia
695 2249 821 2286 Leoni
851 2251 964 2285 fratri
992 2248 1238 2295 repugnas.’'
1287 2248 1428 2294 Neque
1455 2253 1589 2283 tamen
1616 2246 1698 2282 ulla

199 2298 240 2333 in
269 2307 313 2334 re
339 2297 418 2333 alia
445 2303 555 2334 recte
579 2298 605 2333 ii
632 2297 875 2341 iudicarunt,
915 2298 992 2333 nisi
1019 2296 1128 2343 quod
1156 2297 1262 2332 hunc
1298 2297 1592 2342 imperatorem,
1633 2294 1694 2330 ho-

199 2345 344 2381 minem
371 2345 503 2381 ventri
530 2346 812 2391 conviviisque
838 2345 1112 2390 mancipatum
1140 2344 1322 2389 luxuque
1349 2343 1602 2378 continenter
1625 2341 1698 2377 dif-

200 2392 400 2436 fluentem,
436 2393 497 2428 sui
525 2397 878 2439 comparaverunt.
930 2392 1109 2428 Credidit
1135 2391 1380 2434 Alexander,
1420 2390 1537 2426 homo
1566 2388 1734 2435 porcia—38

199 2440 407 2484 amantior,
425 2440 584 2476 illorum
604 2440 738 2477 verbis
756 2445 796 2476 et
815 2450 920 2486 quae
935 2440 1104 2475 deerant
1118 2443 1254 2485 partes
1268 2449 1396 2474 aeneo
1413 2438 1523 2483 operi
1539 2437 1698 2472 adiecit.

318 2487 418 2524 Cum
435 2486 707 2534 Bulgarorum
731 2489 919 2534 princeps
938 2487 1113 2533 Symeon
1142 2497 1213 2532 per
1239 2487 1396 2531 legatos
1423 2495 1473 2521 ex
1502 2495 1549 2520 eo
1577 2482 1734 2530 quae-9

200 2539 318 2579 reret,
344 2545 439 2571 num
461 2545 598 2582 pacem
620 2540 937 2572 conservaturus
956 2540 1072 2578 esset,
1099 2546 1169 2570 eos
1188 2533 1420 2569 Alexander
1439 2532 1696 2577 contemptim

200 2582 361 2628 excepit
384 2586 424 2619 et
441 2593 490 2618 su
520 2583 617 2619 erbe
635 2583 835 2619 allocutus
854 2587 914 2618 est
932 2587 971 2618 et
990 2586 1232 2627 arroganter
1252 2581 1528 2617 comminatus.
1574 2579 1698 2616 Cuius
1714 2576 1758 2612 10

201 2630 468 2666 contumeliae
522 2641 669 2677 ymeou
696 2631 910 2677 impatiens
937 2634 1078 2665 contra
1106 2629 1307 2664 Romanos
1333 2638 1446 2664 arma
1474 2628 1644 2673 paravit.

317 2676 552 2715 Alexander
590 2689 687 2714 vero
722 2678 920 2715 conviviis
956 2682 993 2713 et
1027 2677 1210 2712 ebrietati
1244 2687 1315 2721 per
1346 2680 1441 2711 etuo
1467 2674 1696 2720 indulgens,
1716 2672 1755 2706 ll

199 2734 291 2761 cuin
317 2735 341 2760 a
369 2725 513 2762 balneo
570 2736 725 2770 rannus,
766 2730 907 2761 ventre
934 2725 1063 2771 epulis
1090 2730 1283 2769 meroque
1338 2724 1494 2765 intento,
1534 2722 1614 2768 pila
1642 2722 1696 2757 lu·

200 2772 323 2817 deret,
363 2736 582 2819 equitaucso
621 2777 661 2811 et
700 2774 819 2820 pilam
859 2772 1099 2809 deice-tando
1139 2772 1247 2806 vasis
1286 2770 1527 2816 quibusdam
1568 2770 1695 2815 ruptis
1713 2767 1756 2803 12

199 2819 406 2866 multoque
432 2821 634 2867 sanguine
660 2832 731 2868 per
757 2831 876 2856 nares
903 2825 942 2856 et
971 2823 1172 2855 veretrum
1200 2819 1361 2860 reiecto,
1400 2828 1482 2853 uno
1514 2817 1580 2853 die
1606 2821 1695 2863 post

200 2868 423 2904 exstinctus
460 2874 531 2912 est,
571 2872 658 2915 post
690 2878 782 2904 uam
818 2867 987 2914 patrueli
1021 2877 1095 2902 κιιο
1129 2870 1281 2901 tutores
1314 2871 1351 2901 et
1386 2866 1500 2911 regni
1529 2864 1754 2900 arimini-13

199 2919 392 2952 stratores
429 2916 578 2962 scripto
618 2881 843 2953 orainasset
886 2915 1155 2961 patriarcham
1195 2913 1414 2957 Nicolaum,
1457 2914 1694 2959 magistrum
