2054 3282
395 263 554 302 mom
580 263 648 301 ΕΤ
673 252 928 301 MICHAELI
952 261 1168 302 REGNVM
1192 260 1544 300 PRAEDICTVM.
1649 262 1719 300 321

224 383 311 429 ἀλλ’
350 386 559 429 ἀπολεῖται
594 385 788 433 κακῶς.”
848 385 873 428 ὅ
902 384 981 440 μὲν
1018 383 1095 427 οὗν
1129 388 1257 428 ταῦτα
1295 384 1556 440 προείρηκεν.
1618 384 1642 427 ὁ
1675 384 1720 427 δὲ
1734 388 1781 424 10

224 455 465 510 Βαρδάνιος
495 455 723 510 ἀπιστήσας
753 454 871 508 αὐτῷ
899 453 1109 508 τυραννίδι
1134 453 1436 509 ἐπικεχείρηκε·
1469 453 1516 495 τὸ
1539 450 1577 495 δ’
1601 453 1722 500 ὅπως

224 524 304 566 οὐκ
335 525 453 579 ἔτυχε
482 527 555 579 τῆς
584 523 805 578 βασιλείας,
839 521 942 564 ἀλλὰ
973 522 1045 564 καὶ
1076 522 1254 578 ἐξεκόπη
1285 521 1335 564 τὰ
1364 523 1534 578 ὄμματα
1555 522 1627 564 καὶ
1646 525 1720 564 τοῦ

222 592 405 634 πλούτου
428 592 633 646 ἐστέρητο,
655 591 738 646 ἤδη
760 606 834 645 μοι
854 590 1160 646 προϊστόρηται.
1212 590 1460 646 βασιλεύσας
1483 590 1528 632 δὲ
1549 591 1575 633 ὁ
1595 590 1723 633 Λέων
1736 595 1779 630 11
1807 594 2007 631 ΡΙΙ129Α

187 660 295 703 5τὸν
326 660 498 716 Α’[ιχαὴλ
533 659 612 715 μὲν
649 659 721 701 τὸν
757 659 937 713 τραυλὸν
979 659 1195 714 πατρίκιον
1237 660 1401 715 ἐτίμησε
1443 659 1514 701 καὶ
1556 659 1721 715 κόμητα

224 733 298 784 τῆς
327 731 413 771 τῶν
444 728 700 782 ἐξκουβίτων
731 727 898 782 σχολῆς,
937 726 1009 769 τὸν
1041 727 1088 770 δέ
1118 744 1164 782 γε
1200 726 1377 782 Θωμᾶν,
1417 729 1466 774 ὃς
1495 727 1567 769 καὶ
1597 727 1723 774 αὐτὸς
1737 732 1782 768 12

224 796 277 852 ἦν
315 797 373 844 εἷς
410 799 496 839 τῶν
533 801 595 851 τῷ
633 796 865 850 Βαρδανίῳ
902 795 991 838 τότε
1034 795 1106 838 τὸν
1148 797 1276 838 ἵππον
1317 797 1722 852 παραστησαμένων,

223 865 496 921 τουρμάρχην
525 869 600 907 τοῦ
631 865 840 919 τάγματος
869 867 955 906 τῶν
985 864 1250 919 φοιδεράτων
1279 865 1605 919 προεχειρίσατο.

353 935 452 977 Τῶν
481 934 623 989 μέντοι
656 933 918 987 Βουλγάρων
947 932 1022 987 τὴν
1051 931 1228 988 Θρᾴκην
1257 933 1529 988 ληιζομένων,
1562 933 1722 988 διεπρε-
1739 938 1783 973 13

165 1011 212 1046 10
227 1003 432 1059 σβεύσατο
462 1002 570 1057 πρὸς
599 1001 672 1044 τὸν
703 1002 844 1043 αὐτῶν
875 1001 1063 1056 ἀρχηγὸν
1094 1001 1118 1042 ὁ
1147 1001 1273 1043 Λέων
1303 1001 1398 1056 περὶ
1429 1002 1637 1044 σπονδῶν.
1699 1002 1724 1044 ὁ
1739 1007 1784 1042 14

227 1071 273 1114 δὲ
301 1075 351 1127 τῇ
382 1071 474 1126 νίκῃ
506 1075 556 1126 τῇ
589 1071 764 1125 ἔναγχος
795 1068 1007 1124 ὀγκωθεὶς
1036 1068 1110 1124 τὴν
1140 1069 1363 1124 πρεσβείαν
1398 1068 1473 1123 τὴν
1508 1069 1603 1124 περὶ
1638 1072 1724 1111 τῶν

226 1139 425 1181 σπονδῶν
456 1139 508 1180 οὗ
539 1139 795 1193 προσήκατο.
857 1137 1016 1179 οὐκοῦν
1044 1137 1353 1192 ἐξεστράτευσεν
1374 1137 1399 1178 ὁ
1419 1137 1611 1192 βασιλεὺς
1631 1135 1722 1179 κατ’
1740 1143 1784 1180 15

227 1208 370 1262 αὑτοῦ,
414 1206 486 1249 καὶ
530 1205 655 1253 αὖθις
691 1207 717 1261 ἡ
755 1206 847 1260 νίκη
886 1209 971 1252 τοῖς
1013 1205 1247 1261 βαρβάροις
1289 1206 1511 1260 ἐπεμειδία,
1554 1205 1626 1248 καὶ
1668 1207 1725 1253 εἷς

226 1274 368 1330 φυγὴν
398 1274 635 1317 ἀπιδόντων
654 1274 892 1329 Ῥωμαίων,
925 1274 1106 1316 ἐδίωκον
1137 1274 1178 1315 οἳ
1206 1274 1418 1329 βάρβαροι
1449 1275 1624 1317 ὄπισθεν
1653 1274 1726 1316 καὶ

166 1353 212 1390 15
226 1346 601 1399 καταφρονητικῶς
628 1342 878 1396 διακείμενοι
909 1342 959 1384 οὗ
991 1341 1097 1383 κατὰ
1128 1342 1292 1396 κόσμον
1323 1339 1414 1384 οὐδ’
1438 1343 1726 1390 εὐσυντάκτως

226 1413 418 1461 ἐδίωκον,
461 1411 563 1453 ἀλλὰ
601 1411 750 1453 ἄλλοσέ
784 1394 856 1452 noc
893 1411 1006 1452 ἄλλοι
1044 1411 1380 1465 σκεδαννύμενοι.
1442 1415 1563 1453 τοῦτο
1594 1427 1722 1453 κατα·
1738 1418 1821 1454 16ss
1836 1418 2023 1455 W111105

12 1489 51 1528 D
69 1491 126 1527 111
141 1491 210 1527 381
225 1481 382 1536 νοήσας
412 1480 438 1522 ὁ
467 1479 663 1535 βασιλεύς
695 1478 829 1534 (ἔτυχε
860 1478 940 1533 γὰρ
972 1478 1039 1520 ἐπὶ
1068 1478 1285 1533 μετεώρου
1316 1478 1447 1520 τόπου
1472 1478 1618 1533 ἑστώς)
1652 1479 1723 1521 καὶ

223 1622 246 1659 9
270 1623 322 1658 ὅτι
352 1621 432 1668 περὶ
465 1622 629 1658 σπονδῶν
660 1620 1027 1667 διαπρεσβευσάμενος
1051 1621 1072 1656 ὁ
1095 1621 1201 1656 Λέων
1225 1620 1314 1666 πρὸς
1344 1620 1403 1656 τὸν
1427 1621 1580 1667 ἄρχοντα
1605 1622 1721 1658 Βουλ-

23 1702 25 1707 ,
222 1671 344 1716 γάρων
363 1669 436 1705 ἐπεὶ
460 1670 528 1706 οὐκ
551 1669 695 1715 ἐδέχθη,
721 1668 964 1714 ἐξεστράτευσε
982 1667 1060 1705 κατ’
1077 1668 1214 1705 ἐκείνου
1232 1669 1293 1705 καὶ
1310 1669 1471 1714 ἐνίκησεν
1490 1669 1529 1714 C,
1556 1670 1653 1709 ὅπως
1670 1669 1722 1711 ἐξ·

222 1718 424 1764 εστράτευσε
450 1717 527 1754 κατ’
553 1717 700 1753 ἐκείνων
725 1717 785 1752 καὶ
811 1717 972 1762 ἐνίκησεν
998 1716 1030 1752 Ε

0 1798 16 1827 ὃς,

0 1840 17 1894 ἑ
293 1849 317 1885 2
340 1851 365 1895 β
412 1849 522 1895 δάνης
549 1847 658 1895 pr,
686 1858 724 1884 v.
749 1847 801 1883 ad
827 1847 900 1884 XV
927 1847 983 1893 19,
1009 1848 1033 1883 4
1145 1847 1345 1894 ἀποστήσας
1371 1848 1402 1884 Ε
1515 1848 1539 1884 4
1562 1849 1721 1894 προΐστό-

0 1894 22 1939 ’Ὗῖ
293 1911 393 1943 ρηται
437 1897 509 1933 XV
537 1896 592 1941 14,
615 1896 702 1932 988.
799 1895 831 1931 δ’
859 1895 889 1932 C
986 1895 1009 1932 ὃ
1034 1895 1093 1931 τὸν
1116 1895 1182 1941 μὲν
1207 1896 1355 1942 τραυλὸν
1379 1895 1511 1942 μιχαὴλ
1535 1898 1722 1942 πατρίκιον

0 1917 21 1994 ἑ,
294 1945 363 1981 Ow
395 1972 404 1990 ,
429 1945 488 1980 τὸν
511 1944 643 1991 μιχαὴλ
667 1943 732 1989 μὲν
757 1943 905 1989 τραυλὸν
929 1945 1114 1989 πατρίκιον
1142 1944 1173 1979 Ε
1278 1944 1300 1980 6
1326 1950 1387 1990 τῆς
1413 1955 1488 1980 om.
1505 1944 1535 1979 B
1626 1945 1647 1980 7
1673 1945 1721 1984 εἷς

0 1986 19 2039 ἕ-
292 1993 337 2039 ἥν
398 2003 460 2039 wp
580 1993 742 2038 βαρὸάνῃ
770 1991 879 2038 pr,
910 2002 948 2027 v.
975 1992 1028 2027 ad
1054 2002 1111 2027 ve.
1136 1991 1159 2027 2
1282 1993 1357 2027 τότε
1385 2003 1460 2028 om.
1487 1992 1519 2029 O
1631 1996 1722 2039 post

0 2041 6 2075 ὲ
292 2053 485 2085 παραστησ.
504 2040 595 2075 add.
614 2039 670 2075 ἐπὶ
687 2045 747 2085 τῆς
765 2040 947 2078 κατοικίας
964 2044 1024 2075 τοῦ
1041 2045 1200 2085 μοναχοῦ
1220 2038 1318 2086 pr
1409 2040 1431 2075 8
1457 2041 1663 2086 τουρμάχην
1690 2040 1721 2074 Β

0 2079 19 2102 k
295 2087 341 2123 10
350 2087 489 2133 εἰρήνης
504 2086 535 2123 Ο
614 2087 654 2122 11
672 2092 714 2132 τῇ
726 2086 1047 2132 νίκῃ-ὀγκωθείς]
1062 2088 1310 2132 πεφυσημένος
1324 2093 1366 2133 τῇ
1379 2089 1461 2133 νίκῃ
1478 2093 1517 2134 τῇ
1530 2089 1675 2133 ἔναγχος
1689 2087 1720 2123 Ο

0 2134 26 2182 ,ἧῇ
295 2136 340 2170 12
364 2135 531 2171 σπουδῶν
557 2134 604 2179 D,
631 2145 732 2170 corr.
747 2133 815 2172 Dw
903 2134 947 2170 16
971 2148 1020 2180 πη
1048 2135 1145 2181 pr
1221 2135 1306 2181 ἄλλη
1335 2135 1382 2179 D,
1409 2136 1507 2171 ἄλλοι
1535 2146 1637 2171 corr.
1653 2135 1721 2174 Dw

0 2178 25 2287 η’
295 2183 339 2219 17
363 2182 473 2222 ἑστὼς
498 2181 568 2219 ΑΟ
596 2181 711 2219 Cedr.
739 2181 928 2228 (Scylitz.)
957 2181 994 2217 II
1020 2193 1057 2228 p.
1083 2182 1139 2227 53,
1169 2182 1224 2227 12,
1250 2182 1410 2228 ἑστηκὼς
1441 2183 1537 2229 Ewp

224 2314 412 2351 diadema
449 2313 524 2350 sibi
563 2314 758 2360 imponct3
803 2313 874 2348 sed
913 2317 1008 2349 voto
1045 2323 1119 2349 suo
1163 2313 1358 2359 deceptus
1394 2314 1499 2350 male
1542 2313 1725 2360 peribit.’'

223 2362 336 2398 Haec
359 2361 425 2398 ille
451 2361 663 2408 praedixit.
707 2359 784 2396 Sed
804 2360 1031 2396 Bardanius
1050 2361 1128 2397 flde
1147 2362 1182 2397 ei
1202 2371 1283 2397 non
1302 2361 1441 2396 habita
1465 2362 1722 2407 tyrannidem
1738 2362 1783 2398 10

224 2410 390 2455 invasit;
429 2419 508 2456 quo
541 2413 660 2455 pacto
693 2413 827 2444 autem
860 2418 987 2454 regno
1015 2408 1212 2445 exciderit
1244 2412 1283 2444 et
1309 2409 1436 2444 oculi&
1467 2410 1517 2445 sit
1544 2410 1722 2454 orbatus,

225 2458 370 2504 opibus
395 2458 515 2494 etiam
543 2457 703 2503 ereptis,
730 2460 825 2491 ante
851 2467 875 2491 a
901 2467 965 2491 me
990 2460 1198 2491 narratum
1227 2460 1296 2491 est.
1341 2456 1527 2492 Ceterum
1546 2456 1628 2493 Leo
1655 2458 1723 2493 im·
1739 2458 1780 2493 11

226 2506 338 2552 perio
365 2505 515 2551 potitus
532 2503 764 2540 Michaelem
790 2503 958 2539 Balbum
986 2505 1198 2549 patricium
1225 2505 1320 2539 fecit
1346 2508 1386 2540 et
1411 2504 1573 2541 scholae
1603 2515 1723 2540 exeu-

226 2553 401 2588 bitorum
427 2552 623 2596 comitem,
650 2551 855 2595 Thonnaun,
883 2552 951 2597 qui
978 2555 1018 2587 et
1044 2552 1130 2597 ipse
1157 2561 1209 2587 ex
1235 2552 1282 2587 iis
1309 2553 1453 2596 fuerat,
1481 2553 1550 2598 qui
1573 2551 1782 2588 Barda-12

226 2600 470 2683 gioiequum
499 2603 583 2636 tum
613 2598 882 2642 adduxerant,
921 2599 1191 2635 turmarcham
1218 2599 1389 2645 legionis
1420 2600 1723 2636 foederatorum

256 2658 298 2683 es
346 2648 468 2683 navit.

314 2658 533 2741 gBulgaris
553 2698 688 2731 autem
707 2694 919 2731 Thraciam
940 2695 1205 2738 vastantibus,
1233 2694 1390 2740 legatos
1409 2694 1461 2729 ad
1487 2705 1627 2731 eorum
1654 2695 1723 2731 du·
1738 2695 1783 2731 13

229 2753 315 2779 cem
341 2742 392 2778 de
424 2753 525 2789 pace
557 2742 672 2778 misit.
724 2743 862 2787 Quem,
901 2753 991 2778 cum
1025 2743 1175 2778 recenti
1213 2742 1382 2777 victoria
1417 2743 1579 2778 inflatus
1612 2743 1723 2789 pacis
1739 2743 1783 2778 14

230 2790 480 2826 conditiones
499 2789 744 2836 repudiaret,
764 2790 866 2826 bello
886 2790 1054 2825 adortus
1072 2794 1149 2835 est,
1168 2790 1240 2826 sed
1259 2790 1433 2833 barbari,
1454 2791 1624 2826 victoria
1639 2800 1723 2826 rur·
1738 2791 1782 2826 15

229 2848 296 2874 sus
314 2837 365 2873 ad
384 2838 492 2884 ipsos
518 2837 748 2882 inclinante,
775 2837 977 2873 Romanos
996 2838 1034 2872 in
1054 2839 1192 2883 fugam
1213 2847 1352 2873 versos
1371 2847 1395 2872 a
1413 2841 1530 2883 tergo
1550 2842 1724 2874 contem-

230 2886 326 2932 ptim
352 2885 545 2931 nulloque
572 2885 712 2921 ordine
730 2886 1061 2931 insequebantur,
1088 2886 1154 2920 alii
1182 2885 1260 2919 alio
1293 2885 1354 2920 dis
1385 2886 1474 2921 ersi.
1525 2886 1613 2927 Quo
1651 2895 1722 2921 rex
1739 2886 1783 2921 16

229 2932 513 2969 animadverso
530 2933 637 2977 (nam
657 2933 699 2969 in
717 2932 886 2970 editiore
904 2933 991 2969 loco
1019 2932 1166 2976 stabat)
1193 2943 1287 2969 suos
1314 2943 1336 2968 a
1387 2942 1566 2979 pugnam
1587 2933 1724 2969 cohor-

303 3003 459 3034 Zonarao
478 3002 629 3040 Epitome
648 3002 708 3033 111.
1463 2992 1508 3029 21
