2054 3282
412 223 764 264 CONSTANTINI
788 221 1163 262 PATRIARCHAE
1188 221 1510 262 SVPPLICIVM.
1640 224 1711 263 277

210 346 308 396 τοὺς
349 347 614 404 κατηγόρους
655 346 870 402 πεποίηκε.
929 346 1092 389 τούτων
1131 346 1178 390 δὲ
1215 345 1450 402 γεγονότων
1485 347 1711 403 ὑπερόριος
1725 345 1755 383 C

210 418 236 460 ὁ
273 417 534 472 πατριάρχης
576 417 750 471 ἐγένετο.
813 416 954 470 ἕτερον
999 414 1045 457 δὲ
1086 416 1344 471 προεβάλετο
1387 417 1649 472 πατριάρχην
1685 417 1711 458 ό
1724 415 1771 451 ‘23

208 486 413 542 τύραννος
443 486 640 540 ἕκτομίαν
670 483 758 527 τινὰ
789 483 992 539 Νικήταν,
1036 483 1128 526 οὐδ’
1162 485 1208 534 ἐξ
1243 485 1496 540 ἐλευθέρων,
1541 485 1629 527 ἀλλ’
1662 486 1710 528 ἐκ

211 555 379 597 δούλων
415 555 586 597 ἕλκοντα
625 553 700 608 τὴν
729 557 804 595 τοῦ
836 553 983 607 γένους
1013 553 1154 608 σειρὰν
1185 551 1277 596 οὐδ’
1311 554 1550 608 ἀναγνῶναι
1582 554 1709 597 δυνά-

173 622 196 658 5
207 635 356 679 μενον·
390 623 442 679 ἦν
474 622 553 678 γὰρ
584 621 679 677 περὶ
709 621 784 676 τὴν
815 625 1102 676 γυναικωνῖτιν
1134 622 1388 677 ἒσχολακώς.
1449 621 1533 665 εἶτα
1566 624 1614 665 ἐκ
1641 628 1711 679 τῆς
1724 621 1771 658 24

208 692 435 747 ὑπερορίας
453 692 635 746 ἀχθέντα
651 689 724 732 τὸν
740 690 1059 732 Κωνσταντῖνον
1080 690 1152 732 καὶ
1173 691 1433 745 ἀπηνέστατα
1455 692 1709 747 αἰκισθέντα,
1723 690 1893 727 W1119l

208 761 271 808 ὡς
307 760 419 816 μηδὲ
453 760 637 815 βαδίζειν
676 759 896 806 δύνασθαι,
940 759 997 805 εἷς
1038 758 1113 813 τὴν
1154 759 1341 815 μεγάλην
1383 760 1606 816 ἐκκλησίαν
1649 761 1712 809 ὡς

208 829 346 885 ἄχθος
375 845 411 871 τι
440 827 756 885 βασταζόμενον
787 827 812 869 ὁ
842 827 1045 882 τύραννος
1074 828 1438 884 μετακομισθῆναι
1475 829 1707 872 κεκέλευκε.

207 899 283 940 καί
308 914 418 946 τινος
446 898 496 940 τὰ
527 895 619 939 κατ’
652 897 782 939 αὐτοῦ
820 897 1182 951 ἀναγινώσκοντος
1219 897 1453 952 αἰτιάματα,
1496 898 1709 954 παρουσίᾳ
1723 897 1770 934 25

149 969 196 1004 10
206 966 401 1022 πλήθους
442 966 599 1009 πολλοῦ
643 964 710 1007 ἐπὶ
751 964 889 1020 τούτῳ
933 965 1327 1020 συναθροισθέντος,
1374 966 1446 1008 καὶ
1491 971 1565 1009 τοῦ
1609 968 1708 1010 νέου

205 1035 466 1091 πατριάρχου
497 1034 662 1089 Νικήτα
695 1034 739 1076 ἐν
769 1039 831 1088 τῷ
870 1034 1098 1089 συνθρόνῳ
1136 1035 1387 1090 καθημένου
1425 1034 1497 1077 καὶ
1534 1036 1707 1090 ἇκροω-
1722 1035 1759 1072 D

203 1104 335 1158 μένου
366 1104 520 1158 αὐτῶν,
554 1104 711 1150 ἐκεῖνος
741 1102 847 1144 κατὰ
878 1102 1040 1158 κόρρης
1070 1103 1234 1144 ἐπαίετο
1259 1103 1332 1145 καὶ
1353 1103 1491 1151 οὕτως
1512 1103 1578 1146 ἐπὶ
1598 1104 1706 1147 πολὺ

204 1171 531 1228 ἐμπαροινηθεὶς
559 1172 675 1218 τέλος
705 1172 1047 1226 ἀναθεματίζεται
1077 1172 1149 1214 καὶ
1179 1171 1386 1226 ψιλωθεὶς
1415 1171 1490 1227 τὴν
1515 1172 1707 1228 κεφαλὴν

203 1240 275 1283 καὶ
305 1240 377 1283 τὸν
406 1241 612 1295 πώγωνα,
654 1239 756 1282 ἀλλὰ
787 1241 928 1295 μέντοι
959 1240 1030 1282 καὶ
1060 1239 1133 1287 τὰς
1164 1241 1345 1296 ὀφρύας,
1379 1241 1451 1283 καὶ
1482 1242 1572 1296 ὄνῳ
1604 1242 1704 1284 ε’πο-

145 1313 190 1350 15
203 1308 364 1365 χηθείς,
396 1310 682 1364 ἱπποδρομίας
711 1309 961 1364 τελουμένης
991 1309 1191 1364 εἰσάγεται
1223 1310 1280 1356 εἰς
1309 1309 1357 1352 τὸ
1388 1310 1584 1365 θέατρον,
1622 1311 1706 1352 ἀτί-

203 1394 301 1433 μως
330 1378 696 1433 θριαμβευόμενος
732 1378 804 1420 καὶ
842 1377 1130 1433 ἔμπτυόμενος
1167 1378 1239 1420 καὶ
1281 1378 1396 1420 κόνει
1437 1379 1706 1434 παττόμενος.

205 1445 272 1490 ἐπὶ
300 1446 461 1493 τούτοις
490 1445 602 1493 τινὰς
631 1450 718 1488 τῶν
749 1446 970 1502 ἀρχόντων
1003 1446 1160 1494 στείλας
1192 1447 1217 1489 ὁ
1246 1447 1452 1503 τύραννος
1489 1449 1708 1504 ἠρώτησεν
1720 1448 1767 1484 26

205 1585 226 1621 1
257 1586 355 1625 ὅπως
385 1585 445 1621 καὶ
476 1585 534 1621 τὸν
563 1585 786 1631 πατριάρχην
816 1585 924 1622 αὐτοῦ
956 1586 1068 1628 ἐξῶσε
1106 1586 1248 1628 (ἐξέωσε
1274 1587 1319 1630 Ε)
1356 1592 1416 1634 τῆς
1447 1587 1640 1633 ἐκκλησίας
1671 1602 1707 1624 τε

205 1633 296 1678 (om.
323 1632 368 1678 C)
394 1633 455 1669 καὶ
479 1633 627 1670 ἐκόλασε
652 1633 713 1669 καὶ
737 1633 938 1670 ἀπέκτεινεν
967 1633 1030 1671 ΟΕ

278 1766 297 1800 1
321 1766 493 1811 πεποίηκε
518 1764 663 1812 AEwp‚
691 1765 869 1812 ἠνάγκασε
895 1765 926 1802 O
1034 1769 1130 1802 ante
1154 1767 1288 1802 τούτων
1314 1766 1406 1803 add.
1433 1767 1494 1803 καὶ
1518 1767 1550 1802 Β
1653 1781 1705 1813 γε-

274 1813 434 1859 νομένων
453 1814 550 1860 Ewp
647 1813 671 1849 2
694 1814 907 1860 προεβάλετο
924 1812 970 1858 A,
996 1814 1232 1861 προεβάλλετο
1252 1815 1361 1861 Ewp‚
1386 1816 1651 1861 προεχειρίσατο
1673 1815 1705 1851 O

275 1861 299 1897 3
323 1860 397 1896 τινὰ
422 1861 536 1897 initio
563 1871 706 1897 versus
733 1872 808 1898 om.
836 1860 866 1898 C
975 1861 999 1897 4
1023 1867 1083 1897 τοῦ
1105 1862 1225 1908 γένους
1253 1873 1328 1898 om.
1355 1862 1391 1898 D
1508 1866 1602 1899 ante
1628 1863 1706 1899 οὐδ’

275 1908 367 1944 add.
394 1909 455 1944 καὶ
481 1909 606 1954 σχεδὸν
631 1908 779 1955 13⁸pr
917 1909 939 1945 5
964 1915 1035 1946 τῶν
1062 1912 1152 1952 (om.
1181 1909 1226 1953 C)
1250 1910 1331 1956 περὶ
1356 1910 1419 1957 τὴν
1444 1912 1705 1957 γυναικωνίτην

276 1958 374 1999 (dur
400 1960 439 1992 et
465 1957 559 2002 -ίτην
584 1967 656 2003 per
681 1956 845 2002 dittogr.
870 1957 917 1996 Β)
943 1958 1191 2003 ἕσχολακότων
1218 1957 1249 1994 Ο
1348 1959 1370 1994 7
1396 1958 1483 1998 ὥςτὲ
1496 1959 1543 2002 D,
1571 1960 1621 1998 ὣς
1636 1959 1704 1998 Dw

323 2004 515 2049 δυνάμενον
542 2004 573 2039 Β
671 2005 694 2040 8
718 2005 739 2040 ό
762 2005 928 2050 τύραννος
955 2016 1030 2042 om.
1057 2005 1088 2042 Ο
1185 2007 1491 2052 μετακομισθῆναι
1517 2007 1707 2043 κεκέλευκε

275 2051 322 2097 A,
346 2053 651 2099 μετακομισθῆναι
675 2052 815 2088 ἐκέλευε
842 2053 921 2097 Ew,
951 2055 1258 2099 μετακομισθῆναι
1284 2054 1446 2090 ἐκέλευσε
1474 2066 1510 2101 p,
1543 2055 1706 2090 ἐκέλευσε

275 2100 492 2145 κομισθῆναι
519 2099 551 2136 O
664 2100 687 2136 9
711 2099 751 2136 τὰ
779 2111 853 2136 om.
881 2100 917 2136 D
1041 2102 1086 2137 10
1109 2102 1270 2147 πλήθους
1294 2103 1426 2138 πολλοῦ
1451 2101 1597 2148 AEwp‚
1623 2103 1706 2138 πολ-

274 2149 349 2183 λῶν
367 2147 399 2183 O
422 2148 490 2183 Wo
508 2148 576 2183 lat.
671 2147 939 2193 ἁθροισθέντων
958 2148 989 2185 Ο
1090 2149 1131 2185 11
1151 2150 1396 2196 ἀκρουομένου
1416 2151 1447 2186 Ε
1545 2150 1591 2186 12
1616 2150 1706 2187 κατὰ

275 2194 423 2242 AEwp,
447 2195 503 2231 ἐπὶ
530 2194 561 2232 Ο
659 2197 795 2242 κόρρης
821 2195 990 2243 prDi,
1016 2198 1127 2243 κόρης
1151 2196 1220 2232 ΑΒ

204 2333 360 2369 toribus
386 2334 639 2379 quibusdam,
668 2344 770 2380 quos
796 2334 862 2370 illo
877 2335 1026 2370 infitias
1053 2338 1175 2371 eunte
1200 2336 1337 2371 iurare
1364 2336 1509 2381 coegit.
1549 2335 1706 2378 Quibus

205 2381 322 2417 factis
336 2381 567 2427 patriarcha
581 2382 787 2427 relegatus
801 2385 871 2426 est,
891 2386 930 2418 et
945 2382 1047 2418 alius
1062 2383 1293 2429 patriarcha
1312 2393 1337 2418 a
1355 2387 1529 2428 tyranno
1545 2386 1706 2419 creatus
1719 2379 1766 2415 23

204 2428 366 2465 Nicetes
391 2429 614 2473 eunuchus,
651 2440 730 2466 non
759 2430 974 2474 ingenuus,
1011 2430 1083 2466 sed
1117 2431 1253 2466 servili
1285 2441 1438 2476 genere
1475 2433 1597 2475 ortus,
1636 2432 1705 2476 qui

204 2476 343 2522 legere
368 2487 449 2512 non
476 2480 646 2523 poterat,
684 2478 725 2512 in
752 2477 1016 2513 muliebribus
1043 2478 1272 2514 ministeriis
1298 2482 1495 2514 versatus.
1547 2478 1706 2515 Deinde
1719 2474 1766 2510 24

206 2522 513 2560 Constantinum
542 2525 811 2571 patriarcham
847 2526 899 2560 ab
927 2525 1047 2561 exilio
1075 2525 1287 2562 reductum
1314 2530 1353 2562 et
1379 2526 1614 2562 saevissimo
1640 2537 1706 2562 ve-

206 2574 359 2616 xatum,
393 2572 496 2608 adeo
522 2575 567 2608 ut
594 2571 803 2609 ambulare
841 2584 922 2609 non
950 2578 1096 2619 posset,
1135 2574 1175 2609 in
1202 2584 1394 2618 magnam
1421 2574 1633 2610 ecclesiam
1660 2578 1706 2610 ut

206 2620 405 2655 sarcinam
431 2621 585 2666 portari
611 2623 810 2666 tyrannus
836 2621 961 2657 iussit.
1014 2621 1073 2656 Ibi
1101 2621 1277 2667 quodam
1305 2622 1483 2665 crimina,
1517 2632 1624 2667 quae
1650 2622 1704 2657 illi
1719 2618 1766 2655 25

208 2666 500 2712 obiciebantur,
538 2669 734 2704 recitante
772 2679 907 2704 coram
942 2669 1198 2704 multitudine
1236 2679 1387 2715 inagna
1427 2679 1475 2704 ea
1502 2669 1553 2705 de
1580 2679 1705 2705 causa

207 2718 433 2750 convocata
466 2718 505 2751 et
530 2715 683 2756 Niceta.
718 2726 826 2751 novo
862 2717 1103 2762 patriarcha,
1139 2717 1179 2752 in
1213 2717 1312 2752 solio
1353 2716 1519 2753 sedente
1556 2717 1704 2763 illaque

207 2762 472 2803 auscultante.
499 2762 563 2800 ille
581 2763 708 2810 alapis
727 2763 911 2799 caeditur
929 2775 978 2799 nc
997 2764 1066 2799 diu
1085 2765 1140 2799 ita
1159 2765 1393 2810 exagitatus
1418 2764 1581 2800 tandein
1610 2775 1704 2800 ana-

207 2809 383 2846 themate
409 2814 586 2855 notatur,
613 2811 844 2856 evulsisque
871 2811 1024 2857 capillis
1052 2815 1091 2847 ot
1115 2812 1243 2847 barba
1270 2815 1309 2847 et
1327 2812 1553 2858 superciliis
1579 2816 1703 2858 atque

207 2857 321 2892 asino
347 2858 588 2904 importatus
613 2858 718 2894 ludis
732 2858 988 2895 Circensibus
1015 2860 1053 2894 in
1073 2859 1274 2895 theatrum
1293 2859 1564 2895 introducitur
1591 2860 1600 2895 i
1635 2870 1703 2895 no-

207 2904 460 2952 miuiosoque
494 2906 696 2953 triumpho
724 2907 962 2954 conspuitur
993 2910 1031 2943 et
1058 2906 1227 2954 pulvere
1261 2908 1557 2954 conspergitur.
1642 2911 1704 2944 ost
1717 2906 1764 2943 26
