2054 3282
359 238 429 276 476
715 238 895 276 ZONAR.
923 237 1054 274 ΕΡΙΤ.
1079 237 1169 273 XVI
1200 237 1253 282 19,
1283 237 1432 283 11-20,
1461 238 1490 273 1.

357 359 439 401 ’ὑπὸ
471 360 715 413 καθαίρεσίν
746 375 791 401 σε
822 359 1028 413 τιθέμενα,
1069 357 1140 399 καὶ
1174 357 1318 400 λοιπὸν
1349 359 1406 404 εἰς
1436 358 1482 400 τὸ
1512 359 1622 413 μηδὲ
1654 360 1766 407 ὅλως
1795 362 1850 403 εἰ-

298 432 342 467 12
357 428 470 468 ὃέναι
501 443 545 469 σε
577 428 800 481 γράμματα
839 428 878 467 οἱ
916 426 1021 467 κατὰ
1061 430 1138 467 σοῦ
1177 427 1463 479 περιίστανται.
1526 428 1628 470 ἀλλὰ
1672 433 1852 471 σπεῦσον

298 500 342 535 13
355 495 425 536 καὶ
456 496 603 537 τούτου
635 495 730 541 τοὺς
760 495 1017 549 μελετῶντας
1049 494 1153 535 κατὰ
1181 498 1258 536 σοῦ
1281 495 1646 548 ἀποκρούσασθαι.
1711 497 1850 539 διαλύ-

355 579 436 609 σεις
468 564 513 604 δὲ
544 563 702 608 τούτοις
732 562 777 603 τὸ
810 563 1075 616 σπούδασμα,
1114 564 1151 604 εἰ
1179 563 1359 604 ἐνώπιον
1390 563 1559 605 πολλῶν
1590 565 1747 620 χάρτην
1777 565 1850 607 λα-

353 630 446 684 βὼν
481 630 526 672 τὸ
565 631 701 684 ὄνομα
739 631 980 685 ἐγχαράξεις
1016 629 1062 672 τὸ
1101 629 1175 672 σὸν
1217 630 1289 671 καὶ
1333 631 1378 672 τὸ
1422 636 1495 686 τῆς
1538 632 1888 688 ἀρχιερωσύνηςὸ

232 703 266 737 D
295 703 339 737 14
352 699 529 752 ἀξίωμα.
591 698 662 739 καὶ
704 699 851 740 τούτου
892 699 1253 752 ἀποκομισθέντος
1291 704 1353 754 τῷ
1383 700 1544 754 βασιλεῖ
1571 701 1708 743 οὐκέτι
1741 701 1849 743 κατὰ

295 771 338 806 15
353 770 429 807 σοῦ
473 766 639 820 αἰτίαμα
683 766 1019 820 περιλέλειπται.”
1080 767 1103 807 ὁ
1134 766 1212 821 μὲν
1251 766 1327 809 οὖν
1366 768 1664 822 συνεβούλευσε
1705 773 1849 811 ταῦτα·

352 834 376 874 ὁ
409 833 454 875 δὲ
485 834 673 875 ἐπείθετο
705 834 777 875 καὶ
807 835 975 876 πολλῶν
1007 835 1231 888 παρόντων
1263 835 1448 890 ἀγράφῳ
1476 836 1606 891 χάρτῃ
1628 834 1739 879 ταῦτ’
1762 837 1848 891 ἔγε-

352 901 518 955 γράφει·
562 901 781 957 “Τρύφων
822 903 925 957 ἐλέῳ
957 904 1062 944 θεοῦ
1095 904 1418 958 ἀρχιεπίσκοπος
1451 905 1848 947 Κωνσταντινουπό-

294 975 336 1009 16
351 970 457 1015 λεως
478 970 574 1016 νέας
591 970 802 1025 Ῥώμης.”
863 971 934 1012 καὶ
964 971 1109 1026 λαβὼν
1136 971 1206 1013 τὸν
1227 972 1385 1027 χάρτην
1407 972 1430 1013 ὁ
1453 972 1707 1027 Καισαρείας
1729 973 1851 1029 ἀπῄει
1865 976 1900 1012 D
1919 977 1973 1014 IV
1986 978 2032 1014 63

293 1043 336 1078 17
351 1038 596 1092 ἔμφανίσων
626 1042 772 1080 τοῦτον
802 1044 863 1093 τῷ
889 1040 1060 1094 βασιλεῖ.
1123 1041 1337 1094 ἔγγραφον
1369 1039 1445 1082 οὖν
1477 1041 1520 1082 ἓν
1552 1042 1669 1095 αὐτῷ
1699 1058 1850 1096 παραι-

350 1107 509 1161 τήσεως
549 1108 611 1153 ὡς
647 1108 694 1149 ἐκ
726 1112 799 1149 τοῦ
830 1109 1090 1163 πατριάρχου
1123 1110 1262 1151 ἄνωθι
1293 1114 1365 1164 τῆς
1395 1111 1649 1166 ὑπογραφῆς
1680 1112 1850 1166 ἐξυφαί-

350 1191 470 1229 νεται,
515 1176 587 1217 καὶ
624 1177 685 1222 ὡς
721 1178 1085 1231 παραιτησάμενος
1122 1182 1195 1232 τῆς
1233 1179 1454 1233 ἐκκλησίας
1486 1179 1736 1234 ἐκβάλλεται,
1780 1179 1852 1221 καὶ

350 1243 374 1285 ὁ
405 1247 478 1285 τοῦ
510 1245 716 1298 βασιλέως
747 1245 837 1291 υἱὸς
865 1246 1127 1300 πατριάρχης
1158 1246 1499 1301 κεχειροτόνηται.

293 1316 336 1351 18
469 1311 629 1358 Στόλος
661 1313 707 1354 δὲ
727 1313 929 1360 Ῥωσικὸς
961 1314 1118 1368 ἐπῆλθε
1150 1314 1255 1355 κατὰ
1289 1319 1360 1369 τῆς
1389 1315 1567 1369 πόλεως,
1600 1315 1671 1357 καὶ
1702 1317 1727 1358 ὁ
1758 1317 1849 1358 στό-
1868 1320 1911 1356 15

137 1382 335 1419 Ρ11191Α
348 1380 421 1426 λος
457 1381 509 1422 οὗ
546 1381 765 1436 χιλιόναυς,
811 1383 873 1428 (ὃς
912 1383 1079 1436 λέγεται,
1126 1380 1213 1423 ἀλλ’
1247 1384 1303 1429 εἰς
1340 1384 1635 1426 πεντεκαίδεκα
1666 1385 1852 1439 χιλιάδας

291 1448 396 1489 19τά
427 1449 576 1491 τούτου
608 1450 732 1491 πλοῖα
764 1451 1012 1506 ἠρίθμηντο.
1077 1451 1239 1498 τούτοις
1268 1451 1363 1506 περὶ
1394 1451 1465 1493 τὸν
1488 1452 1634 1506 Φάρον
1665 1469 1850 1508 προσορ-

347 1518 552 1571 μισθεῖσιν
584 1519 847 1574 ἀντίπρῳρος
878 1520 971 1574 ἔστη
1005 1519 1150 1567 στόλος
1169 1519 1406 1574 Ῥωμαϊκὸς
1428 1520 1499 1562 καὶ
1521 1521 1686 1575 ἀθρόον
1712 1523 1853 1569 αὐτοῖς

347 1586 605 1641 προσβαλὼν
648 1587 851 1642 ἐτρέψατο
889 1588 985 1634 τοὺς
1021 1588 1270 1643 βαρβάρους
1311 1588 1382 1630 καὶ
1412 1589 1545 1630 πολλὰ
1577 1593 1662 1631 τῶν
1692 1590 1852 1633 πλοίων

419 1724 441 1759 2
461 1728 550 1770 post
568 1726 605 1759 οἱ
619 1725 712 1760 add.
729 1725 885 1771 λέγοντες
905 1726 1002 1772 pr
1087 1727 1307 1771 περίστανται
1329 1727 1411 1772 w*p
1430 1728 1567 1763 invitis
1581 1727 1653 1763 AR
1734 1729 1755 1764 7
1773 1742 1850 1764 συν-

419 1773 583 1818 εβούλευε
609 1772 640 1808 O
739 1773 762 1809 8
786 1773 969 1819 ἐγεγράφει
997 1773 1078 1818 AR,
1106 1774 1177 1810 sed
1206 1775 1247 1809 in
1274 1775 1305 1810 E
1328 1776 1385 1810 ita
1405 1778 1630 1821 exaratum,
1656 1779 1702 1812 ut
1720 1787 1851 1822 paene

420 1820 570 1855 evadat
587 1820 783 1866 ἕνεγράφει,
811 1822 920 1867 quod
939 1822 1091 1857 habent
1109 1833 1171 1868 wp
1270 1823 1292 1857 9
1318 1836 1450 1868 κωνστι
1471 1823 1598 1858 01n.D
1689 1824 1735 1859 10
1760 1828 1851 1870 post

419 1867 543 1912 ῥώμης
575 1868 666 1904 add.
700 1869 760 1904 καὶ
790 1869 1035 1914 οἰκουμενικός
1066 1870 1285 1915 πατριάρχης
1321 1870 1418 1916 Ewp
1456 1869 1570 1906 Cedr.
1597 1870 1787 1917 (Scylitz.)
1814 1873 1852 1908 II

419 1926 457 1960 p.
471 1915 551 1959 314,
570 1915 612 1951 18
703 1916 745 1950 11
767 1916 828 1951 οὗν
849 1927 923 1952 om.
943 1916 974 1951 B
1065 1917 1182 1952 ll.1‘.2
1201 1918 1238 1952 ἕν
1257 1917 1353 1953 αὐτῶ
1374 1921 1467 1953 ante
1487 1918 1536 1957 ὥς
1556 1918 1586 1954 C
1678 1918 1722 1953 14
1739 1933 1850 1964 κεχει-

419 1964 597 2045 ρῖἷῗίνέἷῑῖι
605 1963 775 2047 Βῖροψ
797 1964 909 2047 ἷξε-ὠς
926 1965 1706 2049 λέγεῖιῖἱτῖἷίῗόἷζὲἆάῗῇνῗΟῧῗῗοῐέὶῖζω
1744 1971 1851 2050 εἷ’ἒῗ

417 2024 505 2093 gem
532 2025 656 2094 cfflirf7
674 2023 864 2104 (Scyli‘tz.)
893 2059 930 2094 11
958 2071 994 2105 p.
1021 2060 1101 2103 316,
1133 2060 1186 2104 12,
1214 2024 1592 2106 Theoph.peo11t.pp.
1619 2040 1774 2106 423‚'16
1842 2043 1850 2060 '

420 2105 464 2140 18
489 2105 707 2151 ἀντίπρωρος
736 2105 881 2153 Apr,
910 2117 1010 2143 corr.
1039 2106 1096 2142 Di
1192 2108 1261 2143 ἔστι
1289 2107 1336 2152 D,
1365 2118 1466 2143 corr.
1496 2108 1564 2146 Dw

288 2231 332 2265 12
346 2233 574 2270 adversarii
600 2236 658 2270 tui
685 2235 765 2270 iam
792 2235 932 2271 dicunt
957 2239 996 2271 te
1021 2237 1248 2272 litterarum
1274 2237 1435 2282 penitus
1462 2246 1553 2272 esse
1571 2237 1724 2272 rudem.
1768 2236 1848 2273 Sed

346 2292 533 2327 propera,
572 2286 617 2318 ut
643 2284 722 2318 tuis
750 2284 1059 2319 accusatoribus
1085 2284 1203 2319 istam
1232 2294 1395 2329 quoque
1423 2284 1666 2319 calumniam
1701 2285 1850 2330 praeri-

290 2326 333 2361 13
346 2329 449 2374 pias;
488 2340 610 2374 quam
636 2331 755 2366 facile
781 2331 1049 2376 propulsabis,
1091 2332 1123 2366 si
1160 2342 1296 2367 coram
1335 2332 1468 2366 multis
1509 2332 1649 2366 charta
1688 2336 1851 2377 sumpta

288 2374 332 2408 14
345 2386 491 2412 nomen
518 2380 632 2412 tuum
659 2381 699 2413 et
725 2379 1004 2423 pontificatum
1030 2379 1250 2424 scripseris,
1291 2389 1371 2424 qua
1400 2379 1603 2424 scriptura
1630 2379 1682 2413 ad
1709 2390 1850 2424 regem

288 2421 332 2456 15
346 2424 501 2468 perlata
534 2425 631 2460 nihil
666 2426 745 2460 iam
782 2427 867 2469 erit,
907 2426 957 2462 de
991 2436 1071 2471 quo
1106 2431 1145 2462 te
1183 2425 1482 2461 cri1ninentur.”
1538 2426 1643 2460 Huic
1681 2427 1848 2462 consilio

347 2471 564 2507 obsecutus
591 2472 656 2508 ille
683 2484 819 2508 coram
847 2474 980 2509 multis
1006 2475 1047 2508 in
1066 2474 1207 2509 charta
1227 2484 1329 2519 pura
1349 2474 1448 2508 haec
1467 2473 1605 2508 scribit
1622 2473 1850 2519 “Tryphon

289 2517 331 2550 16
347 2528 398 2552 ex
426 2519 489 2554 dei
516 2520 792 2555 misericordia
819 2521 1147 2567 archiepiscopus
1175 2521 1318 2566 Cpolis‚
1346 2531 1480 2556 novae
1505 2521 1695 2556 Romaeff'
1753 2521 1851 2556 Eam

289 2564 332 2599 17
347 2566 526 2601 chartam
545 2566 819 2603 Caesariensis
839 2569 929 2613 regi
950 2569 1085 2613 offert3
1112 2569 1349 2614 syngrapha
1370 2578 1495 2613 supra
1513 2569 1851 2614 subscriptionem

348 2614 510 2649 nomine
537 2615 794 2659 patriarchae
821 2615 1001 2651 cedentis
1029 2616 1080 2651 de
1106 2626 1274 2650 munere
1299 2616 1341 2650 in
1368 2626 1416 2650 ea
1436 2617 1684 2660 contexitur;
1712 2616 1851 2661 itaque

349 2659 553 2706 Tryphon,
595 2663 711 2707 quasi
750 2664 1006 2707 renuntiarit,
1046 2663 1216 2699 ecclesia
1251 2663 1394 2699 eicitur
1429 2666 1469 2698 ct
1502 2663 1611 2708 regis
1646 2663 1750 2698 filius
1783 2674 1849 2709 pa-

350 2708 527 2743 triarcha
553 2709 803 2754 designatur.

289 2754 333 2788 18
469 2755 614 2791 Classis
640 2757 821 2801 Russica,
862 2768 967 2802 quae
993 2761 1080 2793 erat
1109 2769 1190 2793 non
1213 2758 1329 2801 mille,
1371 2762 1416 2793 ut
1443 2758 1599 2801 dicitur,
1641 2758 1712 2793 sed
1739 2758 1850 2803 quin-

289 2801 332 2836 19
348 2802 476 2837 decim
495 2804 648 2839 milium
667 2805 846 2847 navium,
873 2805 1015 2841 urbem
1035 2815 1234 2851 aggressa
1259 2808 1330 2840 est.
1382 2805 1532 2841 Contra
1560 2815 1629 2840 eas
1656 2815 1783 2840 naves
1809 2806 1850 2840 in

347 2850 506 2884 ancoris
533 2861 659 2895 prope
686 2852 861 2887 Pharum
890 2856 1184 2888 commorantes
1211 2852 1393 2888 Romana
1424 2853 1561 2887 classis
1579 2853 1620 2887 iu
1640 2853 1851 2897 procinctu

349 2897 458 2932 stetit
485 2908 533 2933 ac
560 2899 692 2935 subito
720 2900 883 2935 invecta
910 2900 1109 2936 barbaros
1135 2901 1382 2946 profligavit,
1411 2901 1545 2936 multis
1572 2910 1712 2936 eorum
1740 2901 1850 2935 navi-
