2054 3282
250 291 396 331 MANV
398 285 514 330 ELIS
533 292 679 330 MORS.
705 291 1031 330 ROMANORVM
1047 290 1326 330 VICTORIAE
1346 292 1398 329 IN
1418 290 1622 328 CILICIA.
1672 291 1739 328 501

250 414 383 456 νόθον
413 415 511 457 ὄντα
542 415 671 456 παῖδα
703 418 776 456 τοῦ
807 414 1105 469 πατραδέλφου
1137 414 1266 456 αὐτοῦ
1297 412 1493 468 Λέοντος,
1533 414 1581 460 ὃς
1615 414 1741 468 ὑομέ-

249 498 387 530 στικος
417 483 603 538 γεγονὼς
637 486 723 526 τῶν
759 483 927 538 σχολῶν
965 482 1031 525 ἐπὶ
1055 482 1278 538 Ῥωμανοῦ
1320 485 1394 525 τοῦ
1438 483 1632 537 γέροντος
1673 498 1742 523 τυ-

249 552 407 606 ραννίόι
438 553 701 607 ἐπιχειρήσας
731 552 938 606 ἐπηρώθη
971 551 1067 598 τοὺς
1092 551 1356 607 ὀφθαλμούς.
1418 549 1541 598 οὗτος
1559 551 1698 593 τοίνυν
1718 551 1743 593 ὁ
1756 554 1803 591 25

250 620 458 675 ᾹῙανουὴλ
480 620 556 662 σὺν
576 625 760 675 ναυτικῷ
777 624 996 675 περιφανεῖ
1016 624 1066 675 τῇ
1086 619 1255 675 Σικελίᾳ
1275 620 1670 675 προσορμισάμενος
1691 620 1744 662 οὗ

214 693 237 730 5
249 688 383 743 μόνον
414 689 539 731 οὐδέν
568 705 603 730 τι
633 689 934 743 κατώρθωσεν,
967 688 1069 730 ἀλλὰ
1100 688 1172 730 καὶ
1199 689 1290 730 λίαν
1310 689 1470 744 ἐσφάλη
1493 689 1539 737 ἐξ
1558 688 1745 743 ἀπειρίας
1759 692 1794 727 D

250 757 321 799 καὶ
352 762 600 812 νεωτερικῆς
630 758 866 812 ἀγερωχίας
898 759 922 812 ἢ
952 757 1112 812 μᾶλλον
1141 757 1418 804 ἀτασθαλίας·
1449 756 1577 804 αὐτός
1601 773 1643 799 τε
1664 756 1744 812 γὰρ

251 826 421 869 διώλετο
452 826 523 868 καὶ
553 827 666 868 ἅπαν
696 825 742 867 τὸ
773 825 849 868 σὺν
877 826 994 880 αὐτῷ
1015 825 1318 880 στρατιωτικόν.
1379 825 1519 868 καὶτὰ
1539 824 1618 880 μὲν
1638 824 1746 867 κατὰ

251 895 445 937 Σικελίαν
475 895 755 949 συνεκύρησεν
786 894 910 937 οὕτω.

371 963 491 1006 Κατὰ
525 963 711 1009 Κιλικίας
743 963 791 1005 δέ
828 961 916 1018 (καὶ
946 962 1096 1018 ταύτης
1127 962 1174 1004 δὲ
1205 964 1246 1005 οἱ
1269 962 1492 1018 Ἀγαρηνοὶ
1522 962 1743 1018 ἐκράτουν)
1758 967 1805 1003 26

194 1037 239 1073 10
251 1033 453 1087 ἐκπέμπει
492 1032 517 1074 ὅ
553 1031 745 1087 βασιλεὺς
774 1031 976 1086 Ἰωάννην
1014 1031 1242 1086 μάγιστρον
1283 1031 1355 1073 τὸν
1394 1031 1630 1087 Τζιμισκήν,
1674 1035 1747 1087 τῆς

251 1101 456 1157 ἀνατολῆς
500 1101 893 1155 προκεχειρισμένον
940 1100 1196 1155 ὂομέστικον.
1259 1100 1283 1141 ὁ
1328 1100 1373 1142 δὲ
1418 1099 1527 1155 πρὸς
1562 1100 1747 1142 ’maurane
1759 1104 1805 1140 27

251 1170 509 1226 ἀφικόμενος
551 1173 636 1215 τοῖς
678 1169 722 1210 ἓν
764 1168 889 1223 ταύτῃ
928 1184 968 1210 τε
1007 1168 1243 1223 συνεπλάκη
1270 1167 1516 1224 Ἀγαρηνοῒς
1553 1168 1624 1210 καὶ
1654 1169 1745 1210 κατ’

251 1240 393 1281 αὐτῶν
424 1239 622 1294 ἐστήσατο
652 1238 862 1292 τρόπαιον.
924 1237 1152 1279 κάντεῦθεν
1181 1238 1316 1292 μέγαν
1346 1236 1474 1279 αὐτὸν
1495 1239 1520 1293 ἢ
1542 1237 1748 1293 πρότερον
1761 1241 1876 1277 W111
1889 1240 1953 1276 161
1974 1240 2021 1276 28

252 1309 296 1350 ἒν
327 1307 585 1362 στρατηγίαις
616 1307 642 1361 ἡ
674 1307 797 1361 φήμη
829 1306 1060 1361 ἐκήρυττεν.

195 1379 239 1415 15
362 1376 473 1431 ’Ήόη
507 1375 552 1418 δὲ
585 1376 779 1430 δεύτερον
810 1374 996 1417 ἐνιαυτὸν
1017 1374 1160 1417 ἀνύων
1181 1374 1206 1416 ὁ
1227 1373 1480 1430 Νικηφόρος
1502 1375 1546 1417 ἒν
1566 1379 1615 1430 τῇ
1636 1375 1747 1430 ἀρχῇ
1762 1373 1819 1417 25

250 1444 377 1492 αι’·τὸς
408 1445 525 1493 ἔξεισι
557 1443 663 1486 κατὰ
695 1444 884 1490 Κιλικίας
913 1443 1016 1498 μετὰ
1047 1443 1220 1498 βαρείας
1249 1442 1400 1498 χειρός,
1433 1443 1504 1485 καὶ
1534 1443 1608 1498 τὴν
1640 1442 1959 1486 Θεο-ΡΙΙ201Α

250 1513 377 1570 φανὼ
406 1512 510 1567 μετὰ
542 1516 627 1554 τῶν
656 1511 823 1554 παίδων
853 1512 982 1567 αὐτῆς
1012 1512 1282 1566 ἐπαγόμενος.
1343 1511 1414 1554 καὶ
1449 1511 1523 1567 τὴν
1552 1511 1632 1567 μὲν
1660 1510 1782 1565 πρὸ2
1919 1501 1926 1506 ’

250 1587 322 1639 τῆς
354 1581 540 1629 Κιλικίας
571 1579 677 1623 κατὰ
707 1579 755 1622 τὸ
787 1580 953 1635 Δριζίον
998 1579 1222 1636 (φρούριον
1261 1580 1307 1623 δὲ
1337 1579 1475 1635 τοῦτο)
1521 1579 1747 1629 κατέλιπεν,

252 1701 275 1737 9
299 1702 349 1736 ὅτι
376 1702 397 1735 ό
421 1699 609 1746 Τζιμισκὴς
634 1699 832 1746 (τζιμισκῆς
851 1697 926 1743 CE,
952 1709 989 1734 V.
1017 1699 1069 1734 ad
1095 1698 1207 1735 XVII
1234 1699 1264 1743 1,
1291 1698 1328 1743 1)
1354 1698 1643 1743 κατετρωτώσατο
1669 1697 1748 1737 τοὺς

252 1749 290 1784 ἐν
316 1748 456 1794 Κιλικίᾳ
478 1748 686 1793 Ἄγαρηνούς
713 1746 776 1784 CE
875 1746 919 1782 15
944 1748 994 1782 ὅτι
1020 1747 1041 1781 ό
1085 1747 1222 1786 ασιλεὺς
1246 1747 1284 1783 ἐν
1304 1747 1448 1792 Κιλικίᾳ
1474 1746 1526 1791 (ἑν
1543 1746 1613 1782 κιλ.
1631 1746 1652 1781 ὅ
1666 1748 1745 1793 βασ.

254 1796 300 1841 Ε)
325 1796 528 1842 ἐστράτευσε
552 1796 614 1831 καὶ
637 1795 752 1835 πόλεις
777 1794 884 1841 αὐτῆς
909 1795 999 1830 εἶλεν
1025 1793 1054 1831 C
1074 1795 1087 1806 ¹

327 1905 342 1939 1
371 1904 480 1939 παῖδα
499 1913 574 1940 om.
592 1902 629 1938 D
726 1902 749 1938 2
773 1901 925 1962 γεγονὼς
943 1905 1033 1948 post
1050 1901 1190 1947 σχολῶν
1209 1900 1276 1938 CD
1373 1901 1396 1937 6
1421 1906 1632 1947 νεωτερικῆς
1654 1904 1749 1937 aute

326 1951 347 1998 ἢ
366 1950 434 1988 CD
519 1952 541 1988 7
558 1949 647 1986 κατὰ
665 1954 760 1986 ante
775 1964 840 1995 μεν
858 1949 894 1985 D
980 1950 1003 1986 8
1020 1950 1234 1995 συνέκυρσεν
1252 1949 1349 1995 Ewp
1428 1949 1543 1988 οὕτως
1561 1948 1593 1986 Ο
1671 1949 1693 1984 9
1711 1949 1750 1984 δὲ

326 1999 374 2044 οἷ]
401 1998 466 2045 γὰρ
491 1999 528 2034 οἷ
549 1997 582 2035 Ο
681 1998 726 2034 10
751 1997 938 2044 τζιμισκὴν
955 1996 1073 2042 ADw,
1100 1999 1283 2043 τζιμισκῆν
1306 1995 1474 2043 prDi‚
1500 1996 1683 2043 τζιμισχὴν
1701 1996 1749 2040 D,

325 2058 363 2083 v.
390 2046 442 2083 ad
468 2045 579 2082 XVII
608 2046 638 2090 l,
667 2046 681 2081 1
798 2045 840 2080 ll
866 2045 1074 2091 ἀνατολικῆς
1101 2045 1132 2081 Ε
1243 2044 1287 2079 14
1313 2043 1417 2090 φημὴ
1444 2044 1530 2090 w*p
1642 2044 1686 2080 15
1711 2044 1751 2079 δὲ

325 2105 401 2130 om.
426 2093 458 2129 B
573 2094 617 2129 16
641 2094 755 2133 λικίας
782 2092 811 2129 C
925 2093 1109 2137 δυνάμεως
1134 2092 1166 2127 Β
1278 2091 1449 2137 θεοφανὼ
1476 2089 1644 2137 prDi‚
1671 2092 1750 2127 θεο-

325 2146 430 2188 φανῶ
456 2140 536 2185 ΑΕ,
563 2152 600 2176 ν.
626 2140 717 2177 XVI
743 2141 800 2186 24,
828 2140 872 2176 14
994 2141 1039 2176 18
1064 2141 1236 2187 δριζίβιον
1264 2140 1371 2186 Ewp,
1399 2139 1508 2185 quod
1535 2149 1749 2185 perperam

327 2193 436 2226 tenet
462 2188 826 2235 Schlumbergerus
852 2189 874 2224 l.
902 2198 933 2224 c.
962 2199 998 2235 p.
1023 2187 1094 2224 425
1109 2199 1138 2224 S.

254 2301 334 2339 trui
360 2301 422 2337 sui
448 2299 597 2336 Leonis
622 2298 788 2335 nothum
817 2297 951 2342 filium,
983 2299 1051 2345 qui
1075 2297 1160 2335 Leo
1187 2308 1277 2334 cum
1304 2297 1379 2333 sub
1408 2297 1542 2343 priore
1567 2296 1750 2333 Romano

254 2348 482 2387 scholarum
505 2347 749 2384 domesticus
767 2349 883 2391 esset,
911 2346 962 2382 ob
989 2356 1161 2392 regnum
1187 2345 1419 2381 affectatum
1447 2348 1637 2380 caecatus
1664 2345 1751 2388 fuit,

255 2399 397 2434 contra
435 2406 504 2432 eos
543 2395 660 2431 misit.
710 2393 870 2430 Manum
904 2395 1028 2440 igitur
1066 2403 1157 2429 cum
1196 2394 1238 2429 in
1270 2391 1443 2429 Siciliam
1482 2402 1572 2428 eum
1610 2392 1750 2429 illustri
1766 2390 1812 2427 25

256 2445 383 2481 classe
408 2443 640 2490 appulisset,
679 2452 760 2478 non
786 2441 906 2477 modo
933 2441 1029 2477 nihil
1060 2440 1319 2477 memorabile
1351 2440 1488 2486 gessit,
1527 2439 1597 2475 sed
1632 2440 1751 2476 etiam

257 2501 309 2529 ex
340 2491 540 2538 imperitia
572 2495 611 2527 et
645 2489 811 2526 iuvenili
843 2489 995 2525 ferocia
1020 2489 1084 2524 vel
1111 2488 1245 2535 potius
1271 2487 1496 2524 temeritate
1531 2497 1661 2534 grave
1688 2487 1753 2524 de·

257 2540 488 2576 trimentum
520 2538 686 2584 accepit,
725 2538 811 2583 ipse
844 2546 934 2573 cum
970 2537 1077 2573 omni
1113 2536 1296 2573 exercitu
1334 2544 1489 2571 caesus.
1545 2533 1679 2581 Atque
1712 2535 1753 2571 in

257 2585 392 2625 Sicilia
418 2597 483 2624 res
507 2586 565 2622 lta
590 2589 706 2622 actae
732 2587 836 2620 sunt.

376 2633 526 2671 Contra
558 2632 736 2670 Ciliciam
768 2636 915 2674 autem,
948 2641 1068 2678 quam
1102 2634 1141 2667 et
1176 2631 1303 2677 ipsam
1337 2628 1517 2676 Agareni
1550 2629 1753 2674 tenebant,
1768 2629 1814 2665 26

258 2692 330 2719 rex
348 2681 542 2719 Ioannem
561 2681 797 2728 magistrum
817 2679 1066 2723 Tzimiscem,
1093 2678 1266 2715 Orientis
1286 2677 1549 2714 domesticum
1569 2676 1754 2723 designa-

258 2733 355 2775 tum,
381 2729 600 2776 ablegavit.
651 2727 727 2771 Qui
748 2737 838 2763 cum
857 2726 1042 2763 Adanam
1063 2727 1250 2770 venisset,
1277 2725 1328 2761 de
1348 2726 1435 2761 eius
1460 2725 1535 2761 loci
1554 2723 1755 2771 Agarenis
1769 2724 1814 2760 27

258 2777 532 2825 triumphavit.
581 2776 671 2819 Qua
709 2775 879 2811 victoria
918 2774 1130 2811 celebritas
1167 2773 1338 2810 nominis
1372 2773 1469 2817 elus,
1520 2775 1564 2808 ut
1602 2772 1816 2808 strenui28

259 2823 384 2871 ducis,
410 2823 578 2861 multum
605 2827 726 2860 aucta
752 2827 823 2860 est.

375 2871 433 2909 25.
482 2870 734 2918 Nicephorus
761 2870 939 2907 secundo
967 2869 1122 2916 imperii
1149 2869 1210 2906 sui
1237 2878 1344 2905 anno
1372 2869 1458 2915 ipse
1484 2877 1574 2904 cum
1606 2877 1756 2914 magua

259 2929 383 2956 manu
402 2918 578 2956 Ciliciam
604 2917 771 2963 invadit,
798 2917 1100 2964 Theophanone
1127 2926 1207 2962 quo
1238 2926 1290 2953 ue
1316 2925 1405 2951 cum
1426 2915 1560 2951 liberis
1579 2914 1757 2951 adducta

261 2977 391 3014 eaque
429 2966 565 3012 Drizii,
611 2965 720 3013 quod
759 2971 818 3002 est
857 2965 1062 3002 castellum
1102 2965 1141 3000 in
1181 2963 1342 3001 Ciiciae
1380 2963 1505 3009 aditu,
1550 2962 1793 3007 collocata,2
