2054 3282
590 234 857 274 TZIMISCES
881 235 1088 274 VENENO
1115 236 1391 275 TOLLITVR.
1669 238 1740 277 537

246 354 318 396 καὶ
349 355 572 411 γενόμενος
606 356 712 402 κατὰ
750 357 825 412 τὴν
850 357 1113 414 Ἀνάβαρζαν
1147 359 1218 401 καὶ
1256 359 1304 402 τὸ
1335 359 1579 415 Ποδανδόν,
1623 361 1740 415 ὁρῶν

245 439 288 465 τε
318 424 536 466 κάνταῦθα
568 425 638 467 καὶ
662 426 707 467 ἕν
727 426 868 473 ἄλλαις
887 427 1048 481 χώραις
1067 427 1239 474 πολλαῖς
1259 428 1396 483 χωρία
1416 429 1739 483 πολυάνθρωποί

244 507 287 533 τε
317 492 388 534 καὶ
418 493 642 548 πάμφορα,
674 495 820 548 ἠρώτα
852 493 903 536 οὗ
925 494 1016 537 εἶεν.
1078 495 1150 537 καὶ
1169 497 1405 550 μανθάνων
1426 497 1486 538 ὅτι
1506 501 1580 539 τοῦ
1600 513 1738 552 παρα-
1757 503 1793 538 11

244 562 518 615 κοιμωμένου
548 562 623 603 εἰσὶ
656 562 886 616 Βασιλείου,
926 563 974 605 τὰ
1007 563 1086 618 μὲν
1114 563 1231 618 παρὰ
1261 569 1336 607 τοῦ
1366 566 1572 620 βασιλέως
1602 565 1738 622 Νικη-

208 631 231 667 5
245 627 386 683 φόρου
417 633 491 671 τοῦ
528 629 677 684 Φωκᾶ,
722 630 770 672 τὰ
810 631 856 673 δὲ
890 632 992 685 παρ’
1025 633 1155 675 αὐτοῦ
1187 633 1434 687 δομεστίκου
1466 634 1740 689 τυγχάνοντος

244 700 330 738 τῶν
360 697 539 751 σχολῶν,
571 698 619 739 τὰ
652 698 698 740 δὲ
727 696 828 753 παρ’
861 700 1016 754 ἑτέρων
1045 702 1363 756 προσκτηθέντα
1393 706 1444 757 τῇ
1463 702 1648 757 βασιλείᾳ
1668 702 1740 745 καὶ

246 765 495 820 δωρηθέντα
517 766 647 821 αὐτῷ,
679 767 833 821 ἤλγησέ
861 784 903 809 τε
933 768 1004 810 καὶ
1036 768 1171 811 δεινὸν
1201 769 1311 811 εἶπεν
1341 771 1380 811 εἰ
1405 774 1491 812 τῶν
1522 770 1783 826 δημοσίωνΒ

243 834 469 887 κτημάτων
506 834 577 876 καὶ
613 832 681 889 ἐφ’
720 835 782 882 οἷς
816 835 962 878 πολλοὶ
999 837 1147 879 ἔπεσον
1189 838 1345 892 ἀγαθοὶ
1387 839 1551 892 ἄνδρες,
1594 839 1948 881 πολλοὶΨΙΙΙΙῖΞ

244 900 290 942 δὲ
311 901 681 957 ἐκακουχήθησαν,
713 903 770 950 εἷς
800 903 995 958 ἐκτομίας
1025 906 1315 948 καταπολαύει.
1376 911 1502 949 ταῦτα
1527 908 1643 961 παρά
1664 912 1798 950 του12

184 972 227 1008 10
242 974 305 1022 τῷ
341 972 720 1025 παρακοιμωμένῳ
757 973 1088 1026 καταγγελθέντα
1120 973 1229 1027 πρὸς
1259 975 1484 1030 ἐπιβουλὴν
1514 979 1588 1016 τοῦ
1618 977 1736 1030 βασι-

242 1038 350 1084 λέως
381 1038 508 1081 αὐτὸν
547 1040 817 1095 ἀνηρέθισαν·
862 1041 936 1082 καί
963 1057 997 1082 τι
1029 1042 1277 1096 δηλητήριον
1307 1043 1595 1098 κερασάμενος
1625 1044 1736 1098 φάρ-
1752 1049 1797 1084 13

241 1121 394 1160 μακον,
426 1108 478 1149 οὗ
508 1108 759 1163 δραστήριον
780 1106 871 1150 οὐδ’
896 1109 1139 1164 ὠκύμορον,
1171 1110 1386 1165 ἀβληχρὸν
1417 1111 1463 1153 δὲ
1492 1111 1563 1153 καὶ
1594 1112 1737 1166 χρόνῳ

242 1174 313 1216 τὸν
342 1175 571 1218 πεπωκότα
603 1177 976 1231 κατεργαζόμενον,
1008 1178 1079 1219 καὶ
1111 1179 1310 1220 ὖπελῦὼν
1342 1180 1498 1234 δώροις
1527 1179 1598 1222 τὸν
1626 1181 1736 1222 οἰνο-

241 1243 402 1297 χοεύειν
444 1244 627 1286 εἰωθότα
666 1250 729 1299 τῷ
764 1246 933 1299 βασιλεῖ,
979 1246 1094 1301 ἐγχεῖ
1124 1251 1246 1289 τοῦτο
1284 1252 1358 1289 τοῦ
1396 1252 1650 1302 κρατοῦντος
1687 1253 1738 1303 τῇ

181 1317 226 1352 15
240 1311 390 1365 κύλικι,
435 1313 459 1354 ὃ
489 1313 626 1354 ποθὲν
655 1313 762 1355 κατὰ
792 1313 931 1368 βραχὺ
962 1314 1036 1368 τὴν
1065 1319 1139 1356 τοῦ
1169 1315 1336 1361 πιόντος
1372 1316 1524 1358 ἐσίνετο
1562 1317 1738 1371 δύναμιν

240 1379 311 1421 καὶ
343 1380 555 1435 διέφθειρε
585 1380 660 1436 τὴν
690 1383 773 1430 ἕξιν
802 1386 876 1424 τοῦ
908 1383 1118 1437 σώματος,
1150 1384 1235 1430 ἕως
1265 1385 1469 1439 συνήλασε
1495 1385 1566 1426 καὶ
1587 1386 1643 1432 εἰς
1663 1385 1735 1427 τὸν

237 1448 376 1503 μόρον
403 1448 476 1491 τὸν
506 1450 808 1504 αὐτοκράτορα.
871 1451 1008 1497 οὕτως
1039 1450 1115 1493 οὖν
1144 1455 1230 1493 τῶν
1253 1452 1351 1507 τῇδε
1370 1453 1574 1506 μεταστὰς
1594 1453 1619 1495 ὁ
1643 1452 1732 1502 Τζι-
1748 1458 1793 1493 14

237 1516 607 1573 μισκὴςἸωάννης
627 1519 858 1561 καταλείπει
889 1519 964 1574 τὴν
992 1520 1202 1575 βασιλείαν
1232 1525 1316 1567 τοῖς
1346 1521 1626 1576 κληρονόμοις
1657 1522 1732 1563 αὖ·
1749 1526 1779 1563 C

236 1645 260 1682 9
285 1646 424 1693 τελευτὴ
445 1646 613 1683 Ἰωάννου
639 1653 700 1684 τοῦ
730 1649 904 1695 Τζιμισκῆ
929 1649 972 1694 (τ.
997 1651 1045 1690 τζ.
1072 1650 1192 1686 ἰωανν.
1219 1650 1264 1696 Ε)
1291 1649 1392 1687 ACE

311 1775 326 1810 1
353 1775 429 1811 ’Λνά
455 1775 578 1822 αρζαν]
607 1787 643 1812 ν.
671 1777 723 1812 ad
749 1777 841 1813 XIV
867 1778 900 1822 5,
926 1778 973 1813 28
1005 1782 1045 1814 et
1077 1778 1164 1814 cod.
1191 1778 1308 1815 Coisl.
1337 1778 1451 1815 Cedr.
1479 1778 1668 1824 (Scylitz.)
1695 1779 1732 1814 11

309 1833 345 1868 p.
369 1823 412 1858 41
441 1824 524 1868 ,18
679 1825 877 1861 πονὸανόὀν
904 1825 946 1870 Ε,
970 1826 1142 1861 ποτανδὸν
1168 1826 1204 1861 D
1360 1827 1383 1862 4
1407 1827 1583 1872 βασιλείου
1609 1827 1674 1861 εἶσὶ
1700 1827 1732 1862 Ο

308 1871 332 1906 5
358 1850 450 1917 post,
474 1876 586 1917 φωκᾶ
611 1872 703 1908 add.
730 1873 939 1918 δωρηθέντα
964 1873 1061 1918 αὐτῶ
1088 1873 1120 1910 Ο
1253 1874 1347 1910 5-7
1373 1875 1584 1918 δομεστίκου
1611 1874 1733 1919 τυγχά-

307 1920 685 1965 νοντος-δωρηθέντα
710 1920 805 1966 αὐτῷ
810 1887 901 1956 rIJAI·
904 1931 978 1966 wp,
1004 1921 1064 1956 καὶ
1088 1920 1172 1966 παρ’
1198 1922 1328 1966 ἑτέρων
1353 1922 1424 1956 ἔνια
1451 1921 1483 1957 Ο
1585 1922 1606 1957 7
1632 1923 1668 1957 οἱ
1691 1921 1731 1964 C,

306 1966 340 2000 sl
363 1976 465 2002 corr.
493 1965 554 2004 Cw
675 1968 699 2003 8
725 1971 815 2014 post
837 1968 960 2003 πολλοὶ
985 1969 1098 2014 prius
1124 1969 1216 2004 add.
1242 1969 1307 2014 μὲν
1334 1968 1492 2015 prDi
1610 1970 1733 2004 πολλοὶ

308 2012 388 2058 ΛΕ,
413 2014 554 2053 πλείους
578 2014 675 2061 pr
770 2015 793 2051 9
818 2014 851 2050 δ’
869 2015 968 2062 pr
1068 2017 1113 2051 10
1137 2017 1305 2062 λεχθέντα
1324 2016 1359 2051 D
1460 2016 1504 2052 12
1528 2017 1732 2062 ὠκὺμωρον

306 2060 347 2105 C,
374 2072 477 2098 corr.
503 2061 565 2100 Cw
663 2062 708 2099 13
732 2064 942 2121 πεπτωκότα
968 2062 1047 2108 CD,
1079 2075 1181 2100 corr.
1209 2063 1269 2101 Cw
1379 2078 1518 2109 κατεργ.
1545 2064 1603 2099 τὸν
1625 2078 1732 2099 πεπο-

305 2110 392 2145 κότα
418 2109 514 2156 Ewp
676 2110 720 2146 15
747 2110 809 2156 τὴν
836 2121 910 2146 om.
937 2110 967 2147 C
1125 2113 1264 2151 πίοντος
1290 2111 1337 2157 p*
1501 2112 1544 2146 16
1569 2111 1627 2147 τὸν
1654 2123 1731 2147 om.

304 2155 403 2203 pr
503 2156 547 2192 17
572 2157 672 2197 οὗτος
699 2158 794 2204 Ewp
890 2158 1145 2204 μεθιστάμενος
1168 2158 1200 2195 O
1306 2160 1487 2205 τζιμισκῆς
1514 2157 1731 2206 CBSwpDi,

305 2205 499 2251 τζυμισκῆς
524 2204 560 2240 D
660 2205 706 2241 18
729 2205 845 2246 αὐτοῖς
871 2205 907 2241 D

232 2335 392 2368 sax-etur
417 2343 544 2379 prope
569 2331 826 2369 Anabarzam
853 2338 893 2370 et
918 2333 1157 2370 Podandum
1183 2337 1307 2379 atque
1333 2337 1374 2369 et
1398 2335 1459 2369 his
1489 2334 1587 2370 locis
1619 2338 1658 2370 et
1689 2335 1730 2370 in

232 2380 321 2415 aliis
353 2381 573 2426 provinciis
603 2381 738 2416 multis
773 2381 941 2427 praedia
974 2382 1299 2427 frequentissima
1331 2391 1380 2416 ac
1406 2382 1650 2417 fertilissima
1675 2383 1731 2418 vi—

233 2427 357 2471 deret,
385 2428 558 2475 rogavit,
593 2429 708 2464 cuius
734 2433 879 2464 essent.
929 2428 1026 2465 Cum
1054 2433 1188 2464 autem
1217 2428 1349 2464 Basilii
1378 2429 1595 2475 praepositi
1623 2430 1730 2465 cubi·
1747 2428 1786 2463 11

233 2475 309 2511 culi
331 2485 419 2511 esse
437 2477 708 2522 cognovisset,
736 2477 880 2522 partim
900 2487 924 2511 a
943 2487 1040 2523 rege
1059 2476 1285 2522 Nicephoro
1306 2476 1450 2520 phoca,
1480 2478 1623 2522 partim
1643 2487 1667 2512 a
1686 2487 1730 2513 so

232 2532 399 2558 munere
425 2523 650 2559 scholarum
679 2523 885 2559 domestici
915 2526 1064 2567 functo,
1103 2525 1247 2569 partim
1282 2524 1333 2558 ab
1365 2524 1452 2559 aliis
1477 2524 1636 2559 adiecta
1663 2525 1730 2559 im·

233 2570 343 2615 perio
383 2570 520 2616 illique
559 2571 711 2606 donata
752 2582 851 2615 esso,
890 2572 1029 2607 dolore
1062 2576 1266 2617 pei-motus
1299 2572 1481 2616 iniquum
1516 2582 1603 2606 esse
1628 2571 1730 2607 dixit

231 2617 401 2663 publicis
429 2619 751 2664 possessionibus
769 2599 984 2655 multorum
1005 2619 1294 2665 praestantium
1315 2619 1492 2654 virorum
1513 2619 1729 2654 sudoribus

231 2669 270 2699 ot
296 2666 496 2710 sangnine
524 2667 650 2711 partis
675 2676 800 2701 unum
827 2667 1047 2712 spadonem
1076 2667 1240 2712 pertrui.
1291 2665 1349 2701 Ea
1370 2666 1497 2702 verba
1517 2677 1588 2712 per
1607 2666 1789 2712 quen-12

231 2711 323 2747 dam
343 2713 528 2749 nuntiata
548 2713 738 2749 Basilium
761 2714 812 2749 ad
840 2714 1134 2760 comparandas
1161 2714 1246 2759 regi
1275 2714 1441 2749 insidias
1464 2714 1729 2759 impulerunt3

231 2770 279 2794 ac
310 2770 469 2796 xeneno
497 2765 731 2807 temperato,
759 2772 839 2797 non
867 2761 932 2796 illo
960 2761 1119 2807 quidem
1145 2761 1295 2796 efficaci
1315 2765 1354 2797 et
1373 2762 1504 2804 celeri,
1531 2761 1600 2796 sed
1621 2741 1729 2797 Ιοιιῐό
1746 2761 1789 2796 13

231 2811 271 2842 et
295 2807 470 2851 tabifico,
496 2808 780 2854 largitionibus
807 2810 1039 2855 pinmrnmn
1067 2809 1223 2855 regium
1251 2819 1321 2844 eol
1324 2809 1444 2854 rupit
1480 2813 1524 2845 ut
1549 2808 1588 2844 id
1614 2809 1727 2844 calici

231 2854 755 2900 imperatorisinmnderet3
784 2867 864 2902 quo
887 2857 951 2891 ille
979 2836 1136 2892 haut-no¹⁵
1149 2856 1355 2902 paullatim
1385 2856 1620 2892 habitudine
1646 2866 1728 2892 cor·

232 2902 340 2947 poris
369 2903 759 2948 prostrata-tandem
786 2905 946 2940 interiit.
998 2904 1058 2940 Ita
1076 2903 1293 2940 Tzimisces
1312 2903 1485 2940 loannes
1512 2903 1728 2940 defunctus
1744 2903 1787 2941 14
