2054 3282
37 1246 83 1282 W
95 1246 152 1281 ΙΙΙ
165 1247 232 1281 150

2031 117 2039 141 i

318 228 388 268 466
712 230 893 270 zoNAR.
921 231 1050 269 EPIT.
1076 230 1169 269 XVI
1196 231 1250 278 ιτ,
1279 233 1430 271 11—25.
2027 194 2041 304 ,ξ

261 357 302 391 11
432 353 485 395 Ὁ
517 354 561 395 δὲ
582 354 832 408 Βούλγαρος
851 353 1038 408 Συμεὼν
1068 358 1117 409 τῇ
1148 354 1240 409 νίκῃ
1273 355 1530 409 ἐξογκωθεὶς
1561 356 1674 412 ἐπῄει
1705 356 1811 399 κατὰ

261 426 304 460 12
317 426 389 476 τῆς
419 422 719 476 βασιλευούσης
749 426 834 463 τῶν
864 421 1041 463 πόλεων.
1104 423 1363 478 ἀντικατέστη
1404 424 1449 466 δὲ
1489 425 1606 479 αὐτῷ
1634 425 1756 466 πάλιν
1787 425 1812 466 ὅ

317 492 402 530 τῶν
434 490 600 544 σχολῶν
632 490 876 543 δομέστικος
908 490 932 530 ὁ
969 490 1145 537 Φωκᾶς·
1185 491 1255 532 καὶ
1285 492 1426 547 μάχης
1457 493 1813 548 συγκροτηῦείσης

320 558 364 598 ἐν
394 557 684 611 Κατασύρταις
716 559 756 599 οἳ
785 558 996 613 βάρβαροι
1027 560 1210 613 ἥττηντο.

261 631 304 665 13
437 625 621 667 Πολλῶν
653 625 698 666 δὲ
728 626 800 667 καὶ
830 626 991 667 τούτων
1020 631 1267 682 περιφανῶν
1298 629 1434 683 ἔρωτα
1466 628 1707 684 τρεφόντων
1741 633 1849 684 τῆς5

317 694 537 747 βασιλείας,
584 694 744 748 μᾶλλον
789 698 874 736 τῶν
917 695 1056 737 ἄλλων
1099 695 1194 749 περὶ
1237 696 1307 737 τὸν
1349 697 1500 751 ταύτης
1543 698 1814 752 ἐφλέγμαινεν

318 765 453 816 ἔρωτα
488 763 511 803 ὁ
543 766 627 804 τῶν
659 763 823 817 σχολῶν
856 763 1100 817 δομέστικος
1132 764 1155 804 ὁ
1179 764 1349 818 Φωκᾶς,
1382 765 1603 810 πεποιθὼς
1633 765 1711 819 μὲν
1742 765 1813 806 καὶ

274 831 455 884 Οέαυτῷ
487 830 553 872 διὰ
585 831 631 872 τὸ
664 833 783 886 γένος
813 832 884 873 καὶ
911 831 977 873 διὰ
999 832 1072 887 τὴν
1095 833 1226 887 ἰσχύν,
1259 834 1338 887 οὐχ
1359 835 1503 888 ἥκιστα
1528 833 1573 875 δὲ
1593 838 1655 887 τῷ
1674 849 1811 887 παρα-

317 901 577 954 κοιμωμένῳ
602 900 905 954 Κωνσταντίνῳ
926 906 987 954 τῷ
1014 902 1197 955 ἐκτομίᾳ,
1230 901 1278 942 τὰ
1309 903 1442 943 πάντα
1473 901 1562 942 τότε
1592 901 1708 956 παρὰ
1729 906 1862 948 τοῖςῙ)
1881 906 1933 943 IV
1947 907 1993 942 56
2031 904 2035 925 ³

317 968 564 1023 ἀνακτόροις
608 969 799 1023 ἰσχύοντι,
846 968 897 1010 οὗ
941 970 1004 1010 ἐπ’
1038 970 1201 1025 ἀδελφῇ
1239 969 1442 1024 κηδεστὴς
1479 970 1698 1024 ἐτύγχανεν
1735 971 1812 1012 ῶν.
1831 977 1877 1012 10

260 1041 303 1075 14
316 1040 442 1077 ταῦτα
473 1037 611 1078 τοίνυν
643 1038 759 1091 ὁρῶν
790 1038 814 1078 ὁ
845 1042 918 1079 τοῦ
950 1039 1155 1092 βασιλέως
1188 1038 1506 1080 Κωνσταντίνου
1542 1038 1814 1093 παιδαγωγὸς

316 1104 387 1146 καὶ
420 1099 558 1151 δείσας
588 1106 681 1160 περὶ
713 1107 840 1160 αὐτῷ,
876 1107 1009 1148 πείθει
1040 1111 1187 1147 τοῦτον
1217 1107 1288 1148 τὸν
1318 1111 1392 1148 τοῦ
1424 1107 1572 1148 στόλου
1606 1107 1812 1161 δρουγγά-

317 1189 407 1227 ριον
437 1173 508 1214 τὸν
540 1174 759 1228 εἰρημένον
785 1175 1005 1229 Ἱ)ωμανὸν
1038 1176 1336 1217 οἰκειώσασθαι
1368 1176 1438 1216 καὶ
1470 1175 1640 1230 φύλακα
1680 1191 1811 1230 προσ-

259 1246 302 1281 15
316 1241 530 1296 λαβέσθαι.
593 1243 827 1297 ἐγχαράττει
863 1244 1000 1284 τοίνυν
1039 1244 1198 1299 βιβλίον
1230 1244 1253 1284 ὁ
1284 1244 1475 1299 βασιλεὺς
1517 1243 1813 1299 οἷκειόγραιρον

259 1315 302 1350 16
316 1310 387 1351 καὶ
424 1310 572 1351 στέλλει
609 1316 670 1364 τῷ
710 1312 988 1366 δρουγγαρίῳ.
1051 1312 1075 1352 ὁ
1108 1311 1153 1353 δὲ
1189 1316 1310 1353 τοῦτο
1349 1312 1576 1367 δεξάμενος
1613 1313 1812 1367 ὑπέσχετο
1827 1316 1872 1352 15

261 1384 302 1419 17
316 1379 389 1433 τὴν
419 1383 493 1420 τοῦ
518 1381 909 1434 παρακοιμιυμένου
934 1381 1189 1434 δυναστείαν,
1221 1381 1258 1421 εἰ
1277 1381 1366 1422 οἶόν
1386 1397 1440 1433 τε,
1473 1381 1677 1422 καθελεῖν.
1739 1381 1814 1422 καί

315 1463 415 1488 ποτε
445 1451 518 1489 τοῦ
550 1450 953 1503 παρακοιμωμένου,
988 1449 1092 1490 ἔνθα
1125 1449 1149 1490 ὁ
1177 1449 1323 1494 στόλος
1344 1449 1544 1504 ὥρμιστο,
1576 1465 1810 1504 παραγενο-

268 1516 447 1570 Βμένου
478 1515 549 1557 καὶ
581 1517 901 1571 ἐπισπέρχοντος
933 1518 1152 1558 ἐκπλεῦσαι
1185 1517 1324 1572 αὐτόν,
1357 1518 1381 1558 ὁ
1406 1519 1683 1572 δρουγγάριος
1711 1518 1810 1560 δου-

321 1670 360 1704 11
397 1671 493 1709 ὅπως
525 1671 546 1704 ὁ
571 1671 786 1717 Λακαπηνός
819 1671 914 1716 παρὰ
946 1677 1006 1707 τοῦ
1037 1672 1210 1718 βασιλέως
1237 1673 1503 1707 Κωνσταντίνου
1529 1673 1576 1711 εἷς
1607 1672 1813 1716 ἐπικουρίαν

317 1719 551 1764 προσελήφθη
582 1719 610 1753 Ε
727 1720 770 1754 16
796 1721 893 1758 ὅπως
919 1720 939 1754 ὁ
964 1721 1284 1765 παρακοιμώ,ιιειός
1310 1721 1507 1765 κατεσχέθη
1532 1720 1626 1764 παρὰ
1653 1725 1712 1755 τοῦ
1738 1721 1812 1755 Λα-

319 1771 479 1811 καπηνοῦ
509 1766 537 1801 Ε

392 1898 410 1932 1
437 1897 543 1932 ἐποίει
568 1898 614 1942 D,
643 1909 743 1933 corr.
772 1899 839 1937 Dw
953 1899 974 1933 Ξ).
1000 1898 1106 1934 αὐτοῦ
1133 1898 1179 1942 D,
1207 1910 1307 1934 corr.
1335 1898 1403 1936 Dw
1520 1898 1543 1933 4
1567 1899 1754 1944 βούλγαροι
1781 1899 1812 1933 Β

390 1946 412 1979 ἶ)
438 1945 497 1980 τὸν
513 1947 707 1991 περίῳανον
727 1946 772 1991 D,
798 1947 857 1982 καὶ
875 1946 1006 1981 τούτων
1021 1952 1229 1992 περιφανῶν
1248 1957 1349 1981 corr.
1366 1947 1434 1984 Dw
1523 1947 1545 1981 6
1571 1947 1628 1981 τὸν
1644 1946 1812 1992 prDi,

390 1998 461 2028 τῶν
486 1993 532 2037 Α,
561 1994 616 2028 τὸν
642 2004 692 2028 ex
721 1999 790 2028 τῶν
816 2005 916 2029 corr.
944 1994 972 2029 C
1069 1995 1300 2039 ε’ῳλέγμαινον
1320 1994 1367 2039 D,
1395 2005 1496 2029 corr.
1514 1993 1581 2032 Dw
1672 1994 1692 2029 7
1719 1998 1812 2030 ante

390 2042 410 2075 ὁ
429 2042 539 2086 prius
558 2042 649 2076 add.
669 2042 757 2076 λέων
772 2041 868 2087 pr
965 2042 1026 2077 καὶ
1045 2053 1119 2077 om.
1139 2042 1234 2087 Ewp
1333 2042 1354 2076 9
1372 2042 1536 2086 ἕκτομιάν
1556 2042 1602 2086 D,
1624 2052 1726 2078 eorr.
1745 2042 1813 2080 Dw

393 2089 432 2122 11
462 2088 589 2134 τοίνυν]
618 2089 681 2124 οὖν
704 2089 739 2123 D
839 2090 883 2124 12
907 2089 1015 2124 αὐτοῦ
1031 2090 1132 2135 pr
1230 2095 1350 2124 τοῦτον
1377 2101 1451 2124 om.
1468 2089 1503 2123 D
1602 2090 1645 2125 17
1670 2104 1813 2135 παραγι-

391 2137 539 2181 νομένου
560 2136 589 2170 Β
666 2138 709 2172 18
725 2136 947 2182 ἐπιῘσπέρχον
962 2138 1003 2182 Ε,
1025 2138 1273 2182 ἐπισπέρχονος
1292 2137 1376 2182 Wssp
1451 2137 1698 2181 δουλικότερον
1719 2138 1812 2183 Εννρ

262 2284 304 2318 11
439 2284 492 2321 At
518 2286 721 2331 Bulgarus
748 2285 923 2332 Symeon
955 2287 1126 2322 victoria
1158 2287 1286 2321 elatus
1321 2286 1474 2332 regiam
1501 2287 1642 2321 urbem
1670 2296 1813 2331 agg-re-

264 2333 308 2366 12
322 2333 440 2378 ditur,
480 2335 544 2368 eui
582 2334 725 2369 iterum
765 2334 990 2369 scholarum
1030 2335 1273 2369 domesticus
1304 2334 1459 2368 Phoeas
1491 2340 1549 2369 est
1586 2335 1812 2379 oppositum

322 2382 614 2426 commissaque
641 2382 681 2416 in
708 2381 927 2427 Catasyrtis
956 2392 1106 2427 pugna,
1132 2382 1295 2416 barbari
1323 2382 1635 2417 succubuerunt.

263 2429 308 2462 13
441 2429 538 2464 Cum
566 2432 699 2464 autem
727 2430 839 2464 multi
866 2430 974 2474 iique
1001 2431 1074 2464 viri
1102 2429 1275 2464 illustres
1301 2430 1418 2474 regni
1444 2439 1620 2463 amorem
1648 2429 1812 2473 alerent,

322 2487 439 2511 nemo
466 2480 600 2511 tamen
629 2487 676 2512 eo
703 2478 833 2522 magis
860 2478 1072 2522 flagrabat,
1100 2487 1219 2522 quam
1238 2477 1404 2520 Phocas,
1431 2477 1656 2511 scholarum
1682 2476 1813 2511 dome-

322 2525 455 2568 sticus,
483 2534 573 2559 eum
600 2535 642 2560 se
669 2525 755 2570 ipso
783 2526 910 2560 fretus
938 2525 988 2559 ob
1015 2535 1145 2569 genus
1172 2530 1210 2560 et
1237 2525 1468 2569 potentiam,
1495 2527 1577 2558 tum
1598 2534 1695 2558 vero
1715 2523 1813 2559 Con-

321 2573 498 2607 stantino
532 2572 718 2607 eunucho
753 2573 1012 2616 cubiculario,
1052 2573 1119 2617 qui
1153 2573 1192 2606 in
1224 2572 1339 2617 regia
1373 2575 1455 2606 tum
1485 2575 1642 2617 poterat
1668 2572 1812 2616 onmia,

263 2618 307 2652 14
323 2620 437 2654 euius
476 2630 653 2654 sororem
693 2620 733 2654 in
771 2620 1025 2655 matrimonio
1067 2619 1252 2654 habebat.
1303 2619 1415 2660 Quae
1451 2629 1541 2653 eum
1573 2619 1682 2663 rogis
1714 2618 1812 2654 Con-

322 2667 486 2702 stantini
512 2667 781 2712 paedagogus
808 2670 991 2702 cerneret
1008 2667 1144 2712 illique
1163 2667 1330 2710 timeret,
1358 2666 1584 2711 persuadet,
1612 2669 1656 2701 ut
1676 2666 1812 2701 classis

263 2713 308 2748 15
323 2714 589 2760 (lrungarium
609 2714 833 2750 Romanum
852 2715 926 2750 sibi
946 2714 1150 2750 devinciat
1167 2718 1206 2749 et
1232 2714 1438 2749 custodem
1466 2714 1673 2758 adiungat.
1725 2713 1810 2749 Rex

265 2762 308 2795 1ss
322 2763 447 2806 igitur
480 2763 633 2797 litteras
669 2773 743 2797 sua.
775 2773 897 2797 manu
931 2763 1100 2807 scriptas
1134 2761 1355 2807 (ln-ungarie
1395 2762 1523 2805 mittit,
1563 2762 1709 2806 quibus
1747 2761 1812 2795 ille

324 2811 499 2854 acceptis
518 2810 728 2855 pollicetur
746 2820 799 2853 se,
823 2811 855 2844 si
876 2810 1011 2855 possit,
1040 2809 1214 2844 cubiculi
1233 2810 1426 2854 praefecti
1447 2812 1682 2853 potestatem
1702 2818 1812 2843 ever-

265 2856 308 2891 17
324 2866 473 2892 surum.
524 2857 599 2898 Qui
628 2858 857 2902 praefectus
887 2867 976 2892 eum
1004 2856 1221 2902 aliquando
1248 2856 1300 2890 ad
1327 2856 1463 2890 classis
1489 2857 1700 2891 stationem
1727 2866 1812 2901 per-

324 2905 499 2939 venisset
525 2908 563 2940 et
590 2915 715 2940 naves
742 2906 781 2940 in
809 2905 933 2940 altum
959 2905 1127 2951 provehi
1152 2904 1322 2949 iuberet,
1355 2904 1600 2950 drungarius
1627 2903 1813 2939 servilem
