2054 3282
457 234 650 280 AME'RIS
679 231 750 278 m:
775 231 875 278 SVA
899 231 1075 278 cmm:
1099 228 1448 282 PRAESAGIVM.
1628 229 1698 275 392³

202 364 333 419 λέμου
364 365 513 407 τούτου
545 364 570 406 ὁ
592 363 724 418 ’Ἀμερ
761 365 848 405 τῶν
883 361 1166 417 αἰχμαλώτων
1194 361 1410 403 πυθέσθαι
1440 359 1549 406 τινὸς
1579 359 1700 406 ὅπως
1713 363 1744 398 Β

202 433 227 474 ὁ
256 432 386 479 τόπος
423 433 468 474 ἔν
505 431 544 487 ᾧ
575 433 681 474 ἐστιν
719 433 819 487 ἡμῖν
849 431 874 485 ἡ
907 429 1154 485 παρεμβολὴ
1199 429 1367 471 καλοῖτο
1409 427 1481 471 καὶ
1525 428 1645 474 ὅπως
1675 428 1700 470 ὁ

201 501 460 555 παραρρέων
490 501 646 555 λέγεται
675 499 867 553 ποταμὸς
897 499 968 540 καὶ
998 498 1107 544 τίνος
1127 499 1153 553 ἡ
1176 497 1251 552 ὅλη
1281 497 1415 551 ἐκείνη
1438 497 1562 551 χώρα
1584 497 1700 551 ἔτυχε

201 570 405 624 κλήσεως.
467 569 530 615 ὡς
569 568 614 610 δὲ
652 567 726 622 τὴν
766 567 844 621 μὲν
887 567 1035 622 χώραν
1074 565 1346 608 Λαλακάωνα
1390 564 1501 607 εἶπεν
1543 565 1701 611 ἐκεῖνος
1713 570 1760 605 26

165 638 446 693 ὅκεκλῆσθαι,
490 637 727 678 Πτώσαντα
767 635 813 678 δὲ
852 635 924 677 τὸν
964 634 1092 676 τόπον
1128 638 1202 676 τοῦ
1233 634 1423 688 χάρακος
1453 633 1524 675 καὶ
1555 632 1599 674 Γ
1593 633 1701 688 ύρην

200 705 273 748 τὸν
308 706 513 760 ποταμόν,
558 705 716 750 ἐκεῖνος
754 704 802 745 ἐκ
839 706 925 745 τῶν
956 703 1180 757 ὀνομάτων
1210 702 1371 744 τούτων
1402 702 1702 757 οἰωνισάμενος

201 774 283 829 ἔφη
314 773 388 821 τὰς
417 774 581 828 κλήσεις
611 772 763 819 ταύτας
794 773 874 814 οὐκ
905 773 1039 814 αἴσιον
1070 771 1187 825 αὐτῷ
1214 770 1261 812 τὸ
1282 774 1356 812 τοῦ
1376 770 1565 825 πολέμου
1585 770 1702 817 τέλος

200 842 485 897 παραδηλοῦν.
546 841 651 883 λαοῦ
688 840 767 895 μὲν
806 840 886 895 γὰρ
923 840 1112 882 κάκωσιν
1143 839 1278 881 ἐκάλει
1309 838 1381 880 τὸν
1412 839 1758 893 Λαλακάωνα,27

200 914 357 953 πτῶσιν
389 911 434 953 δὲ
465 910 678 965 σημαίνειν
708 908 780 951 τὸν
802 908 1052 960 ΙῙτώσαντα,
1085 907 1333 962 γυρωθῆναι
1366 907 1411 949 δὲ
1435 907 1596 962 μέλλειν
1616 906 1700 949 ὑπὸ

143 989 189 1024 10
200 983 286 1022 τῶν
316 979 513 1021 ἐναντίων
544 977 696 1024 αὐτοὺς
727 978 775 1019 ἐκ
806 981 878 1032 τῆς
908 981 983 1018 τοῦ
1013 980 1208 1030 ποταμοῦ
1230 976 1420 1031 κλήσεως
1442 976 1699 1030 ἐμαντεύετο.

200 1047 250 1089 τὰ
279 1047 358 1102 μὲν
389 1046 466 1090 οὗν
495 1051 567 1102 τῆς
597 1047 715 1102 νίκης
745 1046 883 1092 οὕτως
913 1044 1025 1100 εἶχον
1045 1050 1107 1099 τῷ
1130 1043 1357 1099 Πετρωνᾷ·
1390 1045 1414 1086 ὁ
1437 1044 1482 1086 δὲ
1503 1060 1699 1099 τροπαιο-
1712 1051 1759 1086 28

201 1116 338 1171 φόρος
381 1116 588 1171 ἐπανῆκεν
630 1115 688 1162 εἷς
725 1114 772 1155 τὸ
809 1114 1041 1163 Βυζάντιον
1079 1112 1150 1154 καὶ
1187 1113 1402 1167 ὑπεδέχθη
1439 1112 1543 1167 μετὰ
1580 1117 1700 1168 τιμῆς

201 1183 272 1226 καὶ
303 1188 389 1226 τῶν
420 1184 586 1238 σχολῶν
614 1183 863 1238 προεβλήθη
897 1182 1152 1236 ὃομέστικος.
1214 1181 1296 1236 ἤδη
1326 1180 1406 1235 γὰρ
1428 1181 1452 1222 ὁ
1474 1181 1699 1235 μάγιστρος
1711 1188 1758 1225 29
1785 1188 1814 1226 C

203 1252 412 1307 Μανουὴλ
433 1253 611 1307 ἀπεβίω.
671 1250 774 1306 μετὰ
796 1249 935 1306 βραχὺ
958 1249 1003 1292 δὲ
1024 1249 1095 1292 καὶ
1117 1249 1243 1296 αὐτὸς
1274 1250 1436 1291 ἀπέτισε
1466 1249 1513 1291 τὸ
1544 1250 1698 1304 χρεών.

143 1329 189 1365 15
329 1321 515 1367 Τούτους
547 1320 592 1363 δὲ
621 1321 780 1366 πάντας
800 1320 824 1361 ὁ
846 1319 1023 1373 Βάρὸας
1054 1318 1383 1372 ἀποσεισάμενος
1413 1317 1487 1372 τὴν
1516 1318 1595 1372 μὲν
1615 1321 1741 1363 τῶν4

201 1390 463 1444 πραγμάτων
495 1389 708 1444 διοίκησιν,
741 1388 804 1435 ὡς
836 1387 1049 1443 ἠβούλετο,
1084 1387 1293 1429 διετίθετο.
1357 1387 1381 1428 ὁ
1413 1386 1493 1440 γὰρ
1525 1386 1736 1442 Μιχαὴλ2

202 1457 376 1505 οὐδενὸς
397 1458 681 1512 ἐπεστρέφετο,
712 1457 859 1511 μόνοις
882 1456 927 1498 δὲ
957 1455 1151 1511 θεάτροις
1182 1455 1253 1497 καὶ
1284 1455 1548 1511 ἱππηλασίαις
1579 1455 1699 1510 ἐσχό-

200 1599 224 1636 4
248 1600 443 1645 σημείωσαι
470 1598 504 1635 Α
605 1599 647 1634 11
673 1599 724 1634 ὅτι
751 1603 812 1635 τοῦ
837 1596 1013 1644 Μανουὴλ
1038 1598 1219 1640 θανόντος,
1245 1598 1266 1633 ὅ
1281 1598 1474 1643 Πετρωνᾶς
1490 1597 1699 1644 προεβλήθη

201 1648 407 1693 δομέστικος
432 1651 502 1683 τῶν
527 1647 666 1692 σχολῶν
692 1646 755 1683 CE
872 1646 915 1682 16
940 1647 990 1681 ὅτι
1017 1646 1148 1692 ἡνιόχει
1174 1647 1195 1681 ὁ
1218 1645 1382 1692 βασιλεὺς
1409 1645 1556 1692 Μιχαὴλ
1582 1646 1642 1681 καὶ
1667 1647 1705 1682 οἱ

201 1695 369 1742 ἄρχοντες
394 1695 501 1731 αὐτοῦ
528 1694 558 1731 C

275 1827 293 1862 1
319 1831 397 1866 πῶς
415 1825 512 1873 pr
609 1826 632 1862 2
656 1825 747 1862 ἔστιν
765 1825 848 1872 ἡμῖν
865 1823 1016 1871 AEDw,
1044 1836 1118 1862 om.
1139 1825 1236 1872 pr
1334 1826 1517 1872 παραβολη
1539 1828 1583 1869 (s.
1602 1827 1700 1869 acc.)

277 1875 307 1910 Ε
403 1875 427 1910 3
451 1875 548 1920 ὀλίγη
569 1874 616 1919 D,
642 1875 703 1920 ὅλη
724 1885 824 1910 corr.
844 1875 911 1912 Dw
1007 1874 1110 1919 χώρα
1131 1874 1248 1919 ἐκείνη
1269 1873 1332 1910 BC
1427 1874 1531 1919 χώρα
1558 1885 1633 1909 om.
1653 1873 1700 1918 D,

274 1922 403 1969 suppl,
432 1921 499 1960 Dw
626 1924 648 1957 4
676 1922 913 1958 Δαλακαίωνα
939 1921 1054 1958 Cedr.
1082 1921 1272 1968 (Scylitz.)
1300 1921 1338 1956 II
1366 1933 1401 1967 p.
1434 1923 1510 1966 164,
1538 1923 1559 1957 6
1586 1922 1700 1966 (λαλά-

274 1985 375 2006 κωνα
401 1970 488 2005 cod.
517 1969 560 2011 C)
669 1971 692 2005 6
717 1970 852 2005 ἐκείνου
880 1969 926 2013 Ι),
954 1980 1056 2005 corr.
1083 1969 1151 2007 Dw
1256 1970 1496 2014 οἷκεισάμενος
1523 1969 1570 2014 D,
1598 1980 1699 2005 corr.

275 2018 342 2056 Dw
441 2018 461 2053 Ἰ
489 2032 519 2053 τι
546 2017 592 2062 D,
619 2017 657 2053 τὸ
683 2028 784 2053 corr.
804 2017 872 2055 Dw
970 2018 993 2053 8
1019 2017 1149 2062 δηλοῦν
1175 2016 1206 2052 Ο
1303 2016 1368 2062 γὰρ
1394 2028 1471 2053 om.
1494 2017 1542 2062 D,
1569 2017 1699 2063 suppl.

274 2065 343 2104 Dw
439 2065 550 2101 ἐλάλει
577 2065 624 2108 D,
651 2075 753 2101 corr.
778 2065 846 2103 Dw
945 2065 984 2100 ll
1014 2064 1089 2110 οὖν]
1115 2065 1182 2100 οὐκ
1211 2064 1258 2111 p*
1355 2064 1427 2110 εἶχε
1452 2064 1488 2099 D
1586 2064 1626 2100 τὰ
1652 2065 1700 2109 D,

273 2119 324 2159 τῷ
352 2123 453 2149 corr.
480 2112 548 2151 Dw
647 2112 692 2148 12
716 2113 804 2159 ἧκεν
829 2112 871 2157 C,
897 2113 1043 2159 διῆλθεν
1070 2113 1133 2148 vel
1159 2113 1318 2158 εἰςῆλθεν
1343 2112 1390 2157 D,
1416 2113 1610 2159 ἐπανῆλθεν
1632 2112 1699 2150 Dw

277 2162 322 2197 14
347 2160 406 2207 τῶί
435 2161 466 2197 Ε
565 2161 609 2197 15
633 2160 698 2206 μὲν
725 2171 800 2196 om.
827 2159 859 2197 Ο
959 2161 1003 2196 16
1027 2160 1190 2206 ἐβούλετο
1217 2159 1261 2206 Ο,
1288 2171 1324 2196 ν.
1351 2160 1483 2196 XVIII
1510 2161 1543 2204 3,
1573 2161 1590 2195 1

204 2293 317 2339 ptivo
357 2293 532 2339 quodam
565 2296 837 2339 percontatus,
878 2292 1080 2338 quomodo
1120 2302 1284 2328 suorum
1325 2295 1547 2329 castrorum
1588 2292 1699 2328 locus

206 2346 424 2377 vocaretur
449 2346 488 2377 et
515 2341 719 2386 quomodo
745 2342 874 2376 amnis
902 2341 1193 2386 praeterfluens
1213 2340 1415 2376 diceretur
1443 2345 1482 2376 et
1501 2350 1607 2385 quae
1626 2341 1698 2375 toti

204 2389 240 2424 ei
261 2389 418 2435 regioni
437 2388 564 2424 indita
584 2394 689 2424 esset
715 2388 945 2434 appellatio,
973 2398 1064 2423 cum
1091 2387 1156 2423 ille
1182 2388 1458 2434 respondisset
1487 2389 1696 2434 regionem
1713 2390 1759 2426 ‘26

204 2435 486 2481 Lalaeaonein,
526 2437 757 2472 Ptosanteni
798 2436 891 2471 valli
924 2437 1067 2479 locum,
1107 2436 1256 2481 Gyrem
1297 2436 1465 2471 fluvium
1492 2435 1698 2481 appellari,

204 2485 337 2519 omine
355 2495 378 2519 e
395 2484 626 2520 nominibus
645 2488 804 2530 sumpto
824 2483 973 2519 dixisse
1000 2484 1295 2529 inauspicatum
1323 2484 1399 2518 sibi
1428 2483 1517 2518 beni
1545 2484 1697 2518 exitum

204 2532 251 2567 iis
290 2532 500 2568 vocabulis
539 2532 736 2578 portendi.
800 2531 899 2567 Nam
939 2530 1208 2566 hamt-nonem
1254 2531 1391 2577 populi
1432 2531 1758 2574 afflictionein,27

204 2578 435 2615 Ptosantem
470 2590 608 2615 casum
636 2579 990 2625 interpretabatur,
1027 2590 1050 2613 e
1077 2579 1188 2613 fluvii
1227 2583 1361 2614 autom
1402 2579 1563 2614 nomine
1604 2588 1699 2614 suos

204 2626 257 2662 ab
285 2626 466 2663 hostibus
504 2628 824 2663 circumventum
863 2627 909 2662 iri
937 2626 1158 2662 divinabat.
1208 2626 1405 2662 Petronas
1447 2627 1616 2661 victoria
1643 2626 1759 2665 ita‘28

205 2678 322 2720 parta
360 2675 478 2710 trium
511 2674 611 2710 hans
650 2674 890 2720 Byzantium
935 2684 1124 2709 reversus
1163 2674 1382 2710 honorifice
1421 2674 1622 2719 excipitur
1660 2678 1699 2709 et

204 2721 431 2758 scholarum
495 2723 710 2758 omestieus
749 2723 999 2768 designatur.
1051 2721 1134 2757 Iam
1174 2722 1279 2757 enim
1318 2722 1511 2768 magister
1538 2721 1759 2760 Manuiil29

205 2770 246 2805 in
273 2770 378 2805 vivis
404 2780 492 2806 esse
518 2770 704 2807 desierat.
755 2769 896 2816 Neque
936 2770 1062 2805 multo
1090 2773 1180 2815 post
1214 2775 1253 2805 et
1280 2770 1366 2816 ipse
1393 2775 1565 2807 naturae
1591 2769 1699 2805 debi-

204 2822 288 2854 tum
315 2818 518 2864 persolvit.

322 2865 357 2902 4.
407 2864 562 2902 Bardas
605 2869 740 2902 autem
787 2865 847 2902 his
886 2865 1073 2902 omnibus
1109 2865 1279 2902 sublatis
1317 2868 1462 2912 suopte
1500 2865 1699 2906 arbitratu

205 2913 511 2952 administrabat
551 2914 696 2951 omnia.
746 2913 888 2962 Neque
921 2914 1027 2951 enim
1053 2912 1221 2950 Michael
1261 2914 1477 2961 quiequam
1516 2914 1735 2962 curabat,2
