1968 3302
497 242 744 282 IVLIANVS
769 239 1053 281 AVGVSTVS.
1102 238 1319 278 LEONAS.
1617 241 1663 277 53

156 368 462 426 προσηκόντως
493 368 721 423 γενομένου
753 367 825 411 καὶ
855 368 913 415 εἷς
942 365 990 409 τὸ
1010 364 1218 421 πρότερον
1239 364 1482 407 ἐπανελθεῖν
1504 368 1660 421 σχῆμα,

158 441 182 483 ὃ
203 437 304 493 παρ’
328 439 458 481 αὐτοῦ
480 439 637 494 εἴληφε.
699 442 762 492 τῷ·
791 437 931 492 μέντοι
962 436 1203 490 κοιαίστωρι
1235 435 1437 489 ἐπέτρεψε
1467 434 1539 477 καὶ
1565 434 1663 482 τοὺς
1678 430 1725 467 22
1750 430 1935 469 W11119

157 509 232 557 τὰς
262 508 397 564 ἀρχὰς
428 509 558 550 ἐκεῖσε
590 507 794 554 ἄνύοντας
823 505 1062 560 παραλῦσαι
1093 509 1165 560 τῆς
1197 504 1388 553 ἔξουσίας
1426 503 1498 546 καὶ
1535 504 1664 547 αὑτὸν

158 578 230 622 τὸν
259 577 530 632 πραιτωρίων
561 578 748 632 ἔπαρχον
779 576 947 630 ἑτέρους
985 591 1027 617 τε
1065 574 1122 621 εἷς
1159 573 1312 620 ταύτας
1350 574 1662 629 ἐγκαταστῆσαι,

122 646 144 682 5
160 650 235 695 οὓς
266 649 422 693 ἐκεῖνος
453 647 510 693 εἷς
541 646 719 701 ἑκάστην
751 645 987 700 ὠνόμασεν.
1051 643 1253 686 ἀπελθὼν
1284 641 1361 685 οὗν
1389 643 1415 684 6
1435 643 1662 698 κοιαίστωρ
1676 639 1723 675 23

158 717 267 772 πρὸς
296 716 369 759 τὸν
394 715 621 759 Ἰουλιανόν
651 714 748 762 τοὺς
779 714 931 765 λόγους
963 714 1081 768 αὐτῷ
1110 716 1184 756 τοῦ
1206 712 1503 755 Κωνσταντίου
1526 713 1661 768 ἅπήγ-
1704 712 1708 716 ’

160 788 300 843 γειλεν.
364 788 405 829 οἳ
435 783 473 828 δ’
496 785 604 840 ἦσαν
636 785 695 826 ὅτι
727 784 840 826 “ἔδει
872 799 917 825 σε
948 782 1193 838 μεμνῆσθαι
1218 781 1334 824 ὅσων
1356 781 1569 837 ὀφειλέτης
1589 798 1663 836 μοι
1676 777 1723 813 24

159 856 205 910 εἴ,
239 857 290 899 οὗ
322 855 456 910 μόνον
487 855 548 897 ὅτι
580 870 624 896 σε
646 854 842 906 Καίσαρα
875 852 1152 908 ἅνηγόρευσα,
1186 848 1273 893 ἄλλ’
1297 851 1358 893 ὅτι
1378 850 1450 893 καὶ
1471 849 1664 905 ὀρφανὸν

159 926 204 968 ἒν
239 925 412 980 παιὸικῇ
451 923 676 978 γενόμενον
713 922 850 977 ἡλικίᾳ
890 920 1208 976 ᾶνεθρεψάμην,
1256 919 1384 967 αὐτὸς
1420 920 1661 975 προσλαβό-

101 992 146 1027 10
158 994 332 1050 μενος.”
392 994 417 1035 6
455 991 492 1035 δ’
525 991 756 1047 ὑπολαβὼν
793 996 856 1046 τῷ
893 991 1135 1044 κοιαίστωρι
1172 990 1254 1044 ἔφη
1286 989 1375 1036 εετίς
1407 989 1455 1031 δέ
1489 1006 1575 1044 μοι,
1624 985 1723 1031 ὧῖὗ

159 1064 348 1119 βέλτιστε,
381 1064 425 1104 ἒν
455 1062 621 1116 τοιαύτῃ
655 1060 791 1116 ἡλικίᾳ
822 1060 897 1115 τὴν
929 1060 1137 1114 ὀρφανίαν
1169 1059 1416 1114 ἒπήνεγκεν;
1454 1061 1480 1114 ἢ
1514 1058 1608 1113 οὐχὶ
1639 1058 1663 1100 6
1679 1054 1713 1089 D

158 1218 212 1256 με
244 1201 482 1250 ἄναξαίνων
511 1199 558 1242 τὸ
582 1204 748 1254 τραῦμα
771 1199 842 1241 καὶ
863 1199 1157 1254 χαλεπώτερον
1179 1197 1514 1251 ε’ργαζόμενος,·”
1545 1197 1662 1239 ἕπελ-
1677 1193 1724 1229 26

159 1270 256 1313 θὼν
295 1270 340 1312 δὲ
378 1270 450 1312 καὶ
486 1269 532 1312 τὸ
569 1269 678 1323 πρὸς
715 1267 842 1310 αὐτὸν
880 1266 1108 1310 ἐπιστόλιον
1138 1266 1164 1308 6
1189 1265 1415 1312 Ἰουλιανὸς
1450 1265 1560 1319 πρὸς
1589 1265 1664 1320 τὴν

101 1341 145 1377 15
160 1339 405 1395 συμβουλὴν
435 1342 509 1381 τοῦ
541 1338 783 1380 ἀποθέσθαι
814 1336 861 1379 τὸ
891 1337 1099 1391 βασίλειον
1131 1339 1273 1390 σχῆμα
1305 1334 1377 1376 καὶ
1414 1333 1540 1381 αὖθις
1577 1335 1662 1377 ἑλέ-

160 1410 260 1451 σθαι
282 1408 328 1450 τὸ
350 1408 579 1464 Καίσαρος,
613 1408 694 1462 ἔφη
716 1406 826 1461 πρὸς
846 1405 918 1448 τὸν
938 1404 1194 1459 κοιαίστωρα
1227 1404 1287 1446 ὅτι
1308 1404 1505 1459 “ποιήσω
1526 1407 1662 1458 τοῦτο,

160 1477 261 1520 ἀλλὰ
295 1478 444 1532 γνώμῃ
476 1480 562 1519 τῶν
593 1475 958 1531 στρατευμάτων.”
1009 1474 1034 1516 6
1056 1474 1104 1516 δέ
1125 1490 1170 1528 γε
1190 1473 1417 1527 κοιαίστωρ
1439 1473 1661 1528 φοβηθείς,
1678 1474 1723 1511 27

159 1547 233 1594 ὡς,
281 1547 318 1588 εἶ
350 1550 435 1593 τοῖς
472 1546 740 1601 στρατιώταις
777 1549 900 1587 τοῦτο
941 1543 1159 1599 ἒκφήνειεν
1191 1543 1215 1585 6
1239 1542 1478 1591 Ἰουλιανός,
1510 1541 1664 1597 παρὼν

159 1677 182 1713 6
207 1678 262 1713 οἶα
286 1676 375 1722 πρὸς
400 1676 441 1713 τὰ
472 1682 534 1713 τοῦ
559 1678 806 1713 Κωνσταντίου
837 1676 1026 1721 μηνύματα
1058 1674 1223 1711 ἀντέθετο
1256 1673 1429 1717 (ἕντέθετο
1455 1673 1501 1718 Ε)
1532 1674 1553 1709 ό
1570 1673 1663 1709 Ἰου-

159 1725 274 1765 λιανὸς
300 1725 359 1761 καὶ
385 1727 449 1761 ὅσα
474 1725 571 1771 αὐτῷ
596 1726 786 1761 ἐπέστειλεν
813 1723 876 1761 CE

230 1846 264 1882 2.
292 1846 338 1881 10
364 1847 543 1891 κοαίστορι
570 1845 725 1892 BSpr
841 1845 863 1880 3
887 1844 1084 1890 παραλύσαι
1112 1843 1248 1890 DEwp
1374 1842 1398 1877 4
1424 1841 1481 1878 τὸν
1505 1856 1662 1886 πραιτω-

231 1895 320 1939 ρίων
335 1893 380 1933 Α,
406 1899 477 1930 τῶν
489 1896 717 1939 πραιτωρίων
732 1894 775 1936 R,
802 1894 860 1929 τὸν
878 1898 949 1928 τῶν
965 1893 1180 1937 πραιτορίων
1199 1892 1441 1936 (πραιτωρίων
1456 1889 1500 1932 C)
1516 1890 1663 1934 Cpr,

232 1953 269 1978 v.
297 1942 348 1977 ad
376 1942 472 1977 XIII
498 1942 531 1985 9,
560 1942 602 1978 11
700 1941 805 1981 αὐτὰς
832 1940 861 1977 C
958 1941 980 1976 6
1006 1940 1218 1986 ἀπήγγελλεν
1244 1939 1272 1975 C
1370 1939 1392 1974 7
1418 1940 1468 1974 ὅτι
1495 1949 1571 1974 om.
1592 1938 1664 1973 DE

233 1991 255 2025 8
280 2004 318 2025 σε
345 1990 541 2035 0111.pr
641 1991 683 2025 11
711 1991 847 2034 τοιαύτη
875 1988 1054 2035 A(pr),
1081 1993 1123 2034 τῆ
1147 1989 1236 2033 αὐτῆ
1261 1987 1292 2022 Ε
1390 1988 1411 2022 6
1436 1998 1511 2022 om.
1526 1986 1663 2032 DEwp

232 2038 278 2073 13
303 2037 464 2074 ἐπελθὼν
490 2037 659 2084 prDi‚
700 2037 907 2074 ἐπανελθὼν
931 2036 967 2072 Α
1138 2035 1184 2072 15
1209 2041 1270 2071 τοῦ
1298 2046 1373 2070 om.
1400 2035 1447 2077 D,
1475 2034 1568 2070 add.
1595 2034 1664 2073 Dw

234 2086 278 2122 16
303 2087 508 2131 κοιαίστορα
532 2086 687 2132 Bflpr
787 2086 832 2121 18
859 2089 950 2132 post
974 2084 1099 2130 παρὼν
1125 2084 1382 2130 distinguunt
1408 2081 1518 2129 p*Di

161 2218 312 2253 rediret
338 2218 531 2262 habitum,
571 2228 690 2263 quem
719 2229 742 2253 a
770 2228 812 2254 se
839 2218 1072 2262 accepisset.
1124 2216 1343 2252 Praeterea
1371 2215 1575 2261 quaestori
1609 2214 1664 2250 illi
1678 2205 1725 2241 22

161 2266 387 2311 imperavit,
426 2270 471 2301 ut
498 2270 537 2302 et
563 2277 633 2302 eos
660 2267 728 2311 qui
755 2266 1019 2311 magistratus
1050 2265 1130 2300 illic
1162 2266 1353 2310 gererent
1385 2264 1566 2309 privaret
1598 2263 1666 2298 im-

162 2314 274 2358 perio
314 2315 528 2359 ipsumque
566 2315 770 2360 praetorio
806 2313 1059 2359 praefectum
1099 2315 1138 2347 et
1176 2312 1276 2347 alios
1313 2311 1523 2356 quosdam,
1562 2320 1666 2355 quos

162 2361 421 2398 Constantius
449 2362 501 2397 ad
528 2362 690 2406 sing-ula
715 2372 884 2397 munera
911 2361 1060 2396 diserte
1091 2359 1351 2405 significarat,
1378 2360 1419 2394 in
1447 2369 1585 2394 eorum
1613 2358 1663 2393 lo-

129 2450 134 2455 ,
163 2419 252 2445 curn
281 2414 550 2455 promoveret.
602 2410 677 2452 Qui
706 2421 795 2445 cuin
825 2410 990 2444 abiisset
1013 2411 1207 2454 quaestor
1225 2407 1275 2442 ad
1295 2407 1509 2450 Iulianum,
1538 2406 1665 2442 verba
1679 2398 1725 2434 23

163 2458 196 2492 oi
218 2456 441 2493 Constantii
470 2459 612 2494 detulit
638 2458 757 2494 haec:
784 2457 1038 2498 “Oportebat
1064 2459 1103 2492 te
1129 2456 1368 2498 meminisse,
1397 2457 1550 2500 quanta
1569 2453 1665 2488 mihi
1679 2446 1726 2482 24

163 2505 344 2548 deberes,
372 2517 452 2541 non
481 2506 608 2542 solum
637 2506 745 2552 quod
773 2510 812 2541 te
836 2505 1049 2541 Caesarem
1079 2503 1280 2549 appellavi
1309 2503 1376 2538 sed
1408 2502 1516 2548 quod
1544 2502 1663 2537 etiam

164 2553 305 2588 orbum
335 2554 476 2599 puerili
506 2558 639 2589 aetate
667 2555 816 2589 factum
847 2553 1018 2588 educavi
1048 2552 1166 2597 ipse.”
1216 2551 1286 2586 Ille
1313 2561 1411 2585 vero
1440 2543 1725 2595 quaestori225

163 2600 290 2642 “Quis
328 2602 453 2637 vero''
491 2603 621 2647 inquit
660 2603 849 2647 “optirno,
894 2612 938 2635 oa
981 2604 1115 2635 aetate
1155 2599 1339 2634 orbitatis
1380 2598 1455 2633 fuit
1494 2596 1664 2632 auctor?

163 2648 306 2684 Nonne
338 2660 518 2685 meorum
551 2653 764 2696 parentum
799 2648 1032 2695 parricida?
1084 2647 1145 2682 An
1180 2648 1342 2690 ignorat
1373 2656 1416 2681 se
1442 2646 1502 2681 his
1529 2645 1580 2680 de
1606 2655 1665 2680 re-

164 2696 239 2731 bus
265 2707 327 2731 me
355 2699 780 2733 commonefacientem
809 2698 1002 2732 refricare
1023 2696 1171 2730 vuinus
1190 2698 1228 2730 et
1247 2695 1418 2739 gravius
1436 2692 1665 2729 reddere?”

166 2743 384 2789 Explicatis
415 2749 549 2780 autem
582 2746 723 2781 littoris
758 2746 809 2780 ad
843 2756 886 2780 so
919 2745 1023 2780 datis
1052 2743 1233 2778 Iulianus
1266 2741 1316 2777 de
1350 2742 1516 2777 consilio
1544 2735 1724 2786 depo-‘26

165 2792 285 2827 nendi
315 2793 470 2835 rogrium
500 2793 678 2828 habitum
711 2797 750 2829 et
783 2792 1013 2828 resumendi
1042 2790 1226 2827 Caesaris
1254 2790 1459 2835 quaestori
1487 2790 1663 2824 “faciam

167 2838 270 2874 hoc”
297 2841 427 2886 inquit
453 2841 550 2876 “sod
579 2852 628 2875 ex
658 2842 857 2877 sententia
883 2839 1130 2885 leg-iouuin”.
1183 2838 1257 2880 Qui
1286 2837 1447 2882 quidem
1472 2839 1664 2883 quaestor
1679 2831 1724 2867 ‘27

166 2888 329 2932 veritus,
368 2899 419 2923 no
446 2889 636 2924 militibus
663 2890 738 2924 hac
764 2901 807 2924 ro
835 2890 1074 2924 denuntiata
1106 2887 1203 2932 ipse,
1243 2886 1273 2921 si
1308 2885 1478 2929 adesset,
1519 2885 1665 2919 discer-

166 2939 330 2980 peretur
357 2937 408 2971 ab
433 2937 492 2982 iis,
531 2938 675 2973 orabat
701 2948 752 2973 no
780 2938 877 2984 quid
905 2937 1047 2973 harum
1076 2944 1210 2971 rerum
1240 2943 1331 2970 cum
1366 2933 1527 2971 militari
1561 2943 1665 2969 com·
