<?xml version="1.0" encoding="UTF-8"?>
<!DOCTYPE html PUBLIC "-//W3C//DTD XHTML 1.0 Transitional//EN"
    "http://www.w3.org/TR/xhtml1/DTD/xhtml1-transitional.dtd">
<html xmlns="http://www.w3.org/1999/xhtml" xml:lang="en" lang="en">
 <head>
  <title>
</title>
<meta http-equiv="Content-Type" content="text/html;charset=utf-8" />
  <meta name='ocr-system' content='tesseract 3.04.00' />
  <meta name='ocr-capabilities' content='ocr_page ocr_carea ocr_par ocr_line ocrx_word'/>
</head>
<body>
  <div class='ocr_page' id='page_1' title='image "./corpusscriptorum31niebuoft/corpusscriptorum31niebuoft_0061.png"; bbox 0 0 1968 3302; ppageno 0'>
   <div class='ocr_carea' id='block_1_1' title="bbox 0 0 48 1678">
    <p class='ocr_par' dir='ltr' id='par_1_1' title="bbox 0 0 48 1678">
     <span class='ocr_line' id='line_1_1' title="bbox 0 0 48 1678; baseline 0 0"><span class='ocrx_word' id='word_1_1' title='bbox 0 0 48 1678; x_wconf 95' lang='lat' dir='ltr'><strong><em> </em></strong></span> 
     </span>
    </p>
   </div>
   <div class='ocr_carea' id='block_1_2' title="bbox 397 205 1715 255">
    <p class='ocr_par' dir='ltr' id='par_1_2' title="bbox 397 205 1715 255">
     <span class='ocr_line' id='line_1_2' title="bbox 397 205 1715 255; baseline 0.003 -4"><span class='ocrx_word' id='word_1_2' title='bbox 397 205 694 252; x_wconf 74' lang='lat' dir='ltr'><strong><em>MAGNEN&#39;m</em></strong></span> <span class='ocrx_word' id='word_1_3' title='bbox 718 214 826 253; x_wconf 86' lang='lat' dir='ltr'><strong>RES.</strong></span> <span class='ocrx_word' id='word_1_4' title='bbox 877 208 1045 253; x_wconf 85' lang='lat' dir='ltr'><strong>SAPOR</strong></span> <span class='ocrx_word' id='word_1_5' title='bbox 1070 208 1264 254; x_wconf 86' lang='lat' dir='ltr'>NISIBIN</span> <span class='ocrx_word' id='word_1_6' title='bbox 1291 208 1527 254; x_wconf 84' lang='lat' dir='ltr'>OBSIDET.</span> <span class='ocrx_word' id='word_1_7' title='bbox 1668 211 1715 255; x_wconf 73' lang='lat'><strong><em>35</em></strong></span> 
     </span>
    </p>
   </div>
   <div class='ocr_carea' id='block_1_3' title="bbox 15 336 1762 1490">
    <p class='ocr_par' dir='ltr' id='par_1_3' title="bbox 210 336 1754 600">
     <span class='ocr_line' id='line_1_3' title="bbox 335 336 1754 395; baseline 0.004 -17"><span class='ocrx_word' id='word_1_8' title='bbox 335 336 472 378; x_wconf 83' lang='grc' dir='ltr'><strong><em>Ταῦτα</em></strong></span> <span class='ocrx_word' id='word_1_9' title='bbox 504 340 577 379; x_wconf 82' lang='grc' dir='ltr'><strong><em>τοῦ</em></strong></span> <span class='ocrx_word' id='word_1_10' title='bbox 609 337 905 380; x_wconf 85' lang='grc' dir='ltr'><strong><em>Κωνσταντίου</em></strong></span> <span class='ocrx_word' id='word_1_11' title='bbox 937 341 1198 386; x_wconf 80' lang='grc' dir='ltr'><strong><em>σκοποῦντος</em></strong></span> <span class='ocrx_word' id='word_1_12' title='bbox 1234 338 1306 381; x_wconf 82' lang='grc' dir='ltr'><strong><em>καὶ</em></strong></span> <span class='ocrx_word' id='word_1_13' title='bbox 1345 339 1651 395; x_wconf 77' lang='grc' dir='ltr'><strong><em>διαμέλλοντος,</em></strong></span> <span class='ocrx_word' id='word_1_14' title='bbox 1690 340 1715 383; x_wconf 85' lang='grc' dir='ltr'><em>ὃ</em></span> <span class='ocrx_word' id='word_1_15' title='bbox 1730 342 1754 385; x_wconf 98' lang='lat'><strong>7</strong></span> 
     </span>
     <span class='ocr_line' id='line_1_4' title="bbox 211 404 1714 464; baseline 0.003 -18"><span class='ocrx_word' id='word_1_16' title='bbox 211 404 445 459; x_wconf 88' lang='grc' dir='ltr'><strong><em>Σαπώρης,</em></strong></span> <span class='ocrx_word' id='word_1_17' title='bbox 484 405 570 447; x_wconf 78' lang='grc' dir='ltr'><strong><em>ἐπεὶ</em></strong></span> <span class='ocrx_word' id='word_1_18' title='bbox 607 406 792 461; x_wconf 82' lang='grc' dir='ltr'><strong><em>κάκείνῳ</em></strong></span> <span class='ocrx_word' id='word_1_19' title='bbox 828 406 936 462; x_wconf 85' lang='grc' dir='ltr'><strong><em>πρὸς</em></strong></span> <span class='ocrx_word' id='word_1_20' title='bbox 973 410 1126 462; x_wconf 85' lang='grc' dir='ltr'><strong><em>γνῶσιν</em></strong></span> <span class='ocrx_word' id='word_1_21' title='bbox 1163 407 1299 463; x_wconf 72' lang='grc' dir='ltr'><strong><em>ἦλθον</em></strong></span> <span class='ocrx_word' id='word_1_22' title='bbox 1334 406 1383 449; x_wconf 84' lang='grc' dir='ltr'><strong><em>τὰ</em></strong></span> <span class='ocrx_word' id='word_1_23' title='bbox 1416 409 1714 464; x_wconf 83' lang='grc' dir='ltr'><strong><em>συμβεβηκότα</em></strong></span> 
     </span>
     <span class='ocr_line' id='line_1_5' title="bbox 210 473 1713 532; baseline 0.003 -18"><span class='ocrx_word' id='word_1_24' title='bbox 210 473 305 528; x_wconf 79' lang='grc' dir='ltr'><strong><em>περὶ</em></strong></span> <span class='ocrx_word' id='word_1_25' title='bbox 325 473 397 515; x_wconf 88' lang='grc' dir='ltr'><strong><em>τὸν</em></strong></span> <span class='ocrx_word' id='word_1_26' title='bbox 418 473 688 529; x_wconf 87' lang='grc' dir='ltr'><strong><em>Κώνσταντα,</em></strong></span> <span class='ocrx_word' id='word_1_27' title='bbox 721 476 940 518; x_wconf 75' lang='grc' dir='ltr'><strong><em>ἐπιτίθεται</em></strong></span> <span class='ocrx_word' id='word_1_28' title='bbox 965 481 1027 531; x_wconf 81' lang='grc' dir='ltr'><strong><em>τῷ</em></strong></span> <span class='ocrx_word' id='word_1_29' title='bbox 1057 480 1198 531; x_wconf 80' lang='grc' dir='ltr'><strong><em>καιρῷ</em></strong></span> <span class='ocrx_word' id='word_1_30' title='bbox 1227 476 1299 518; x_wconf 83' lang='grc' dir='ltr'><strong><em>καὶ</em></strong></span> <span class='ocrx_word' id='word_1_31' title='bbox 1330 475 1406 518; x_wconf 85' lang='grc' dir='ltr'><strong><em>σὺν</em></strong></span> <span class='ocrx_word' id='word_1_32' title='bbox 1436 477 1563 531; x_wconf 90' lang='grc' dir='ltr'><strong><em>βαρεῖ</em></strong></span> <span class='ocrx_word' id='word_1_33' title='bbox 1589 492 1713 532; x_wconf 89' lang='grc' dir='ltr'><strong><em>στρα-</em></strong></span> 
     </span>
     <span class='ocr_line' id='line_1_6' title="bbox 210 541 1715 600; baseline 0.003 -18"><span class='ocrx_word' id='word_1_34' title='bbox 210 542 378 596; x_wconf 86' lang='grc' dir='ltr'><strong><em>τεύματι</em></strong></span> <span class='ocrx_word' id='word_1_35' title='bbox 408 541 513 584; x_wconf 84' lang='grc' dir='ltr'><strong><em>κατὰ</em></strong></span> <span class='ocrx_word' id='word_1_36' title='bbox 545 546 630 585; x_wconf 83' lang='grc' dir='ltr'><strong><em>τῶν</em></strong></span> <span class='ocrx_word' id='word_1_37' title='bbox 661 544 952 599; x_wconf 79' lang='grc' dir='ltr'><strong><em>ὑποκειμένων</em></strong></span> <span class='ocrx_word' id='word_1_38' title='bbox 973 544 1195 599; x_wconf 86' lang='grc' dir='ltr'><strong><em>Ῥωμαίοις</em></strong></span> <span class='ocrx_word' id='word_1_39' title='bbox 1229 545 1356 586; x_wconf 81' lang='grc' dir='ltr'><strong><em>ἔπεισι</em></strong></span> <span class='ocrx_word' id='word_1_40' title='bbox 1386 548 1546 600; x_wconf 82' lang='grc' dir='ltr'><strong><em>χωρῶν</em></strong></span> <span class='ocrx_word' id='word_1_41' title='bbox 1570 561 1612 587; x_wconf 88' lang='grc' dir='ltr'><strong><em>τε</em></strong></span> <span class='ocrx_word' id='word_1_42' title='bbox 1643 545 1715 587; x_wconf 82' lang='grc' dir='ltr'><strong><em>καὶ</em></strong></span> 
     </span>
    </p>

    <p class='ocr_par' dir='ltr' id='par_1_4' title="bbox 15 609 1762 1490">
     <span class='ocr_line' id='line_1_7' title="bbox 174 609 1750 667; baseline 0.003 -15"><span class='ocrx_word' id='word_1_43' title='bbox 174 609 394 652; x_wconf 76' lang='grc' dir='ltr'><strong><em>ὃπόλεων·</em></strong></span> <span class='ocrx_word' id='word_1_44' title='bbox 440 610 511 651; x_wconf 83' lang='grc' dir='ltr'><strong><em>καὶ</em></strong></span> <span class='ocrx_word' id='word_1_45' title='bbox 552 610 711 665; x_wconf 81' lang='grc' dir='ltr'><strong><em>πολλὴν</em></strong></span> <span class='ocrx_word' id='word_1_46' title='bbox 752 612 830 665; x_wconf 85' lang='grc' dir='ltr'><strong><em>μὲν</em></strong></span> <span class='ocrx_word' id='word_1_47' title='bbox 874 612 1062 667; x_wconf 76' lang='grc' dir='ltr'><strong><em>ἕληίσατο</em></strong></span> <span class='ocrx_word' id='word_1_48' title='bbox 1106 613 1268 667; x_wconf 86' lang='grc' dir='ltr'><strong><em>χώραν,</em></strong></span> <span class='ocrx_word' id='word_1_49' title='bbox 1313 611 1415 654; x_wconf 83' lang='grc' dir='ltr'><strong><em>ἀλλὰ</em></strong></span> <span class='ocrx_word' id='word_1_50' title='bbox 1458 613 1600 667; x_wconf 86' lang='grc' dir='ltr'><strong><em>μέντοι</em></strong></span> <span class='ocrx_word' id='word_1_51' title='bbox 1642 613 1750 658; x_wconf 81' lang='grc' dir='ltr'><strong><em>καὶ2</em></strong></span> 
     </span>
     <span class='ocr_line' id='line_1_8' title="bbox 210 677 1714 736; baseline 0.003 -17"><span class='ocrx_word' id='word_1_52' title='bbox 210 677 396 732; x_wconf 87' lang='grc' dir='ltr'><strong><em>φρούρια</em></strong></span> <span class='ocrx_word' id='word_1_53' title='bbox 434 678 514 720; x_wconf 89' lang='grc' dir='ltr'><strong><em>εἷλε</em></strong></span> <span class='ocrx_word' id='word_1_54' title='bbox 551 678 623 720; x_wconf 86' lang='grc' dir='ltr'><strong><em>καὶ</em></strong></span> <span class='ocrx_word' id='word_1_55' title='bbox 660 679 775 725; x_wconf 83' lang='grc' dir='ltr'><strong><em>τέλος</em></strong></span> <span class='ocrx_word' id='word_1_56' title='bbox 813 680 1046 735; x_wconf 72' lang='grc' dir='ltr'><strong><em>ἐπολιόρκει</em></strong></span> <span class='ocrx_word' id='word_1_57' title='bbox 1083 681 1157 736; x_wconf 85' lang='grc' dir='ltr'><strong><em>τὴν</em></strong></span> <span class='ocrx_word' id='word_1_58' title='bbox 1187 679 1366 736; x_wconf 87' lang='grc' dir='ltr'><strong><em>Νίσιβιν,</em></strong></span> <span class='ocrx_word' id='word_1_59' title='bbox 1406 683 1432 735; x_wconf 85' lang='grc' dir='ltr'><em>ἣ</em></span> <span class='ocrx_word' id='word_1_60' title='bbox 1471 682 1598 723; x_wconf 90' lang='grc' dir='ltr'><strong><em>πάλαι</em></strong></span> <span class='ocrx_word' id='word_1_61' title='bbox 1635 682 1714 736; x_wconf 83' lang='grc' dir='ltr'><strong><em>μὲν</em></strong></span> 
     </span>
     <span class='ocr_line' id='line_1_9' title="bbox 209 747 1762 804; baseline 0.003 -16"><span class='ocrx_word' id='word_1_62' title='bbox 209 752 259 803; x_wconf 88' lang='grc' dir='ltr'><strong><em>τῇ</em></strong></span> <span class='ocrx_word' id='word_1_63' title='bbox 302 751 387 790; x_wconf 85' lang='grc' dir='ltr'><strong><em>τῶν</em></strong></span> <span class='ocrx_word' id='word_1_64' title='bbox 417 747 649 802; x_wconf 77' lang='grc' dir='ltr'><strong><em>Ἀρμενίων</em></strong></span> <span class='ocrx_word' id='word_1_65' title='bbox 694 749 858 804; x_wconf 80' lang='grc' dir='ltr'><strong><em>διέφερε</em></strong></span> <span class='ocrx_word' id='word_1_66' title='bbox 901 750 1098 804; x_wconf 80' lang='grc' dir='ltr'><strong><em>βασιλείᾳ,</em></strong></span> <span class='ocrx_word' id='word_1_67' title='bbox 1143 749 1209 791; x_wconf 80' lang='grc' dir='ltr'><strong><em>ἐπὶ</em></strong></span> <span class='ocrx_word' id='word_1_68' title='bbox 1249 749 1294 790; x_wconf 84' lang='grc' dir='ltr'><strong><em>δὲ</em></strong></span> <span class='ocrx_word' id='word_1_69' title='bbox 1334 748 1620 804; x_wconf 72' lang='grc' dir='ltr'><strong><em>Μιθριδάτου,</em></strong></span> <span class='ocrx_word' id='word_1_70' title='bbox 1665 751 1762 797; x_wconf 61' lang='lat' dir='ltr'><strong><em>&amp;D</em></strong></span> 
     </span>
     <span class='ocr_line' id='line_1_10' title="bbox 15 807 1713 872; baseline -0.001 -10"><span class='ocrx_word' id='word_1_71' title='bbox 15 807 197 870; x_wconf 52' lang='lat' dir='ltr'><strong><em>s111194</em></strong></span> <span class='ocrx_word' id='word_1_72' title='bbox 218 816 425 871; x_wconf 87' lang='grc' dir='ltr'><strong><em>Τιγράνου</em></strong></span> <span class='ocrx_word' id='word_1_73' title='bbox 456 821 530 858; x_wconf 87' lang='grc' dir='ltr'><strong><em>τοῦ</em></strong></span> <span class='ocrx_word' id='word_1_74' title='bbox 562 820 647 858; x_wconf 86' lang='grc' dir='ltr'><strong><em>τῶν</em></strong></span> <span class='ocrx_word' id='word_1_75' title='bbox 662 818 894 871; x_wconf 82' lang='grc' dir='ltr'><strong><em>Ἀρμενίων</em></strong></span> <span class='ocrx_word' id='word_1_76' title='bbox 925 818 1014 859; x_wconf 81' lang='grc' dir='ltr'><strong><em>τότε</em></strong></span> <span class='ocrx_word' id='word_1_77' title='bbox 1045 822 1300 872; x_wconf 83' lang='grc' dir='ltr'><strong><em>κρατοῦντος</em></strong></span> <span class='ocrx_word' id='word_1_78' title='bbox 1332 817 1526 872; x_wconf 86' lang='grc' dir='ltr'><strong><em>γαμβρὸς</em></strong></span> <span class='ocrx_word' id='word_1_79' title='bbox 1557 817 1610 872; x_wconf 83' lang='grc' dir='ltr'><strong><em>ἦν</em></strong></span> <span class='ocrx_word' id='word_1_80' title='bbox 1640 818 1713 860; x_wconf 85' lang='grc' dir='ltr'><strong><em>καὶ</em></strong></span> 
     </span>
     <span class='ocr_line' id='line_1_11' title="bbox 31 877 1711 941; baseline 0.001 -15"><span class='ocrx_word' id='word_1_81' title='bbox 31 877 38 883; x_wconf 61' lang='grc'><strong>’</strong></span> <span class='ocrx_word' id='word_1_82' title='bbox 208 885 255 933; x_wconf 79' lang='grc' dir='ltr'><strong><em>ἐξ</em></strong></span> <span class='ocrx_word' id='word_1_83' title='bbox 284 885 444 926; x_wconf 80' lang='grc' dir='ltr'><strong><em>ἐκείνου</em></strong></span> <span class='ocrx_word' id='word_1_84' title='bbox 476 884 550 939; x_wconf 85' lang='grc' dir='ltr'><strong><em>τὴν</em></strong></span> <span class='ocrx_word' id='word_1_85' title='bbox 585 885 704 926; x_wconf 93' lang='grc' dir='ltr'><strong><em>πόλιν</em></strong></span> <span class='ocrx_word' id='word_1_86' title='bbox 743 886 913 940; x_wconf 80' lang='grc' dir='ltr'><strong><em>εἰλήφει,</em></strong></span> <span class='ocrx_word' id='word_1_87' title='bbox 954 886 1037 928; x_wconf 81' lang='grc' dir='ltr'><strong><em>ὑπὸ</em></strong></span> <span class='ocrx_word' id='word_1_88' title='bbox 1065 885 1290 940; x_wconf 85' lang='grc' dir='ltr'><strong><em>Ῥωμαίων</em></strong></span> <span class='ocrx_word' id='word_1_89' title='bbox 1328 885 1439 927; x_wconf 81' lang='grc' dir='ltr'><strong><em>ἑάλω</em></strong></span> <span class='ocrx_word' id='word_1_90' title='bbox 1478 886 1711 941; x_wconf 81' lang='grc' dir='ltr'><strong><em>πολιορκίᾳ.</em></strong></span> 
     </span>
     <span class='ocr_line' id='line_1_12' title="bbox 149 952 1747 1010; baseline 0.003 -17"><span class='ocrx_word' id='word_1_91' title='bbox 149 958 195 993; x_wconf 87' lang='grc'><strong><em>10</em></strong></span> <span class='ocrx_word' id='word_1_92' title='bbox 207 953 252 994; x_wconf 82' lang='grc' dir='ltr'><strong><em>ἒν</em></strong></span> <span class='ocrx_word' id='word_1_93' title='bbox 281 953 407 1008; x_wconf 88' lang='grc' dir='ltr'><strong><em>ταύτῃ</em></strong></span> <span class='ocrx_word' id='word_1_94' title='bbox 441 952 521 1008; x_wconf 86' lang='grc' dir='ltr'><strong><em>γὰρ</em></strong></span> <span class='ocrx_word' id='word_1_95' title='bbox 553 953 578 995; x_wconf 84' lang='grc' dir='ltr'>ὁ</span> <span class='ocrx_word' id='word_1_96' title='bbox 609 953 830 1008; x_wconf 86' lang='grc' dir='ltr'><strong><em>Σαπώρης</em></strong></span> <span class='ocrx_word' id='word_1_97' title='bbox 861 954 1003 996; x_wconf 72' lang='grc' dir='ltr'><strong><em>ἐλθὼν</em></strong></span> <span class='ocrx_word' id='word_1_98' title='bbox 1033 958 1173 997; x_wconf 85' lang='grc' dir='ltr'><strong><em>πᾶσαν</em></strong></span> <span class='ocrx_word' id='word_1_99' title='bbox 1210 954 1372 1009; x_wconf 77' lang='grc' dir='ltr'><strong><em>ἐκίνησε</em></strong></span> <span class='ocrx_word' id='word_1_100' title='bbox 1408 955 1605 1010; x_wconf 87' lang='grc' dir='ltr'><strong><em>μηχανὴν</em></strong></span> <span class='ocrx_word' id='word_1_101' title='bbox 1644 956 1747 1003; x_wconf 82' lang='grc' dir='ltr'><strong><em>ἴνα3</em></strong></span> 
     </span>
     <span class='ocr_line' id='line_1_13' title="bbox 206 1022 1711 1079; baseline 0.002 -16"><span class='ocrx_word' id='word_1_102' title='bbox 206 1022 324 1076; x_wconf 80' lang='grc' dir='ltr'><strong><em>αὐτῷ</em></strong></span> <span class='ocrx_word' id='word_1_103' title='bbox 355 1023 380 1077; x_wconf 83' lang='grc' dir='ltr'>ἡ</span> <span class='ocrx_word' id='word_1_104' title='bbox 413 1022 531 1069; x_wconf 85' lang='grc' dir='ltr'><strong><em>πόλις</em></strong></span> <span class='ocrx_word' id='word_1_105' title='bbox 569 1023 678 1076; x_wconf 74' lang='grc' dir='ltr'><strong><em>ἁλῷ·</em></strong></span> <span class='ocrx_word' id='word_1_106' title='bbox 722 1023 869 1077; x_wconf 85' lang='grc' dir='ltr'><strong><em>κριούς</em></strong></span> <span class='ocrx_word' id='word_1_107' title='bbox 905 1039 946 1065; x_wconf 90' lang='grc' dir='ltr'><strong><em>τε</em></strong></span> <span class='ocrx_word' id='word_1_108' title='bbox 992 1023 1072 1078; x_wconf 80' lang='grc' dir='ltr'><strong><em>γὰρ</em></strong></span> <span class='ocrx_word' id='word_1_109' title='bbox 1111 1027 1299 1078; x_wconf 85' lang='grc' dir='ltr'><strong><em>προσῆγε</em></strong></span> <span class='ocrx_word' id='word_1_110' title='bbox 1337 1027 1422 1070; x_wconf 85' lang='grc' dir='ltr'><strong><em>τοῖς</em></strong></span> <span class='ocrx_word' id='word_1_111' title='bbox 1458 1024 1603 1079; x_wconf 86' lang='grc' dir='ltr'><strong><em>τείχεσι</em></strong></span> <span class='ocrx_word' id='word_1_112' title='bbox 1639 1024 1711 1066; x_wconf 82' lang='grc' dir='ltr'><strong><em>καὶ</em></strong></span> 
     </span>
     <span class='ocr_line' id='line_1_14' title="bbox 206 1091 1708 1146; baseline 0.001 -14"><span class='ocrx_word' id='word_1_113' title='bbox 206 1091 421 1145; x_wconf 88' lang='grc' dir='ltr'><strong><em>διώρυχας</em></strong></span> <span class='ocrx_word' id='word_1_114' title='bbox 451 1091 682 1145; x_wconf 81' lang='grc' dir='ltr'><strong><em>ὑπογαίους</em></strong></span> <span class='ocrx_word' id='word_1_115' title='bbox 711 1092 923 1146; x_wconf 82' lang='grc' dir='ltr'><strong><em>πεποίητο,</em></strong></span> <span class='ocrx_word' id='word_1_116' title='bbox 957 1092 1059 1133; x_wconf 83' lang='grc' dir='ltr'><strong><em>ἀλλὰ</em></strong></span> <span class='ocrx_word' id='word_1_117' title='bbox 1091 1091 1200 1146; x_wconf 86' lang='grc' dir='ltr'><strong><em>πρὸς</em></strong></span> <span class='ocrx_word' id='word_1_118' title='bbox 1220 1092 1354 1142; x_wconf 85' lang='grc' dir='ltr'><strong><em>πάντᾳ</em></strong></span> <span class='ocrx_word' id='word_1_119' title='bbox 1378 1092 1579 1146; x_wconf 81' lang='grc' dir='ltr'><strong><em>γενναίως</em></strong></span> <span class='ocrx_word' id='word_1_120' title='bbox 1600 1093 1708 1135; x_wconf 85' lang='grc' dir='ltr'><strong><em>ἄντι-</em></strong></span> 
     </span>
     <span class='ocr_line' id='line_1_15' title="bbox 203 1160 1746 1215; baseline 0.002 -14"><span class='ocrx_word' id='word_1_121' title='bbox 203 1160 455 1202; x_wconf 74' lang='grc' dir='ltr'><strong><em>καθίσταντο</em></strong></span> <span class='ocrx_word' id='word_1_122' title='bbox 493 1161 533 1202; x_wconf 83' lang='grc' dir='ltr'><strong><em>οἳ</em></strong></span> <span class='ocrx_word' id='word_1_123' title='bbox 567 1160 928 1214; x_wconf 86' lang='grc' dir='ltr'><strong><em>πολιορκούμενοι.</em></strong></span> <span class='ocrx_word' id='word_1_124' title='bbox 980 1161 1051 1202; x_wconf 87' lang='grc' dir='ltr'><strong><em>καὶ</em></strong></span> <span class='ocrx_word' id='word_1_125' title='bbox 1094 1160 1165 1202; x_wconf 85' lang='grc' dir='ltr'><strong><em>τὸν</em></strong></span> <span class='ocrx_word' id='word_1_126' title='bbox 1207 1160 1400 1215; x_wconf 87' lang='grc' dir='ltr'><strong><em>ποταμὸν</em></strong></span> <span class='ocrx_word' id='word_1_127' title='bbox 1445 1161 1502 1210; x_wconf 83' lang='grc' dir='ltr'><strong><em>δέ,</em></strong></span> <span class='ocrx_word' id='word_1_128' title='bbox 1547 1163 1596 1208; x_wconf 87' lang='grc' dir='ltr'><strong><em>ὃς</em></strong></span> <span class='ocrx_word' id='word_1_129' title='bbox 1641 1161 1746 1209; x_wconf 83' lang='grc' dir='ltr'><strong><em>διά4</em></strong></span> 
     </span>
     <span class='ocr_line' id='line_1_16' title="bbox 202 1229 1709 1284; baseline 0 -13"><span class='ocrx_word' id='word_1_130' title='bbox 202 1229 335 1284; x_wconf 86' lang='grc' dir='ltr'><strong><em>μέσης</em></strong></span> <span class='ocrx_word' id='word_1_131' title='bbox 372 1231 482 1284; x_wconf 84' lang='grc' dir='ltr'><strong><em>ἔρρει</em></strong></span> <span class='ocrx_word' id='word_1_132' title='bbox 521 1234 593 1284; x_wconf 80' lang='grc' dir='ltr'><strong><em>τῆς</em></strong></span> <span class='ocrx_word' id='word_1_133' title='bbox 631 1229 809 1283; x_wconf 86' lang='grc' dir='ltr'><strong><em>πόλεως,</em></strong></span> <span class='ocrx_word' id='word_1_134' title='bbox 853 1230 1171 1284; x_wconf 82' lang='grc' dir='ltr'><strong><em>μετωχέτευσεν,</em></strong></span> <span class='ocrx_word' id='word_1_135' title='bbox 1216 1230 1281 1270; x_wconf 77' lang='grc' dir='ltr'><strong><em>ἵνα</em></strong></span> <span class='ocrx_word' id='word_1_136' title='bbox 1323 1229 1433 1283; x_wconf 81' lang='grc' dir='ltr'><strong><em>δίψει</em></strong></span> <span class='ocrx_word' id='word_1_137' title='bbox 1472 1229 1709 1284; x_wconf 85' lang='grc' dir='ltr'><strong><em>πιεζόμενοι</em></strong></span> 
     </span>
     <span class='ocr_line' id='line_1_17' title="bbox 146 1297 1744 1353; baseline 0.001 -15"><span class='ocrx_word' id='word_1_138' title='bbox 146 1301 191 1337; x_wconf 84' lang='lat'><strong><em>15</em></strong></span> <span class='ocrx_word' id='word_1_139' title='bbox 204 1299 245 1339; x_wconf 86' lang='grc' dir='ltr'><strong><em>οἱ</em></strong></span> <span class='ocrx_word' id='word_1_140' title='bbox 274 1302 346 1353; x_wconf 83' lang='grc' dir='ltr'><strong><em>τῆς</em></strong></span> <span class='ocrx_word' id='word_1_141' title='bbox 375 1298 541 1344; x_wconf 87' lang='grc' dir='ltr'><strong><em>πόλεως</em></strong></span> <span class='ocrx_word' id='word_1_142' title='bbox 571 1298 769 1353; x_wconf 87' lang='grc' dir='ltr'><strong><em>προδοῖεν</em></strong></span> <span class='ocrx_word' id='word_1_143' title='bbox 800 1298 918 1352; x_wconf 77' lang='grc' dir='ltr'><strong><em>αὐτῷ</em></strong></span> <span class='ocrx_word' id='word_1_144' title='bbox 948 1298 1022 1352; x_wconf 87' lang='grc' dir='ltr'><strong><em>τὴν</em></strong></span> <span class='ocrx_word' id='word_1_145' title='bbox 1052 1298 1183 1339; x_wconf 89' lang='grc' dir='ltr'><strong><em>πόλιν.</em></strong></span> <span class='ocrx_word' id='word_1_146' title='bbox 1245 1302 1330 1344; x_wconf 86' lang='grc' dir='ltr'><strong><em>τοῖς</em></strong></span> <span class='ocrx_word' id='word_1_147' title='bbox 1362 1297 1407 1339; x_wconf 86' lang='grc' dir='ltr'><strong><em>δὲ</em></strong></span> <span class='ocrx_word' id='word_1_148' title='bbox 1439 1298 1628 1352; x_wconf 73' lang='grc' dir='ltr'><strong><em>ἀφθονία</em></strong></span> <span class='ocrx_word' id='word_1_149' title='bbox 1656 1297 1744 1352; x_wconf 70' lang='grc' dir='ltr'><strong><em>ἧνὸ</em></strong></span> 
     </span>
     <span class='ocr_line' id='line_1_18' title="bbox 203 1363 1744 1421; baseline 0 -13"><span class='ocrx_word' id='word_1_150' title='bbox 203 1367 372 1408; x_wconf 81' lang='grc' dir='ltr'><strong><em>ὑδάτων</em></strong></span> <span class='ocrx_word' id='word_1_151' title='bbox 402 1367 473 1408; x_wconf 86' lang='grc' dir='ltr'><strong><em>καὶ</em></strong></span> <span class='ocrx_word' id='word_1_152' title='bbox 504 1367 550 1408; x_wconf 78' lang='grc' dir='ltr'><strong><em>ἐκ</em></strong></span> <span class='ocrx_word' id='word_1_153' title='bbox 582 1367 780 1421; x_wconf 89' lang='grc' dir='ltr'><strong><em>φρεάτων</em></strong></span> <span class='ocrx_word' id='word_1_154' title='bbox 811 1367 882 1408; x_wconf 83' lang='grc' dir='ltr'><strong><em>καὶ</em></strong></span> <span class='ocrx_word' id='word_1_155' title='bbox 913 1367 960 1408; x_wconf 79' lang='grc' dir='ltr'><strong><em>ἔκ</em></strong></span> <span class='ocrx_word' id='word_1_156' title='bbox 989 1370 1153 1421; x_wconf 87' lang='grc' dir='ltr'><strong><em>πηγῶν.</em></strong></span> <span class='ocrx_word' id='word_1_157' title='bbox 1217 1367 1278 1412; x_wconf 84' lang='grc' dir='ltr'><strong><em>ὡς</em></strong></span> <span class='ocrx_word' id='word_1_158' title='bbox 1301 1363 1338 1408; x_wconf 87' lang='grc' dir='ltr'><strong><em>δ’</em></strong></span> <span class='ocrx_word' id='word_1_159' title='bbox 1363 1367 1419 1413; x_wconf 86' lang='grc' dir='ltr'><strong><em>εἷς</em></strong></span> <span class='ocrx_word' id='word_1_160' title='bbox 1441 1366 1566 1408; x_wconf 83' lang='grc' dir='ltr'><strong><em>οὐδὲν</em></strong></span> <span class='ocrx_word' id='word_1_161' title='bbox 1588 1367 1744 1421; x_wconf 69' lang='grc' dir='ltr'><strong><em>αὗτῷθ</em></strong></span> 
     </span>
     <span class='ocr_line' id='line_1_19' title="bbox 203 1434 1706 1490; baseline 0 -14"><span class='ocrx_word' id='word_1_162' title='bbox 203 1435 463 1489; x_wconf 84' lang='grc' dir='ltr'><strong><em>κατήντησαν</em></strong></span> <span class='ocrx_word' id='word_1_163' title='bbox 495 1435 697 1489; x_wconf 81' lang='grc' dir='ltr'><strong><em>ἀνύσιμον</em></strong></span> <span class='ocrx_word' id='word_1_164' title='bbox 734 1436 777 1476; x_wconf 83' lang='grc' dir='ltr'><strong><em>αῖ</em></strong></span> <span class='ocrx_word' id='word_1_165' title='bbox 813 1435 997 1483; x_wconf 77' lang='grc' dir='ltr'><strong><em>ἐπίνοιαι,</em></strong></span> <span class='ocrx_word' id='word_1_166' title='bbox 1035 1434 1176 1489; x_wconf 81' lang='grc' dir='ltr'><strong><em>ἔτερόν</em></strong></span> <span class='ocrx_word' id='word_1_167' title='bbox 1206 1451 1241 1476; x_wconf 85' lang='grc' dir='ltr'><strong><em>τι</em></strong></span> <span class='ocrx_word' id='word_1_168' title='bbox 1273 1435 1391 1490; x_wconf 79' lang='grc' dir='ltr'><strong><em>αὐτῷ</em></strong></span> <span class='ocrx_word' id='word_1_169' title='bbox 1421 1435 1706 1490; x_wconf 91' lang='grc' dir='ltr'><strong><em>μεμηχάνητο.</em></strong></span> 
     </span>
    </p>
   </div>
   <div class='ocr_carea' id='block_1_4' title="bbox 201 1588 1707 1732">
    <p class='ocr_par' dir='ltr' id='par_1_5' title="bbox 201 1588 1707 1732">
     <span class='ocr_line' id='line_1_20' title="bbox 205 1588 1707 1636; baseline 0.002 -13"><span class='ocrx_word' id='word_1_170' title='bbox 205 1589 223 1623; x_wconf 96' lang='grc'>1</span> <span class='ocrx_word' id='word_1_171' title='bbox 250 1589 301 1623; x_wconf 84' lang='grc' dir='ltr'><strong><em>ὅτι</em></strong></span> <span class='ocrx_word' id='word_1_172' title='bbox 327 1589 348 1623; x_wconf 81' lang='grc' dir='ltr'>ὅ</span> <span class='ocrx_word' id='word_1_173' title='bbox 373 1590 463 1630; x_wconf 91' lang='lat' dir='ltr'>(om.</span> <span class='ocrx_word' id='word_1_174' title='bbox 490 1588 534 1633; x_wconf 87' lang='lat' dir='ltr'><strong><em>C)</em></strong></span> <span class='ocrx_word' id='word_1_175' title='bbox 566 1590 749 1635; x_wconf 84' lang='grc' dir='ltr'><strong><em>Σαπώρης</em></strong></span> <span class='ocrx_word' id='word_1_176' title='bbox 779 1590 800 1624; x_wconf 82' lang='grc' dir='ltr'>ὁ</span> <span class='ocrx_word' id='word_1_177' title='bbox 823 1590 980 1635; x_wconf 87' lang='grc' dir='ltr'><strong><em>Περσῶν</em></strong></span> <span class='ocrx_word' id='word_1_178' title='bbox 1006 1590 1027 1625; x_wconf 84' lang='grc' dir='ltr'>ὅ</span> <span class='ocrx_word' id='word_1_179' title='bbox 1057 1591 1148 1632; x_wconf 89' lang='lat' dir='ltr'>(om.</span> <span class='ocrx_word' id='word_1_180' title='bbox 1177 1588 1221 1633; x_wconf 89' lang='lat' dir='ltr'><strong><em>C)</em></strong></span> <span class='ocrx_word' id='word_1_181' title='bbox 1252 1588 1418 1636; x_wconf 85' lang='grc' dir='ltr'><strong><em>βασιλεὺς</em></strong></span> <span class='ocrx_word' id='word_1_182' title='bbox 1449 1594 1491 1635; x_wconf 86' lang='grc' dir='ltr'><strong><em>τῇ</em></strong></span> <span class='ocrx_word' id='word_1_183' title='bbox 1522 1590 1707 1636; x_wconf 85' lang='grc' dir='ltr'><strong><em>Ῥωμαίων</em></strong></span> 
     </span>
     <span class='ocr_line' id='line_1_21' title="bbox 201 1637 1704 1684; baseline 0.001 -12"><span class='ocrx_word' id='word_1_184' title='bbox 201 1637 306 1683; x_wconf 81' lang='grc' dir='ltr'><strong><em>χώρᾳ</em></strong></span> <span class='ocrx_word' id='word_1_185' title='bbox 332 1638 422 1679; x_wconf 89' lang='lat' dir='ltr'>(om.</span> <span class='ocrx_word' id='word_1_186' title='bbox 437 1637 483 1679; x_wconf 87' lang='lat' dir='ltr'><strong><em>E)</em></strong></span> <span class='ocrx_word' id='word_1_187' title='bbox 509 1637 654 1674; x_wconf 77' lang='grc' dir='ltr'><strong><em>ἐπέθετο</em></strong></span> <span class='ocrx_word' id='word_1_188' title='bbox 679 1638 789 1684; x_wconf 85' lang='grc' dir='ltr'><strong><em>(ἀρχῇ</em></strong></span> <span class='ocrx_word' id='word_1_189' title='bbox 814 1638 907 1673; x_wconf 83' lang='lat' dir='ltr'>add..</span> <span class='ocrx_word' id='word_1_190' title='bbox 923 1638 968 1680; x_wconf 88' lang='lat' dir='ltr'><strong><em>E)</em></strong></span> <span class='ocrx_word' id='word_1_191' title='bbox 996 1638 1055 1674; x_wconf 83' lang='grc' dir='ltr'><strong><em>καὶ</em></strong></span> <span class='ocrx_word' id='word_1_192' title='bbox 1069 1639 1216 1684; x_wconf 87' lang='grc' dir='ltr'><strong><em>Νίσιβιν</em></strong></span> <span class='ocrx_word' id='word_1_193' title='bbox 1241 1638 1484 1684; x_wconf 86' lang='grc' dir='ltr'><strong><em>πολιορκήσας</em></strong></span> <span class='ocrx_word' id='word_1_194' title='bbox 1509 1639 1607 1679; x_wconf 90' lang='grc' dir='ltr'><strong><em>(Νισ.</em></strong></span> <span class='ocrx_word' id='word_1_195' title='bbox 1626 1639 1704 1674; x_wconf 89' lang='grc' dir='ltr'><strong><em>πολ.</em></strong></span> 
     </span>
     <span class='ocr_line' id='line_1_22' title="bbox 204 1684 893 1732; baseline 0.001 -12"><span class='ocrx_word' id='word_1_196' title='bbox 204 1695 280 1720; x_wconf 88' lang='lat' dir='ltr'><strong><em>om.</em></strong></span> <span class='ocrx_word' id='word_1_197' title='bbox 296 1685 342 1728; x_wconf 88' lang='lat' dir='ltr'><strong><em>E)</em></strong></span> <span class='ocrx_word' id='word_1_198' title='bbox 368 1685 549 1730; x_wconf 84' lang='grc' dir='ltr'><strong><em>ἄπρακτος</em></strong></span> <span class='ocrx_word' id='word_1_199' title='bbox 574 1686 803 1732; x_wconf 82' lang='grc' dir='ltr'><strong><em>ἀνεχώρησεν</em></strong></span> <span class='ocrx_word' id='word_1_200' title='bbox 830 1684 893 1723; x_wconf 82' lang='lat' dir='ltr'><strong><em>OE</em></strong></span> 
     </span>
    </p>
   </div>
   <div class='ocr_carea' id='block_1_5' title="bbox 273 1829 1705 2165">
    <p class='ocr_par' dir='ltr' id='par_1_6' title="bbox 273 1829 1705 2165">
     <span class='ocr_line' id='line_1_23' title="bbox 276 1829 1705 1879; baseline 0.001 -14"><span class='ocrx_word' id='word_1_201' title='bbox 276 1829 298 1865; x_wconf 83' lang='lat'><strong>2</strong></span> <span class='ocrx_word' id='word_1_202' title='bbox 322 1830 413 1876; x_wconf 75' lang='grc' dir='ltr'><strong><em>ἦλθε</em></strong></span> <span class='ocrx_word' id='word_1_203' title='bbox 439 1829 541 1877; x_wconf 87' lang='lat' dir='ltr'>pr</span> <span class='ocrx_word' id='word_1_204' title='bbox 746 1831 768 1867; x_wconf 88' lang='grc'><strong>6</strong></span> <span class='ocrx_word' id='word_1_205' title='bbox 795 1831 953 1878; x_wconf 84' lang='grc' dir='ltr'><strong><em>φρούρια</em></strong></span> <span class='ocrx_word' id='word_1_206' title='bbox 979 1831 1049 1867; x_wconf 79' lang='grc' dir='ltr'><strong><em>εἷλε</em></strong></span> <span class='ocrx_word' id='word_1_207' title='bbox 1074 1831 1135 1868; x_wconf 86' lang='grc' dir='ltr'><strong><em>καὶ</em></strong></span> <span class='ocrx_word' id='word_1_208' title='bbox 1162 1860 1169 1868; x_wconf 94' lang='grc'><strong><em>.</em></strong></span> <span class='ocrx_word' id='word_1_209' title='bbox 1195 1859 1202 1868; x_wconf 88' lang='grc'><strong>.</strong></span> <span class='ocrx_word' id='word_1_210' title='bbox 1229 1831 1429 1878; x_wconf 77' lang='grc' dir='ltr'><strong><em>ἐπολιόρκει</em></strong></span> <span class='ocrx_word' id='word_1_211' title='bbox 1457 1829 1615 1879; x_wconf 87' lang='grc' dir='ltr'><strong><em>Νίσιβιν]</em></strong></span> <span class='ocrx_word' id='word_1_212' title='bbox 1644 1830 1705 1868; x_wconf 86' lang='lat' dir='ltr'><strong><em>De</em></strong></span> 
     </span>
     <span class='ocr_line' id='line_1_24' title="bbox 275 1877 1704 1927; baseline 0.002 -14"><span class='ocrx_word' id='word_1_213' title='bbox 275 1878 452 1914; x_wconf 82' lang='lat' dir='ltr'>ehiasmo</span> <span class='ocrx_word' id='word_1_214' title='bbox 480 1890 517 1914; x_wconf 89' lang='lat' dir='ltr'><strong><em>v.</em></strong></span> <span class='ocrx_word' id='word_1_215' title='bbox 544 1878 598 1914; x_wconf 83' lang='lat' dir='ltr'>ad</span> <span class='ocrx_word' id='word_1_216' title='bbox 624 1877 720 1914; x_wconf 89' lang='lat' dir='ltr'>XIII</span> <span class='ocrx_word' id='word_1_217' title='bbox 746 1880 779 1924; x_wconf 80' lang='lat'><strong><em>2,</em></strong></span> <span class='ocrx_word' id='word_1_218' title='bbox 806 1880 829 1915; x_wconf 91' lang='grc'><strong>6</strong></span> <span class='ocrx_word' id='word_1_219' title='bbox 967 1879 989 1916; x_wconf 90' lang='lat'><strong>7</strong></span> <span class='ocrx_word' id='word_1_220' title='bbox 1015 1881 1195 1926; x_wconf 85' lang='grc' dir='ltr'><strong><em>ἅρμενίων</em></strong></span> <span class='ocrx_word' id='word_1_221' title='bbox 1222 1880 1292 1916; x_wconf 90' lang='lat' dir='ltr'><strong><em>DE</em></strong></span> <span class='ocrx_word' id='word_1_222' title='bbox 1438 1881 1460 1915; x_wconf 92' lang='grc'>8</span> <span class='ocrx_word' id='word_1_223' title='bbox 1485 1881 1647 1927; x_wconf 85' lang='grc' dir='ltr'><strong><em>τιγράτου</em></strong></span> <span class='ocrx_word' id='word_1_224' title='bbox 1675 1880 1704 1917; x_wconf 92' lang='lat' dir='ltr'>C</span> 
     </span>
     <span class='ocr_line' id='line_1_25' title="bbox 320 1926 1704 1975; baseline 0.002 -14"><span class='ocrx_word' id='word_1_225' title='bbox 320 1927 394 1961; x_wconf 85' lang='grc' dir='ltr'><strong><em>τότε</em></strong></span> <span class='ocrx_word' id='word_1_226' title='bbox 422 1937 497 1962; x_wconf 90' lang='lat' dir='ltr'><strong><em>om.</em></strong></span> <span class='ocrx_word' id='word_1_227' title='bbox 525 1926 556 1962; x_wconf 87' lang='lat' dir='ltr'>E</span> <span class='ocrx_word' id='word_1_228' title='bbox 653 1926 697 1972; x_wconf 81' lang='grc' dir='ltr'><strong><em>ἧν</em></strong></span> <span class='ocrx_word' id='word_1_229' title='bbox 722 1927 881 1973; x_wconf 85' lang='grc' dir='ltr'><strong><em>γαμβρὸς</em></strong></span> <span class='ocrx_word' id='word_1_230' title='bbox 907 1927 1009 1974; x_wconf 85' lang='lat' dir='ltr'>pr</span> <span class='ocrx_word' id='word_1_231' title='bbox 1116 1929 1138 1964; x_wconf 86' lang='grc'><strong>9</strong></span> <span class='ocrx_word' id='word_1_232' title='bbox 1165 1932 1256 1975; x_wconf 81' lang='lat' dir='ltr'><strong><em>post</em></strong></span> <span class='ocrx_word' id='word_1_233' title='bbox 1282 1928 1420 1974; x_wconf 82' lang='grc' dir='ltr'><strong><em>εἰλήφει</em></strong></span> <span class='ocrx_word' id='word_1_234' title='bbox 1448 1929 1540 1964; x_wconf 83' lang='lat' dir='ltr'>add.</span> <span class='ocrx_word' id='word_1_235' title='bbox 1568 1929 1602 1964; x_wconf 90' lang='grc' dir='ltr'><strong><em>δι</em></strong></span> <span class='ocrx_word' id='word_1_236' title='bbox 1632 1929 1704 1965; x_wconf 75' lang='lat' dir='ltr'>sed</span> 
     </span>
     <span class='ocr_line' id='line_1_26' title="bbox 274 1974 1703 2022; baseline 0.001 -13"><span class='ocrx_word' id='word_1_237' title='bbox 274 1974 422 2011; x_wconf 86' lang='lat' dir='ltr'>lineola</span> <span class='ocrx_word' id='word_1_238' title='bbox 447 1975 555 2010; x_wconf 86' lang='lat' dir='ltr'>infra</span> <span class='ocrx_word' id='word_1_239' title='bbox 581 1976 768 2021; x_wconf 83' lang='lat' dir='ltr'>apposita</span> <span class='ocrx_word' id='word_1_240' title='bbox 794 1980 979 2012; x_wconf 86' lang='lat' dir='ltr'>notatum</span> <span class='ocrx_word' id='word_1_241' title='bbox 1006 1976 1042 2012; x_wconf 94' lang='lat' dir='ltr'>D</span> <span class='ocrx_word' id='word_1_242' title='bbox 1222 1977 1268 2012; x_wconf 88' lang='lat'><strong><em>10</em></strong></span> <span class='ocrx_word' id='word_1_243' title='bbox 1292 1976 1358 2022; x_wconf 80' lang='grc' dir='ltr'><strong><em>γὰρ</em></strong></span> <span class='ocrx_word' id='word_1_244' title='bbox 1386 1975 1465 2022; x_wconf 87' lang='grc' dir='ltr'><strong><em>ΑΕ,</em></strong></span> <span class='ocrx_word' id='word_1_245' title='bbox 1493 1982 1578 2022; x_wconf 81' lang='grc' dir='ltr'><strong><em>γοῦν</em></strong></span> <span class='ocrx_word' id='word_1_246' title='bbox 1605 1977 1703 2022; x_wconf 85' lang='lat' dir='ltr'>pr</span> 
     </span>
     <span class='ocr_line' id='line_1_27' title="bbox 320 2021 1702 2071; baseline 0.001 -14"><span class='ocrx_word' id='word_1_247' title='bbox 320 2022 363 2058; x_wconf 82' lang='grc' dir='ltr'><strong><em>ἵν’</em></strong></span> <span class='ocrx_word' id='word_1_248' title='bbox 391 2021 548 2069; x_wconf 79' lang='lat' dir='ltr'><strong><em>prDi</em></strong></span> <span class='ocrx_word' id='word_1_249' title='bbox 679 2023 720 2058; x_wconf 92' lang='lat'><strong><em>11</em></strong></span> <span class='ocrx_word' id='word_1_250' title='bbox 750 2023 825 2069; x_wconf 78' lang='grc' dir='ltr'><strong><em>ἁλῷ</em></strong></span> <span class='ocrx_word' id='word_1_251' title='bbox 852 2025 938 2067; x_wconf 89' lang='lat' dir='ltr'>(sic)</span> <span class='ocrx_word' id='word_1_252' title='bbox 965 2023 1011 2069; x_wconf 92' lang='lat' dir='ltr'><strong><em>A,</em></strong></span> <span class='ocrx_word' id='word_1_253' title='bbox 1039 2035 1077 2060; x_wconf 90' lang='lat' dir='ltr'><strong><em>v.</em></strong></span> <span class='ocrx_word' id='word_1_254' title='bbox 1104 2025 1157 2060; x_wconf 88' lang='lat' dir='ltr'>ad</span> <span class='ocrx_word' id='word_1_255' title='bbox 1183 2035 1220 2071; x_wconf 87' lang='lat' dir='ltr'><strong><em>p.</em></strong></span> <span class='ocrx_word' id='word_1_256' title='bbox 1247 2025 1304 2070; x_wconf 88' lang='grc'><strong><em>36,</em></strong></span> <span class='ocrx_word' id='word_1_257' title='bbox 1324 2026 1347 2060; x_wconf 90' lang='grc'>8</span> <span class='ocrx_word' id='word_1_258' title='bbox 1468 2025 1535 2071; x_wconf 82' lang='grc' dir='ltr'><strong><em>γὰρ</em></strong></span> <span class='ocrx_word' id='word_1_259' title='bbox 1563 2035 1639 2061; x_wconf 91' lang='lat' dir='ltr'><strong><em>om.</em></strong></span> <span class='ocrx_word' id='word_1_260' title='bbox 1667 2025 1702 2059; x_wconf 96' lang='lat' dir='ltr'>D</span> 
     </span>
     <span class='ocr_line' id='line_1_28' title="bbox 273 2070 1702 2119; baseline 0.002 -14"><span class='ocrx_word' id='word_1_261' title='bbox 273 2070 319 2105; x_wconf 88' lang='lat'><strong><em>14</em></strong></span> <span class='ocrx_word' id='word_1_262' title='bbox 342 2083 566 2116; x_wconf 87' lang='grc' dir='ltr'><strong><em>μετωχευσεν</em></strong></span> <span class='ocrx_word' id='word_1_263' title='bbox 592 2072 636 2113; x_wconf 87' lang='lat' dir='ltr'><strong><em>(S.</em></strong></span> <span class='ocrx_word' id='word_1_264' title='bbox 663 2072 762 2116; x_wconf 85' lang='lat' dir='ltr'>acc.)</span> <span class='ocrx_word' id='word_1_265' title='bbox 791 2072 832 2116; x_wconf 88' lang='lat' dir='ltr'><strong><em>E,</em></strong></span> <span class='ocrx_word' id='word_1_266' title='bbox 858 2073 1143 2117; x_wconf 83' lang='grc' dir='ltr'><strong><em>μετωχεύτευσεν</em></strong></span> <span class='ocrx_word' id='word_1_267' title='bbox 1169 2072 1205 2108; x_wconf 94' lang='lat' dir='ltr'>D</span> <span class='ocrx_word' id='word_1_268' title='bbox 1342 2072 1387 2109; x_wconf 85' lang='lat'><strong><em>15</em></strong></span> <span class='ocrx_word' id='word_1_269' title='bbox 1412 2074 1577 2118; x_wconf 86' lang='grc' dir='ltr'><strong><em>προδῶεν</em></strong></span> <span class='ocrx_word' id='word_1_270' title='bbox 1604 2072 1702 2119; x_wconf 86' lang='lat' dir='ltr'>pr</span> 
     </span>
     <span class='ocr_line' id='line_1_29' title="bbox 274 2117 654 2165; baseline 0.003 -11"><span class='ocrx_word' id='word_1_271' title='bbox 274 2118 319 2154; x_wconf 87' lang='lat'><strong><em>17</em></strong></span> <span class='ocrx_word' id='word_1_272' title='bbox 345 2118 531 2165; x_wconf 67' lang='grc' dir='ltr'><strong><em>κατήντων</em></strong></span> <span class='ocrx_word' id='word_1_273' title='bbox 557 2117 654 2165; x_wconf 86' lang='lat' dir='ltr'>pr</span> 
     </span>
    </p>
   </div>
   <div class='ocr_carea' id='block_1_6' title="bbox 0 1782 49 1939">
    <p class='ocr_par' dir='ltr' id='par_1_7' title="bbox 0 1782 49 1939">
     <span class='ocr_line' id='line_1_30' title="bbox 0 1782 49 1939; baseline 0 1363"><span class='ocrx_word' id='word_1_274' title='bbox 0 1782 49 1939; x_wconf 95' lang='lat' dir='ltr'><strong><em> </em></strong></span> 
     </span>
    </p>
   </div>
   <div class='ocr_carea' id='block_1_7' title="bbox 199 2271 1738 2943">
    <p class='ocr_par' dir='ltr' id='par_1_8' title="bbox 199 2271 1738 2943">
     <span class='ocr_line' id='line_1_31' title="bbox 321 2271 1702 2322; baseline 0.002 -14"><span class='ocrx_word' id='word_1_275' title='bbox 321 2272 352 2309; x_wconf 80' lang='lat'><strong><em>7.</em></strong></span> <span class='ocrx_word' id='word_1_276' title='bbox 404 2271 518 2316; x_wconf 79' lang='lat' dir='ltr'>Quae</span> <span class='ocrx_word' id='word_1_277' title='bbox 545 2283 636 2309; x_wconf 87' lang='lat' dir='ltr'><strong><em>cum</em></strong></span> <span class='ocrx_word' id='word_1_278' title='bbox 655 2271 914 2310; x_wconf 82' lang='lat' dir='ltr'><strong>Constantius</strong></span> <span class='ocrx_word' id='word_1_279' title='bbox 934 2273 1178 2311; x_wconf 82' lang='lat' dir='ltr'>deliberaret</span> <span class='ocrx_word' id='word_1_280' title='bbox 1205 2277 1244 2311; x_wconf 88' lang='lat' dir='ltr'><strong><em>et</em></strong></span> <span class='ocrx_word' id='word_1_281' title='bbox 1271 2278 1544 2320; x_wconf 85' lang='lat' dir='ltr'>cunctaretur,</span> <span class='ocrx_word' id='word_1_282' title='bbox 1570 2273 1702 2322; x_wconf 86' lang='lat' dir='ltr'>Sapor</span> 
     </span>
     <span class='ocr_line' id='line_1_32' title="bbox 202 2322 1702 2369; baseline 0.001 -12"><span class='ocrx_word' id='word_1_283' title='bbox 202 2325 241 2357; x_wconf 86' lang='lat' dir='ltr'><strong><em>et</em></strong></span> <span class='ocrx_word' id='word_1_284' title='bbox 266 2322 353 2367; x_wconf 80' lang='lat' dir='ltr'>ipse</span> <span class='ocrx_word' id='word_1_285' title='bbox 379 2322 526 2358; x_wconf 81' lang='lat' dir='ltr'>certior</span> <span class='ocrx_word' id='word_1_286' title='bbox 555 2323 686 2357; x_wconf 80' lang='lat' dir='ltr'>sactus</span> <span class='ocrx_word' id='word_1_287' title='bbox 713 2322 764 2358; x_wconf 89' lang='lat' dir='ltr'><strong><em>de</em></strong></span> <span class='ocrx_word' id='word_1_288' title='bbox 790 2323 837 2358; x_wconf 87' lang='lat' dir='ltr'><strong><em>iis</em></strong></span> <span class='ocrx_word' id='word_1_289' title='bbox 864 2332 971 2368; x_wconf 87' lang='lat' dir='ltr'>quae</span> <span class='ocrx_word' id='word_1_290' title='bbox 997 2326 1221 2358; x_wconf 82' lang='lat' dir='ltr'>evenerant</span> <span class='ocrx_word' id='word_1_291' title='bbox 1247 2322 1456 2359; x_wconf 79' lang='lat' dir='ltr'>Constanti</span> <span class='ocrx_word' id='word_1_292' title='bbox 1486 2326 1609 2369; x_wconf 83' lang='lat' dir='ltr'>urget</span> <span class='ocrx_word' id='word_1_293' title='bbox 1636 2334 1702 2369; x_wconf 92' lang='lat' dir='ltr'><strong><em>op-</em></strong></span> 
     </span>
     <span class='ocr_line' id='line_1_33' title="bbox 202 2370 1702 2416; baseline 0.001 -11"><span class='ocrx_word' id='word_1_294' title='bbox 202 2370 491 2415; x_wconf 84' lang='lat' dir='ltr'>portunitatem</span> <span class='ocrx_word' id='word_1_295' title='bbox 518 2373 558 2405; x_wconf 85' lang='lat' dir='ltr'><strong><em>et</em></strong></span> <span class='ocrx_word' id='word_1_296' title='bbox 585 2380 675 2405; x_wconf 89' lang='lat' dir='ltr'><strong><em>cum</em></strong></span> <span class='ocrx_word' id='word_1_297' title='bbox 702 2370 859 2415; x_wconf 82' lang='lat' dir='ltr'>ingenti</span> <span class='ocrx_word' id='word_1_298' title='bbox 887 2371 1071 2406; x_wconf 86' lang='lat' dir='ltr'>exercitu</span> <span class='ocrx_word' id='word_1_299' title='bbox 1098 2371 1330 2416; x_wconf 83' lang='lat' dir='ltr'>provincias</span> <span class='ocrx_word' id='word_1_300' title='bbox 1357 2375 1396 2407; x_wconf 88' lang='lat' dir='ltr'><strong><em>et</em></strong></span> <span class='ocrx_word' id='word_1_301' title='bbox 1422 2371 1545 2406; x_wconf 87' lang='lat' dir='ltr'>urbes</span> <span class='ocrx_word' id='word_1_302' title='bbox 1560 2371 1702 2406; x_wconf 87' lang='lat' dir='ltr'>Roma-</span> 
     </span>
     <span class='ocr_line' id='line_1_34' title="bbox 201 2417 1738 2465; baseline 0.001 -12"><span class='ocrx_word' id='word_1_303' title='bbox 201 2418 263 2453; x_wconf 84' lang='lat' dir='ltr'>nis</span> <span class='ocrx_word' id='word_1_304' title='bbox 289 2417 492 2453; x_wconf 77' lang='lat' dir='ltr'>subiectas</span> <span class='ocrx_word' id='word_1_305' title='bbox 518 2418 686 2462; x_wconf 83' lang='lat' dir='ltr'>invadit,</span> <span class='ocrx_word' id='word_1_306' title='bbox 713 2422 836 2464; x_wconf 87' lang='lat' dir='ltr'>atque</span> <span class='ocrx_word' id='word_1_307' title='bbox 863 2429 914 2454; x_wconf 84' lang='lat' dir='ltr'><strong><em>ex</em></strong></span> <span class='ocrx_word' id='word_1_308' title='bbox 942 2418 1076 2454; x_wconf 84' lang='lat' dir='ltr'>multis</span> <span class='ocrx_word' id='word_1_309' title='bbox 1103 2419 1214 2465; x_wconf 83' lang='lat' dir='ltr'>agris</span> <span class='ocrx_word' id='word_1_310' title='bbox 1234 2423 1354 2465; x_wconf 84' lang='lat' dir='ltr'>capta</span> <span class='ocrx_word' id='word_1_311' title='bbox 1381 2418 1534 2464; x_wconf 81' lang='lat' dir='ltr'>praeda</span> <span class='ocrx_word' id='word_1_312' title='bbox 1563 2418 1738 2455; x_wconf 79' lang='lat' dir='ltr'>castel-2</span> 
     </span>
     <span class='ocr_line' id='line_1_35' title="bbox 202 2466 1701 2512; baseline 0.001 -12"><span class='ocrx_word' id='word_1_313' title='bbox 202 2466 330 2510; x_wconf 77' lang='lat' dir='ltr'>iisque</span> <span class='ocrx_word' id='word_1_314' title='bbox 365 2466 572 2511; x_wconf 83' lang='lat' dir='ltr'>occupatis</span> <span class='ocrx_word' id='word_1_315' title='bbox 609 2466 785 2511; x_wconf 81' lang='lat' dir='ltr'>denique</span> <span class='ocrx_word' id='word_1_316' title='bbox 821 2466 1034 2502; x_wconf 83' lang='lat' dir='ltr'>obsidebat</span> <span class='ocrx_word' id='word_1_317' title='bbox 1060 2466 1227 2511; x_wconf 87' lang='lat' dir='ltr'>Nisibin,</span> <span class='ocrx_word' id='word_1_318' title='bbox 1267 2477 1372 2512; x_wconf 84' lang='lat' dir='ltr'>quae</span> <span class='ocrx_word' id='word_1_319' title='bbox 1408 2466 1613 2511; x_wconf 83' lang='lat' dir='ltr'>quondam</span> <span class='ocrx_word' id='word_1_320' title='bbox 1649 2467 1701 2502; x_wconf 86' lang='lat' dir='ltr'>ad</span> 
     </span>
     <span class='ocr_line' id='line_1_36' title="bbox 199 2512 1700 2560; baseline 0.001 -12"><span class='ocrx_word' id='word_1_321' title='bbox 199 2512 484 2548; x_wconf 84' lang='lat' dir='ltr'>Armeniorum</span> <span class='ocrx_word' id='word_1_322' title='bbox 511 2514 741 2559; x_wconf 83' lang='lat' dir='ltr'>pertinebat</span> <span class='ocrx_word' id='word_1_323' title='bbox 766 2525 940 2560; x_wconf 85' lang='lat' dir='ltr'>regnum</span> <span class='ocrx_word' id='word_1_324' title='bbox 967 2514 1039 2550; x_wconf 89' lang='lat' dir='ltr'><strong><em>sed</em></strong></span> <span class='ocrx_word' id='word_1_325' title='bbox 1065 2515 1142 2549; x_wconf 84' lang='lat' dir='ltr'><strong><em>sub</em></strong></span> <span class='ocrx_word' id='word_1_326' title='bbox 1157 2513 1397 2558; x_wconf 78' lang='lat' dir='ltr'>Mithridate,</span> <span class='ocrx_word' id='word_1_327' title='bbox 1426 2516 1494 2560; x_wconf 90' lang='lat' dir='ltr'>qui</span> <span class='ocrx_word' id='word_1_328' title='bbox 1509 2514 1700 2560; x_wconf 85' lang='lat' dir='ltr'>Tigranis</span> 
     </span>
     <span class='ocr_line' id='line_1_37' title="bbox 200 2561 1700 2608; baseline 0.001 -12"><span class='ocrx_word' id='word_1_329' title='bbox 200 2561 484 2596; x_wconf 87' lang='lat' dir='ltr'>Armeniorum</span> <span class='ocrx_word' id='word_1_330' title='bbox 510 2566 595 2597; x_wconf 89' lang='lat' dir='ltr'><strong><em>tum</em></strong></span> <span class='ocrx_word' id='word_1_331' title='bbox 622 2562 731 2607; x_wconf 76' lang='lat' dir='ltr'>regis</span> <span class='ocrx_word' id='word_1_332' title='bbox 758 2573 886 2608; x_wconf 87' lang='lat' dir='ltr'>gener</span> <span class='ocrx_word' id='word_1_333' title='bbox 913 2566 1001 2598; x_wconf 87' lang='lat' dir='ltr'>erat</span> <span class='ocrx_word' id='word_1_334' title='bbox 1027 2563 1078 2597; x_wconf 86' lang='lat' dir='ltr'><strong><em>ab</em></strong></span> <span class='ocrx_word' id='word_1_335' title='bbox 1106 2562 1256 2607; x_wconf 88' lang='lat' dir='ltr'>illoque</span> <span class='ocrx_word' id='word_1_336' title='bbox 1282 2562 1426 2597; x_wconf 90' lang='lat' dir='ltr'>urbem</span> <span class='ocrx_word' id='word_1_337' title='bbox 1461 2566 1636 2608; x_wconf 82' lang='lat' dir='ltr'>ceperat,</span> <span class='ocrx_word' id='word_1_338' title='bbox 1675 2573 1700 2598; x_wconf 87' lang='lat' dir='ltr'>a</span> 
     </span>
     <span class='ocr_line' id='line_1_38' title="bbox 201 2608 1735 2656; baseline 0.002 -12"><span class='ocrx_word' id='word_1_339' title='bbox 201 2608 392 2645; x_wconf 82' lang='lat' dir='ltr'>Romanis</span> <span class='ocrx_word' id='word_1_340' title='bbox 419 2613 538 2655; x_wconf 83' lang='lat' dir='ltr'>capta</span> <span class='ocrx_word' id='word_1_341' title='bbox 573 2613 660 2645; x_wconf 86' lang='lat' dir='ltr'>erat</span> <span class='ocrx_word' id='word_1_342' title='bbox 693 2609 916 2646; x_wconf 88' lang='lat' dir='ltr'>obsidione.</span> <span class='ocrx_word' id='word_1_343' title='bbox 967 2610 1096 2652; x_wconf 84' lang='lat' dir='ltr'>Quam</span> <span class='ocrx_word' id='word_1_344' title='bbox 1123 2609 1253 2655; x_wconf 83' lang='lat' dir='ltr'>Sapor</span> <span class='ocrx_word' id='word_1_345' title='bbox 1279 2619 1501 2656; x_wconf 83' lang='lat' dir='ltr'>aggressus</span> <span class='ocrx_word' id='word_1_346' title='bbox 1540 2611 1735 2648; x_wconf 76' lang='lat' dir='ltr'>omnen13</span> 
     </span>
     <span class='ocr_line' id='line_1_39' title="bbox 200 2657 1699 2704; baseline 0.002 -13"><span class='ocrx_word' id='word_1_347' title='bbox 200 2658 327 2692; x_wconf 87' lang='lat' dir='ltr'>movit</span> <span class='ocrx_word' id='word_1_348' title='bbox 350 2657 689 2693; x_wconf 79' lang='lat' dir='ltr'>machinationem</span> <span class='ocrx_word' id='word_1_349' title='bbox 716 2658 769 2693; x_wconf 86' lang='lat' dir='ltr'>ad</span> <span class='ocrx_word' id='word_1_350' title='bbox 791 2658 1110 2704; x_wconf 78' lang='lat' dir='ltr'>expugnandam</span> <span class='ocrx_word' id='word_1_351' title='bbox 1129 2658 1283 2701; x_wconf 82' lang='lat' dir='ltr'>urbem,</span> <span class='ocrx_word' id='word_1_352' title='bbox 1311 2658 1507 2693; x_wconf 82' lang='lat' dir='ltr'>arietibus</span> <span class='ocrx_word' id='word_1_353' title='bbox 1525 2658 1699 2694; x_wconf 77' lang='lat' dir='ltr'>admotis</span> 
     </span>
     <span class='ocr_line' id='line_1_40' title="bbox 200 2704 1698 2751; baseline 0.002 -12"><span class='ocrx_word' id='word_1_354' title='bbox 200 2704 251 2739; x_wconf 92' lang='lat' dir='ltr'>ad</span> <span class='ocrx_word' id='word_1_355' title='bbox 278 2714 416 2740; x_wconf 85' lang='lat' dir='ltr'>muros</span> <span class='ocrx_word' id='word_1_356' title='bbox 445 2706 628 2751; x_wconf 82' lang='lat' dir='ltr'>actisque</span> <span class='ocrx_word' id='word_1_357' title='bbox 654 2706 862 2751; x_wconf 81' lang='lat' dir='ltr'>cuniculis,</span> <span class='ocrx_word' id='word_1_358' title='bbox 902 2706 973 2741; x_wconf 84' lang='lat' dir='ltr'>sod</span> <span class='ocrx_word' id='word_1_359' title='bbox 1006 2706 1058 2741; x_wconf 88' lang='lat' dir='ltr'>ad</span> <span class='ocrx_word' id='word_1_360' title='bbox 1095 2706 1230 2741; x_wconf 85' lang='lat' dir='ltr'>onmia</span> <span class='ocrx_word' id='word_1_361' title='bbox 1265 2706 1423 2741; x_wconf 79' lang='lat' dir='ltr'>fortiter</span> <span class='ocrx_word' id='word_1_362' title='bbox 1455 2707 1698 2742; x_wconf 80' lang='lat' dir='ltr'>resistebant</span> 
     </span>
     <span class='ocr_line' id='line_1_41' title="bbox 201 2752 1734 2800; baseline 0.003 -14"><span class='ocrx_word' id='word_1_363' title='bbox 201 2752 268 2798; x_wconf 87' lang='lat' dir='ltr'>qui</span> <span class='ocrx_word' id='word_1_364' title='bbox 296 2752 600 2788; x_wconf 79' lang='lat' dir='ltr'>obsidebantur.</span> <span class='ocrx_word' id='word_1_365' title='bbox 651 2752 710 2788; x_wconf 82' lang='lat' dir='ltr'><strong><em>Ac</em></strong></span> <span class='ocrx_word' id='word_1_366' title='bbox 736 2754 916 2798; x_wconf 81' lang='lat' dir='ltr'>fluvium,</span> <span class='ocrx_word' id='word_1_367' title='bbox 956 2755 1025 2799; x_wconf 85' lang='lat' dir='ltr'>qui</span> <span class='ocrx_word' id='word_1_368' title='bbox 1053 2764 1125 2800; x_wconf 87' lang='lat' dir='ltr'><strong><em>per</em></strong></span> <span class='ocrx_word' id='word_1_369' title='bbox 1151 2753 1324 2788; x_wconf 86' lang='lat' dir='ltr'>mediam</span> <span class='ocrx_word' id='word_1_370' title='bbox 1358 2753 1510 2789; x_wconf 85' lang='lat' dir='ltr'>fluebat</span> <span class='ocrx_word' id='word_1_371' title='bbox 1543 2755 1734 2798; x_wconf 84' lang='lat' dir='ltr'>urbem,4</span> 
     </span>
     <span class='ocr_line' id='line_1_42' title="bbox 201 2800 1734 2847; baseline 0.002 -13"><span class='ocrx_word' id='word_1_372' title='bbox 201 2800 414 2843; x_wconf 85' lang='lat' dir='ltr'>derivavit,</span> <span class='ocrx_word' id='word_1_373' title='bbox 456 2804 501 2836; x_wconf 85' lang='lat' dir='ltr'><strong><em>ut</em></strong></span> <span class='ocrx_word' id='word_1_374' title='bbox 541 2801 604 2836; x_wconf 84' lang='lat' dir='ltr'>siti</span> <span class='ocrx_word' id='word_1_375' title='bbox 645 2802 773 2836; x_wconf 82' lang='lat' dir='ltr'>coacti</span> <span class='ocrx_word' id='word_1_376' title='bbox 814 2801 1008 2847; x_wconf 80' lang='lat' dir='ltr'>oppidani</span> <span class='ocrx_word' id='word_1_377' title='bbox 1048 2801 1267 2847; x_wconf 84' lang='lat' dir='ltr'>proderent</span> <span class='ocrx_word' id='word_1_378' title='bbox 1306 2801 1382 2836; x_wconf 79' lang='lat' dir='ltr'>sibi</span> <span class='ocrx_word' id='word_1_379' title='bbox 1420 2802 1573 2837; x_wconf 81' lang='lat' dir='ltr'>urbem.</span> <span class='ocrx_word' id='word_1_380' title='bbox 1647 2802 1734 2837; x_wconf 69' lang='lat' dir='ltr'>Iis-5</span> 
     </span>
     <span class='ocr_line' id='line_1_43' title="bbox 200 2848 1698 2895; baseline 0.001 -12"><span class='ocrx_word' id='word_1_381' title='bbox 200 2851 335 2883; x_wconf 83' lang='lat' dir='ltr'>autem</span> <span class='ocrx_word' id='word_1_382' title='bbox 368 2848 622 2884; x_wconf 84' lang='lat' dir='ltr'>abundantia</span> <span class='ocrx_word' id='word_1_383' title='bbox 654 2854 741 2885; x_wconf 85' lang='lat' dir='ltr'>erat</span> <span class='ocrx_word' id='word_1_384' title='bbox 773 2860 905 2895; x_wconf 84' lang='lat' dir='ltr'>aquae</span> <span class='ocrx_word' id='word_1_385' title='bbox 939 2853 1022 2884; x_wconf 81' lang='lat' dir='ltr'>tuin</span> <span class='ocrx_word' id='word_1_386' title='bbox 1059 2860 1108 2885; x_wconf 83' lang='lat' dir='ltr'><strong><em>ex</em></strong></span> <span class='ocrx_word' id='word_1_387' title='bbox 1144 2849 1276 2895; x_wconf 83' lang='lat' dir='ltr'>puteis</span> <span class='ocrx_word' id='word_1_388' title='bbox 1310 2852 1392 2885; x_wconf 88' lang='lat' dir='ltr'><strong><em>tum</em></strong></span> <span class='ocrx_word' id='word_1_389' title='bbox 1431 2860 1482 2885; x_wconf 86' lang='lat' dir='ltr'><strong><em>ex</em></strong></span> <span class='ocrx_word' id='word_1_390' title='bbox 1517 2850 1698 2885; x_wconf 86' lang='lat' dir='ltr'>fontibus</span> 
     </span>
     <span class='ocr_line' id='line_1_44' title="bbox 199 2894 1733 2943; baseline 0.002 -12"><span class='ocrx_word' id='word_1_391' title='bbox 199 2894 380 2932; x_wconf 78' lang='lat' dir='ltr'>haustae.</span> <span class='ocrx_word' id='word_1_392' title='bbox 433 2896 550 2939; x_wconf 83' lang='lat' dir='ltr'>Quod</span> <span class='ocrx_word' id='word_1_393' title='bbox 578 2907 674 2932; x_wconf 79' lang='lat' dir='ltr'>vero</span> <span class='ocrx_word' id='word_1_394' title='bbox 701 2897 751 2932; x_wconf 87' lang='lat' dir='ltr'>ad</span> <span class='ocrx_word' id='word_1_395' title='bbox 780 2898 934 2932; x_wconf 84' lang='lat' dir='ltr'>irritum</span> <span class='ocrx_word' id='word_1_396' title='bbox 955 2898 990 2932; x_wconf 82' lang='lat' dir='ltr'><strong><em>ei</em></strong></span> <span class='ocrx_word' id='word_1_397' title='bbox 1011 2897 1211 2932; x_wconf 70' lang='lat' dir='ltr'>ceciderat</span> <span class='ocrx_word' id='word_1_398' title='bbox 1231 2907 1333 2943; x_wconf 76' lang='lat' dir='ltr'>spes,</span> <span class='ocrx_word' id='word_1_399' title='bbox 1361 2896 1471 2933; x_wconf 82' lang='lat' dir='ltr'>aliud</span> <span class='ocrx_word' id='word_1_400' title='bbox 1491 2898 1695 2943; x_wconf 81' lang='lat' dir='ltr'>quoddam</span> <span class='ocrx_word' id='word_1_401' title='bbox 1711 2899 1733 2935; x_wconf 83' lang='lat'>6</span> 
     </span>
    </p>
   </div>
  </div>
 </body>
</html>
