2020 3230
362 232 432 271 894
844 234 1016 281 Ὀσροηνή
1035 255 1075 260 —
1095 233 1311 279 Οὐαλλέριοι.

361 354 565 399 Ὀσροηνή
594 354 631 389 Π
657 355 807 396 561,15.
837 354 1072 399 ὈσροηνοίΠ

409 403 559 446 549,12.
591 402 648 436 ΙΙΙ
678 402 754 446 149,
768 402 800 436 4.

357 451 564 488 Ὁστίλιος
599 449 656 494 [L.
691 448 893 493 Hostilius]
929 449 1073 483 Manci-

409 508 485 532 nus
511 497 684 543 Megalia
710 498 817 542 capit
843 500 882 531 et
907 499 1017 531 tenet
1035 495 1073 530 ΙΙ

409 545 490 589 289,
507 545 679 588 18-290,
696 544 750 579 19.

363 592 450 638 [M.’]
470 592 706 630 Ὀτακίλιος
731 591 895 635 Κράσσος
924 602 1002 626 COS.
1034 590 1072 625 II

410 640 557 684 136,19.
585 640 664 683 137,
680 640 712 675 7.
740 640 795 674 11.

362 688 533 732 Ὀτάνης
574 687 697 722 Persa
739 685 933 723 Smerden
982 697 1070 722 eum

408 736 526 771 sociis
557 738 676 770 necat
707 734 724 769 I
754 734 834 778 307,
849 734 1001 776 6—308,
1017 734 1071 768 10.

408 783 487 826 309,
502 782 652 826 5-310,
667 782 700 816 4.
727 782 1016 827 rempublicam
1033 782 1073 816 li—

408 831 546 865 beram
573 830 761 875 proponit
786 830 866 873 310,
883 829 915 864 6.

366 878 725 915 Οὗαλεντινιανός
748 878 777 912 1.
798 877 827 911 Ι.
855 878 1073 922 imperator

411 925 470 959 III
489 925 544 969 72,
559 925 590 959 6.
619 925 676 967 73,
690 925 723 959 3.
751 924 966 960 Salustium
992 935 1072 959 non

409 973 568 1007 dimittit
594 973 649 1017 73,
671 972 703 1007 5.
749 973 835 1007 eius
866 982 930 1008 res
966 977 1073 1007 ante-

408 1031 530 1103 ‘7³:>¹‚¹a÷3¹¹
560 1021 820 1113 ἐῖἒξθὲἒιξέὲο
836 1023 894 1103 ⁶35
927 1020 1073 1103 3¹25.ssssss

409 1116 466 1158 73,
485 1115 612 1150 9-15,
658 1115 861 1150 Orientem
909 1116 1074 1150 mandat

408 1163 565 1198 Valenti
592 1163 705 1198 fratri
732 1163 859 1206 73,16.
898 1164 939 1197 in
966 1163 1074 1198 Occi-

411 1211 530 1246 dente
564 1214 703 1246 contra
729 1211 924 1246 barbaros
951 1221 1074 1257 saepe

408 1259 537 1294 victor
569 1258 695 1302 73,16.
736 1260 822 1294 eius
853 1269 1003 1294 uxores
1036 1262 1075 1294 et

410 1307 626 1351 progenies
652 1306 707 1350 74,
723 1306 826 1341 2—7.
855 1305 1074 1342 Gratianus

410 1356 434 1388 f.
467 1354 686 1399 imperator
717 1354 943 1399 appellatur
969 1353 1026 1396 74,
1040 1354 1073 1389 2.

407 1401 463 1445 82,
477 1402 510 1436 8.
541 1402 615 1436 sub
635 1411 682 1436 eo
702 1402 957 1446 patriarchae
976 1401 1074 1447 Cpo-

407 1449 521 1483 litani
546 1448 603 1491 74,
618 1450 651 1484 8.
689 1449 944 1484 Ambrosium
977 1450 1075 1484 facit

408 1497 641 1542 episcopum
678 1496 892 1532 Mediolani
935 1497 992 1539 74,
1019 1497 1072 1532 11.

407 1544 614 1580 Valentem
627 1545 776 1580 frustra
788 1545 837 1580 de
845 1543 1072 1580 Arianismo

407 1595 543 1627 monet
569 1592 624 1636 74,
641 1592 696 1626 12.
739 1592 979 1627 Rhodanum
1005 1603 1074 1638 pu-

410 1640 469 1674 nit
501 1639 558 1683 74,
574 1639 724 1684 18-75‚
740 1639 795 1675 14.
836 1641 918 1675 obit
945 1639 1071 1684 75,15.

407 1686 463 1731 82,
479 1687 511 1722 9.
539 1688 625 1722 eius
651 1688 761 1723 vitae
788 1691 826 1723 et
851 1688 968 1734 regni
986 1698 1073 1733 spa-

407 1735 506 1769 tium
532 1734 658 1778 75,15.

363 1801 405 1806 —
433 1782 465 1817 2.
505 1781 553 1817 II.
580 1782 850 1819 Valentiniani
876 1783 906 1818 Ι,
946 1787 985 1818 et
1010 1783 1072 1818 Iu-

407 1830 536 1865 stinae
562 1830 588 1865 f.
615 1830 675 1865 111
701 1830 756 1874 74,
771 1830 804 1865 4.
831 1841 855 1865 a
880 1831 1072 1866 militibus

407 1878 625 1922 imperator
636 1878 832 1913 salutatus
844 1889 868 1913 a
877 1877 1071 1914 Gratiano

409 1925 564 1970 collega
598 1926 753 1972 imperii
781 1926 990 1961 asciscitur
1015 1926 1071 1971 82,

408 1973 535 2008 6-17.
577 1973 613 2008 ei
646 1973 873 2009 Occidentis
905 1975 1073 2019 impera-

407 2020 483 2055 tori
491 2019 642 2056 Ariano
658 2021 909 2056 Theodosius
920 2021 949 2056 Ι.
961 2023 1073 2056 auxi-

410 2068 462 2102 lio
486 2069 654 2104 veniens
680 2069 899 2104 Maximum
931 2073 970 2104 et
995 2069 1073 2104 An-

409 2115 667 2160 dragathium
699 2120 818 2152 necat
849 2117 1071 2161 84‚18——85,

409 2162 463 2197 12.
489 2163 674 2208 Eugenio
693 2165 930 2210 insurgente
948 2175 991 2200 se
1008 2175 1073 2200 ne-

409 2212 473 2244 cat
498 2210 554 2254 85,
570 2211 720 2247 13-15.

361 2276 404 2280 —
440 2257 472 2292 3.
511 2257 580 2293 III.
617 2258 840 2295 Constantii
876 2263 915 2295 et
949 2259 1073 2295 Placi-

408 2304 498 2339 diae
522 2305 547 2339 f.
572 2305 633 2340 III
658 2307 714 2352 99,
728 2307 761 2342 3.
789 2307 867 2352 119,
883 2308 916 2343 7.
947 2307 1073 2342 Roma

408 2352 546 2396 pulsus
576 2354 653 2396 100,
667 2354 701 2389 4.
732 2365 804 2390 rex
831 2354 982 2390 Romae
1008 2366 1073 2390 ve-

408 2401 502 2434 teris
537 2400 646 2436 ducit
678 2402 901 2437 Eudoxiam
941 2403 1019 2444 119,
1040 2403 1071 2438 7.

409 2446 638 2529 sitSMaximo
675 2452 844 2485 necatur
879 2450 1071 2493 119,10—

365 2541 477 2577 Οὐαλ
487 2549 649 2583 εντΐνος
659 2544 887 2580 haereticus
901 2545 939 2580 Π
949 2545 1070 2588 5263.

361 2590 398 2623 αἱ
433 2589 668 2635 Οὐαλέριαι
700 2597 799 2636 νῆσοι
833 2596 913 2627 tres
946 2603 1072 2638 prope

408 2637 642 2682 Hispaniam
670 2640 770 2674 sitae
797 2639 834 2673 II
860 2640 941 2682 230,
956 2641 1011 2675 20.

366 2684 661 2729 Οὐαλεριανός
701 2686 925 2722 Aemiliano
965 2689 1071 2723 Victo

410 2735 448 2766 et
475 2736 617 2768 necato
639 2734 682 2768 fit
699 2735 916 2779 imperator
941 2735 978 2769 II
991 2735 1072 2780 591,

411 2780 583 2824 13—592,
594 2780 626 2815 5.
646 2780 828 2817 Gallieno
848 2782 926 2817 filio
947 2783 1071 2817 ascito

410 2827 564 2872 collega
600 2830 853 2873 persequitur
888 2829 1071 2865 Christia-

409 2884 482 2908 nos
500 2874 580 2917 592,
595 2874 651 2910 20.
678 2877 752 2910 sub
771 2886 818 2911 eo
833 2880 964 2911 motus
980 2875 1073 2922 Scy-

409 2921 567 2956 tharum
601 2926 639 2957 et
663 2923 878 2958 Persarum
907 2924 987 2969 593,
1003 2925 1071 2959 4—

1193 353 1247 388 12.
1281 354 1439 399 capitur
1465 365 1488 389 a
1513 353 1646 390 Persis
1669 353 1750 398 593,
1765 354 1856 390 12—

1191 401 1248 436 22.
1288 401 1370 445 (alii
1401 402 1584 437 referunt
1617 412 1708 438 eum
1751 402 1856 438 ultro

1192 449 1244 484 ad
1279 449 1424 484 Persas
1462 450 1622 485 venisse
1659 449 1740 492 593,
1763 449 1855 485 23-

1191 496 1356 539 594,11).
1398 497 1482 532 obit
1512 497 1662 542 595,16.
1700 498 1775 533 sub
1808 507 1855 534 eo

1193 545 1371 590 episcopi
1406 544 1569 588 Romae,
1606 544 1856 588 Antiochiae,

1191 591 1857 637 Hierosolymorum,Alexandriae

1191 640 1271 682 596,
1288 640 1342 674 10.
1371 659 1413 665 -
1441 639 1480 674 Π
1505 639 1586 683 596,
1602 640 1657 676 15.

1148 687 1320 732 Οὐάλης
1337 687 1366 722 1.
1394 688 1608 733 episcopus
1629 688 1857 734 Hierosoly-

1192 735 1366 770 mitanus
1393 735 1430 769 ΙΙ
1456 734 1537 777 539,
1551 735 1583 770 3.

1146 803 1188 808 -—
1215 782 1248 817 2.
1285 786 1539 818 astronomus
1565 782 1698 828 Cpolis
1723 783 1857 818 thema

1193 831 1399 865 constituit
1424 830 1483 864 III
1509 830 1566 873 14,
1582 830 1730 875 14-15,
1746 831 1802 866 16.

1145 899 1189 903 —
1216 878 1248 912 3.
1277 878 1547 913 Valentiniani
1581 879 1706 913 frater
1735 879 1857 924 impe—

1192 929 1302 960 rator
1318 925 1490 961 Orientis
1515 925 1573 960 111
1592 926 1647 970 73,
1663 926 1719 962 16.
1745 925 1856 961 Aria-

1192 984 1268 1008 nus
1312 973 1559 1009 orthodoxos
1600 975 1856 1019 persequitur

1193 1021 1316 1064 74,12.
1343 1021 1471 1066 75,19.
1495 1021 1550 1065 76,
1566 1022 1599 1056 8.
1626 1021 1753 1064 77,15.
1780 1021 1856 1057 Do-

1191 1069 1339 1103 minica
1372 1070 1459 1104 eius
1490 1079 1596 1104 uxor
1620 1068 1773 1104 Ariana
1799 1069 1856 1114 75,

1194 1116 1248 1151 19.
1299 1115 1447 1150 LXXX
1484 1116 1715 1152 sacerdotes
1754 1127 1857 1152 com-

1191 1164 1414 1208 burit76,1.
1442 1163 1578 1199 Basilii
1592 1165 1766 1210 impulsu
1781 1165 1856 1199 sub

1194 1222 1240 1246 eo
1274 1212 1511 1247 miraculum
1546 1212 1590 1246 fit
1624 1212 1675 1247 de
1707 1212 1855 1258 templo

1191 1259 1369 1295 Nicaeno
1389 1259 1669 1304 76,10-77‚14.
1696 1259 1857 1295 Iudaeis

1193 1310 1232 1342 et
1262 1308 1434 1353 paganis
1460 1307 1612 1342 amicus
1639 1308 1694 1350 77,
1714 1307 1770 1343 15.
1820 1308 1858 1342 ei

1193 1358 1334 1390 contra
1394 1354 1564 1400 Scythas
1624 1355 1854 1400 profecturo

1193 1402 1373 1438 Isaacius
1398 1406 1566 1437 mortem
1594 1402 1791 1447 praedicit
1818 1406 1857 1438 et

1193 1451 1392 1485 somnium
1424 1454 1595 1495 apparet
1631 1450 1855 1494 77,17—78‚

1194 1497 1248 1533 16.
1298 1496 1516 1532 Gratianus
1544 1497 1793 1533 orthodoxus
1820 1498 1857 1532 ei

1191 1548 1316 1590 negat
1342 1545 1494 1579 auxilia
1520 1545 1636 1589 82,17
1652 1555 1681 1580 s.
1713 1555 1736 1579 a
1763 1544 1855 1591 Scy-

1192 1593 1269 1628 this
1297 1593 1426 1628 victus
1454 1593 1702 1628 comburitur
1741 1593 1796 1637 78,
1812 1593 1858 1627 16

1191 1640 1367 1685 —79,11.
1417 1640 1597 1675 Isaacius
1635 1641 1721 1676 eius
1756 1651 1857 1676 mor-

1191 1691 1270 1723 tem
1306 1688 1500 1733 praedicit
1539 1688 1596 1729 79,
1610 1687 1643 1723 3.
1694 1688 1769 1724 sub
1808 1698 1856 1723 eo

1190 1735 1412 1781 Procopius
1445 1736 1635 1771 deficiens
1670 1739 1757 1771 erat
1790 1746 1856 1771 ne-

1191 1786 1303 1818 catus
1336 1787 1375 1818 et
1402 1783 1665 1819 Chalcedonis
1696 1785 1856 1819 moenia

1191 1834 1307 1866 erant
1322 1831 1453 1866 deleta
1468 1831 1683 1874 79,12—17.
1710 1841 1857 1877 aquae-

1192 1879 1357 1913 ductum
1378 1878 1597 1924 Cpolitanis
1623 1879 1857 1915 aedificarat

1191 1927 1247 1970 80,
1276 1926 1330 1961 10.
1376 1929 1544 1961 necarat
1569 1929 1755 1962 auctores
1781 1927 1856 1962 ale-

1191 1975 1454 2009 ctromantiae
1481 1977 1519 2009 et
1541 1975 1650 2010 viros
1677 1974 1729 2009 ad
1755 1985 1856 2020 quos

1192 2023 1394 2067 pertinere
1429 2032 1478 2057 ea
1510 2022 1725 2056 videbatur
1762 2022 1855 2067 81,3

1191 2070 1295 2113 —82,
1310 2070 1343 2104 2.
1382 2069 1601 2104 iracundus
1627 2068 1683 2113 82,
1698 2069 1731 2105 2.
1771 2071 1857 2105 eius

1191 2118 1309 2162 regni
1336 2118 1509 2162 spatium
1535 2117 1592 2161 82,
1606 2116 1639 2152 4.
1678 2117 1856 2153 Valentis

1191 2175 1370 2248 fflgrggnss
1389 2165 1432 2199 fit
1458 2164 1642 2200 Gratiani
1679 2165 1736 2210 84,
1751 2165 1783 2201 7.
1811 2185 1854 2190 -

1325 2240 1332 2256 ,
1373 2239 1380 2247 .

1145 2280 1186 2285 —
1215 2260 1248 2294 4.
1276 2265 1446 2295 necatur
1472 2271 1496 2295 a
1516 2259 1771 2306 Copronymo
1797 2260 1856 2295 III

1191 2308 1272 2350 271,
1289 2309 1321 2343 8.

1145 2375 1187 2381 —
1215 2356 1247 2390 5.
1273 2367 1310 2390 V.
1329 2356 1703 2394 Κωνσταντινούπολις.

1148 2404 1178 2439 O
1187 2403 1286 2438 ὑαλλ
1295 2417 1338 2447 ερ
1348 2405 1388 2439 ία
1400 2403 1553 2448 [Άλερία]
1565 2403 1749 2439 Corsicae
1758 2404 1856 2438 urbs

1191 2450 1230 2485 Π
1257 2451 1337 2493 142,
1356 2451 1407 2486 12.
1428 2471 1469 2475 —-
1489 2451 1674 2486 Ceterum
1705 2462 1741 2486 v.
1767 2451 1856 2486 Βαλ-

1189 2499 1296 2543 λερία.

1148 2546 1406 2590 Οὐαλλέριοι
1435 2546 1465 2581 1.
1505 2546 1546 2580 Ρ.
1574 2545 1757 2581 Valerius
1782 2545 1856 2581 Po-

1194 2594 1338 2639 plicola
1353 2593 1390 2628 II
1408 2593 1528 2635 41,19.
1555 2593 1613 2635 42,
1624 2593 1656 2628 5.
1685 2603 1763 2628 cos,
1782 2595 1855 2628 Πο-

1189 2642 1356 2679 πλικόλας
1383 2641 1511 2676 dictus
1537 2640 1594 2682 44,
1610 2640 1665 2674 21.
1704 2641 1856 2685 primus

1192 2690 1233 2723 in
1253 2689 1464 2724 consulatu
1483 2688 1702 2733 triumphat
1726 2688 1784 2730 45,
1799 2688 1855 2723 15.

1191 2737 1334 2771 iterum
1354 2746 1433 2771 cos.
1450 2735 1507 2779 45,
1522 2735 1578 2769 22.
1598 2736 1757 2770 tertium
1777 2745 1854 2771 cos.

1190 2784 1248 2825 47,
1262 2784 1294 2818 3.
1336 2784 1497 2818 domum
1524 2793 1638 2818 suam
1666 2783 1771 2818 delet
1797 2783 1855 2828 47,

1194 2831 1237 2865 16
1253 2841 1281 2865 s.
1307 2832 1394 2866 eius
1413 2831 1477 2865 lex
1497 2831 1546 2865 de
1567 2831 1855 2876 provocatione

1190 2877 1248 2920 48,
1267 2878 1299 2913 5.
1343 2879 1623 2923 quaestoribus
1663 2879 1856 2923 pecunias

1192 2925 1261 2960 dat
1275 2925 1613 2961 administrandas
1627 2926 1714 2970 48,6
1725 2935 1752 2961 s.
1769 2926 1855 2961 eius

1967 0 2001 218 amam-Q
