2066 3230
399 218 670 262 ROBER'I'VS
696 219 892 264 VICTVS.
942 221 1099 266 ‘rvncl
1125 223 1328 267 INSVLIS
1354 226 1585 270 EXPVLSI.
1670 228 1741 272 ¹137

246 344 477 400 ἐπιφανῶν,
521 345 656 394 δεινὸς
693 347 740 390 δὲ
770 347 842 390 καὶ
870 348 946 404 τὴν
975 350 1182 405 πονηρίαν
1210 351 1359 407 πολύς)
1406 353 1472 395 διὰ
1510 354 1739 410 πλοιαρίων

246 412 400 467 ὀλίγων
436 414 603 457 ἀνωιστί
640 419 690 471 τῇ
729 417 847 472 νήσῳ
877 416 977 472 Χίῳ
1013 419 1343 474 προσορμισθεὶς
1378 422 1552 477 κατέσχε
1587 424 1738 479 ταύτην
1751 432 1782 468 Β

245 480 317 523 καὶ
347 481 495 524 στόλον
525 483 570 524 ἐν
600 483 706 539 αὐτῇ
735 490 949 540 ναυπηγεῒ,
983 484 1035 528 δι’
1068 485 1120 529 οὗ
1149 488 1224 543 τήν
1254 504 1296 530 τε
1327 488 1493 544 Λέσβον
1524 491 1738 546 ἀνήρπασε

245 549 317 591 καὶ
346 549 421 605 τὴν
450 550 604 606 Σάμον
633 553 709 607 τήν
738 568 780 594 τε
805 553 952 596 Ῥόδον
981 552 1056 610 ὑφ’
1089 555 1239 598 ἑαυτὸν
1269 557 1492 612 ἐποιήσατο
1522 558 1593 601 καὶ
1625 560 1736 602 πλεί-

129 623 132 625 ’
207 621 231 658 5
245 633 321 664 ους
350 618 478 666 ἄλλας
505 622 592 662 τῶν
622 621 779 676 νήσων.
841 622 1026 678 ἐξηλάθη
1060 620 1098 665 δ’
1125 623 1250 671 αὖθις
1279 626 1432 675 αὑτῶν,
1463 626 1612 669 στόλου
1632 627 1735 670 Ῥω·
1752 638 1796 673 15

241 690 401 741 μαΐκοῢ
440 687 691 738 ἐπελθόντος
726 693 813 736 ταῖς
851 690 1011 748 ἐκείνου
1047 692 1238 747 τριήρεσι.
1299 693 1371 735 καὶ
1406 695 1431 749 ἡ
1469 699 1596 750 νῆσος
1633 696 1671 738 δ’
1708 698 1734 752 ἡ
1752 706 1796 743 16

242 754 402 810 Κρήτη,
444 755 554 811 πρὸς
585 756 630 799 δὲ
660 762 710 813 τῇ
741 758 811 800 καὶ
842 759 868 813 ἦ
902 758 1079 814 Κύπρος
1114 760 1369 804 ἀποστασίαν
1405 763 1619 818 ἐνόσησαν,
1662 765 1736 820 τὴν

240 823 320 878 μὲν
348 828 423 866 τοῦ
454 824 623 881 Καρίκη
660 826 966 882 κατεσχηκότος
1001 828 1073 870 καὶ
1111 829 1364 884 ἀντάραντος
1399 835 1516 886 χεῖρα
1553 838 1615 887 τῷ
1655 835 1733 888 βα-

242 892 352 941 σιλεῖ,
394 892 469 948 τὴν
505 893 683 948 Κύπρον
722 895 770 937 δέ
805 911 851 950 γε
886 900 960 938 τοῦ
987 896 1302 953 Ῥαψομμάτου.
1363 899 1466 942 ἀλλὰ
1505 901 1575 943 καὶ
1614 900 1733 944 αὗται
1750 911 1793 948 17

182 965 229 1001 10
240 965 291 1016 τῇ
316 961 542 1018 Ῥωμαίων
578 962 704 1011 αὖθις
740 964 820 1006 οὐκ
859 965 917 1012 εἷς
951 965 1122 1021 μακρὸν
1158 967 1491 1023 ἐπανεσώθησαν
1522 970 1731 1026 ἡγεμονίᾳ.

240 1029 434 1072 ἐντεῦθεν
469 1031 494 1073 ὁ
529 1031 721 1087 βασιλεὺς
763 1033 1056 1089 ἀναλωμάτων
1095 1035 1295 1090 δεόμενος
1331 1036 1513 1091 τρόπους
1551 1038 1730 1093 ἀποτρο-
1748 1048 1792 1084 18

236 1098 389 1145 παίους
431 1098 635 1155 συλλογῆς
679 1101 912 1156 χρημάτων
957 1101 1178 1156 ἐξεύρισκε,
1225 1102 1295 1145 καὶ
1342 1104 1511 1159 ὄφειλάς
1557 1106 1732 1152 ἀδίκους

236 1166 402 1222 εἰσῆγον
432 1167 538 1209 κατὰ
569 1172 655 1210 τῶν
686 1169 935 1224 ἀνθρώπων
959 1171 1000 1211 οῖ
1030 1168 1094 1212 ἐπ’
1117 1171 1234 1226 αὐτῷ
1264 1173 1512 1227 τεταγμένοι,
1544 1173 1615 1215 καὶ
1646 1174 1729 1229 ἀφ·
1745 1183 1775 1220 C

235 1239 417 1290 ῃροῦντο
447 1235 520 1284 τὰς
551 1237 706 1284 οἰκείας
735 1238 879 1285 οὐσίας
916 1240 957 1280 οἳ
984 1238 1118 1293 μηδὲν
1150 1239 1324 1286 δικαίως
1354 1240 1600 1295 ὀφείλοντες.
1663 1242 1727 1284 ἐν·
1745 1252 1789 1288 19

178 1310 224 1346 15
236 1303 385 1346 τεῢθεν
421 1305 682 1361 ἀπογραφεῒς
719 1310 934 1361 πανταχοῦ
971 1311 1056 1348 τῶν
1087 1307 1131 1349 ἐν
1160 1308 1304 1362 ἀγροῖς
1334 1308 1406 1350 καὶ
1435 1310 1607 1364 χωρίοις
1639 1310 1727 1352 δια-

236 1376 463 1428 φερουσῶν
493 1378 578 1421 τοΐς
607 1374 812 1429 ὑπηκόοις
842 1375 1075 1417 ἐστέλλοντο
1106 1376 1307 1431 κτήσεων,
1338 1377 1409 1419 καὶ
1431 1376 1478 1418 τὰ
1501 1377 1623 1420 καινὰ
1645 1382 1729 1420 τῶν

234 1511 259 1547 6
281 1511 362 1558 περὶ
387 1517 448 1558 τῆς
472 1513 615 1559 Κρήτης
639 1513 699 1549 καὶ
725 1518 784 1559 τῆς
809 1514 958 1559 Κύπρου
984 1514 1013 1550 O
1111 1515 1153 1550 11
1181 1515 1244 1551 ὅσα
1269 1514 1431 1561 ἐποίησεν
1456 1515 1556 1555 οὗτος
1574 1518 1664 1558 (om.
1683 1516 1727 1560 Ε)

234 1560 255 1594 ὃ
277 1559 442 1607 βασιλεὺς
467 1560 530 1597 ΟΕ
554 1561 643 1606 πρὸς
667 1561 828 1597 κάκωσιν
853 1566 923 1597 τῶν
948 1562 1121 1608 ὑπηκόων
1148 1561 1178 1599 C

307 1693 326 1728 1
353 1692 462 1738 ἐπιφα
476 1718 700 1729 ..........
722 1694 728 1737 Ι
749 1692 809 1729 καὶ
835 1692 897 1740 τὴν
923 1692 958 1728 D
1035 1693 1058 1729 2
1082 1693 1227 1730 ἀνωιστί
1256 1704 1331 1730 om.
1347 1693 1416 1729 BD
1489 1694 1513 1730 4
1537 1693 1600 1741 τὴν
1618 1695 1728 1741 prius

307 1750 383 1777 om.
402 1740 433 1776 B
506 1743 596 1787 post
623 1740 686 1787 τήν
711 1741 823 1787 prius
852 1741 944 1777 add.
969 1754 1006 1777 τε
1023 1740 1091 1778 CD
1165 1741 1227 1788 τήν
1252 1741 1300 1787 τε]
1327 1742 1388 1778 καὶ
1413 1741 1444 1777 Β
1517 1742 1700 1789 ἐποιήσατε
1720 1742 1724 1788 Ι

1414 1803 1453 1829 Ος

307 1824 343 1859 D
432 1824 466 1860 ὅ.
480 1824 503 1860 6
529 1824 562 1860 δ’
578 1824 700 1864 αὖθις·
726 1824 787 1860 καὶ
804 1829 875 1860 τῶν
893 1825 1007 1860 στόλω
1023 1825 1212 1870 ρωμαΐκοῦ
1229 1824 1447 1870 §incaedua
1475 1825 1509 1860 D
1595 1825 1618 1860 6
1642 1825 1676 1861 δ’
1690 1825 1726 1871 ἧ]

305 1871 346 1908 δὲ
362 1871 432 1907 BD
522 1873 544 1909 7
568 1872 758 1918 ἀποστασία
777 1871 813 1907 D
897 1873 920 1908 8
944 1874 1078 1918 καρίκη
1097 1871 1302 1918 ΑΒΝρΒί,
1328 1873 1500 1918 Καρύκης
1517 1873 1726 1919 Ephraem.

304 1920 410 1964 3528,
436 1920 610 1965 Καρύκου
635 1919 749 1966 Glyc.
777 1920 799 1955 1.
827 1930 872 1962 c.,
897 1920 1050 1966 Καρύκη
1077 1919 1181 1955 Ann.
1208 1919 1344 1956 Comn.
1371 1920 1389 1956 1
1416 1931 1453 1966 p.
1477 1920 1558 1963 430,
1585 1920 1608 1956 9

304 1967 328 2004 9
351 1968 601 2014 ῥωψομμάτου
626 1966 673 2012 A,
698 1967 936 2014 ρἀψομμάτου
963 1966 1120 2014 prDi
1145 1967 1355 2013 Ephraem.
1381 1967 1476 2003 3526
1501 1969 1595 2014 epit.
1621 1967 1724 2003 Anu.

1409 2052 1418 2064 Ι

303 2051 513 2088 Hoeschel.
540 2051 563 2087 l.
590 2062 634 2096 c.‚
666 2028 815 2096 §anpoptg
840 2050 883 2095 B,
908 2051 1156 2097 ῥαψονδύντου
1183 2050 1228 2095 D,
1251 2052 1368 2096 Ῥαψα
1421 2066 1480 2087 του
1506 2050 1619 2098 GIyC.
1645 2052 1667 2087 I.
1692 2063 1724 2088 e.

350 2100 410 2136 καὶ
437 2109 512 2135 om.
539 2099 575 2134 D
706 2098 820 2144 αὗται]
847 2104 952 2134 ταῦτα
979 2098 1014 2133 D
1122 2099 1167 2134 10
1189 2098 1331 2143 μακρὰν
1357 2065 1524 2145 διεῖρῦἰ,
1552 2110 1588 2135 v.
1614 2098 1723 2135 XVII

306 2147 363 2191 14,
386 2147 408 2183 9
434 2151 474 2183 et
499 2147 551 2182 ad
578 2145 708 2182 XVIII
737 2147 791 2190 10,
817 2146 864 2182 24
995 2147 1161 2192 ἡγεμονία
1185 2146 1461 2192 ἑπανεσώθησαν
1485 2148 1516 2182 0
1648 2147 1726 2192 ἡγε-

302 2196 437 2241 μονίων
461 2195 492 2230 Ε
599 2195 641 2229 11
668 2195 816 2239 τρόπους
841 2192 1109 2239 ἀποτροπαίους]
1138 2204 1175 2228 v.
1190 2193 1242 2229 ad
1257 2193 1351 2229 XIII
1366 2193 1460 2237 5,29
1558 2195 1602 2229 13
1627 2194 1725 2230 &vair

304 2245 340 2279 ot
366 2253 418 2279 ex
443 2242 559 2278 ἅλλών
583 2243 620 2277 οἱ
643 2251 744 2278 corr,
763 2241 799 2277 D
896 2241 1021 2281 αὐτοὺς
1036 2240 1105 2276 BD
1204 2241 1248 2276 14
1273 2242 1421 2281 δικαίως
1448 2242 1643 2278 om.CWo
1658 2242 1723 2277 lat.

306 2291 350 2327 15
367 2291 610 2337 διαφερόντων
624 2289 655 2325 E
738 2289 792 2326 15.
809 2290 853 2325 16
870 2290 1116 2335 διαφερουσῶν
1130 2294 1199 2328 vok
1212 2288 1394 2334 ὑπηκόοις]
1410 2299 1446 2325 V.
1461 2289 1513 2325 ad
1527 2288 1618 2325 XVI
1633 2290 1688 2334 10,
1702 2289 1725 2325 6

233 2433 327 2460 acer
359 2427 399 2459 et
429 2432 604 2468 magnae
636 2421 916 2468 improbitatis,
955 2431 1044 2457 cum
1076 2421 1215 2468 paucis
1245 2420 1443 2457 naviculis
1469 2420 1600 2456 insula
1626 2418 1722 2456 Chio

233 2481 284 2507 ex
303 2471 522 2517 improviso
545 2473 664 2516 capta
690 2473 730 2505 et
755 2468 881 2504 classe
899 2469 954 2504 ibi
973 2468 1186 2505 aedificata
1204 2467 1390 2512 Lesbum,
1419 2466 1594 2511 Samum,
1623 2466 1723 2503 Rho-

234 2519 341 2563 dum,
370 2519 504 2565 piures
530 2518 631 2553 alias
649 2516 800 2553 insulas
819 2517 1046 2562 occupavit,
1073 2516 1181 2552 unde
1198 2520 1333 2551 tamen
1352 2526 1376 2551 a
1395 2514 1577 2551 Romana
1595 2515 1722 2551 classe
1738 2515 1782 2551 15

233 2566 374 2613 pulsus
399 2570 471 2602 est.
522 2565 600 2602 Sed
627 2569 666 2600 et
692 2564 824 2600 insula
850 2564 968 2600 Creta
994 2569 1117 2609 atque
1143 2564 1263 2600 etiam
1290 2562 1447 2610 Cyprus
1474 2563 1721 2606 defecerunt,
1738 2563 1782 2598 16

233 2614 363 2650 altera
388 2617 588 2660 occupata
613 2624 637 2647 a
662 2611 802 2648 Carice
828 2612 915 2657 regi
942 2622 985 2647 se
1017 2622 1039 2647 o
1073 2616 1257 2657 ponente,
1296 2611 1430 2657 Cypro
1457 2620 1481 2645 a
1507 2609 1721 2656 Rhapnom·

233 2666 352 2698 mate.
401 2661 550 2697 Verum
577 2661 653 2695 hae
679 2669 842 2706 quoque
866 2670 947 2695 non
973 2622 1097 2694 inusto
1125 2663 1214 2704 post
1239 2663 1333 2694 sunt
1358 2663 1623 2704 recuperatae
1649 2656 1781 2694 lto-17

234 2720 354 2745 mano
393 2709 573 2755 imperio.
625 2707 740 2743 Unde
772 2717 843 2742 rex
876 2707 1064 2753 impensis
1099 2706 1286 2752 indigens
1318 2706 1494 2741 rationes
1525 2705 1721 2751 pecuniae
1737 2705 1782 2741 18

235 2756 449 2793 faciendae
482 2766 507 2792 a
538 2756 694 2791 ratione
726 2755 984 2790 humanitatis
1016 2753 1281 2789 abhorrentes
1318 2752 1591 2799 excogitabat,
1630 2761 1721 2787 exa-

235 2805 416 2841 ctoribus
452 2804 593 2850 iniqua
626 2803 777 2839 tributa
812 2802 1108 2847 postulantibus
1142 2802 1269 2847 iisque
1305 2801 1411 2836 bona
1445 2799 1722 2844 eriientibus,

235 2853 305 2899 qui
331 2862 383 2888 cx
410 2853 498 2888 iure
523 2851 620 2887 nihil
646 2850 862 2886 debebant.
912 2849 1054 2895 ltaque
1085 2852 1368 2895 procuratores
1394 2847 1501 2894 quoli
1533 2852 1573 2883 ct
1598 2846 1721 2884 mitte·
1737 2846 1783 2884 19

236 2900 396 2944 bantur,
422 2900 489 2946 qui
517 2910 651 2952 agrem,
666 2903 703 2935 et
735 2898 899 2944 praedia
926 2897 1197 2934 subiectorum
1225 2895 1508 2932 describebant
1526 2896 1723 2942 novisque

309 2970 465 3000 Zonaras
486 2970 635 3006 spicoma
655 2969 714 2998 111.
1465 2954 1511 2994 47
