2054 3282
370 250 439 289 526
771 250 951 291 ZONAR.
980 250 1108 290 EPIT.
1135 250 1245 290 XVII
1273 255 1305 300 ἰ),
1332 252 1460 292 6-19,

370 375 727 430 διαπεραιωθῆναι
759 375 866 428 πρὸς
896 375 970 430 τὴν
1001 374 1113 429 ἑῴαν
1144 375 1214 416 καὶ
1246 381 1306 429 τῷ
1330 376 1480 431 Βάρόᾳ
1501 382 1563 432 τῷ
1585 378 1722 434 Φωκᾷ
1753 379 1859 422 ἀντι-

334 446 629 498 7καταστῆναι.
692 444 763 484 καὶ
806 443 952 484 αὐτίκα
998 443 1119 498 ἀπῄει
1157 443 1227 485 καὶ
1265 444 1373 499 πρὸς
1412 445 1663 500 Καισάρειαν
1704 449 1859 503 γέγονε,

367 511 437 552 καὶ
469 513 509 553 οἳ
538 512 631 565 περὶ
661 511 732 552 τὸν
769 511 928 552 Φωκᾶν
960 511 1117 553 ἐκεῖνον
1147 512 1330 559 λιπόντες
1365 519 1427 568 τῷ
1457 514 1646 569 Σκληρῴ
1679 531 1860 570 προσερ-

367 580 538 634 ρύησαν,
571 580 704 634 μόνος
737 579 781 620 δὲ
811 579 913 634 μετὰ
945 583 1031 620 τῶν
1061 580 1338 633 θεραπόντων
1368 583 1646 637 περιλειφθεὶς
1675 583 1784 638 πρὸς
1813 584 1860 626 τὸ

104 650 306 686 P11<211A
330 648 572 702 8φρούριον
593 649 800 702 κατέφυγε
821 647 867 688 τὸ
892 648 1136 701 Τυροποιόν.
1199 649 1279 703 ἤδη
1305 647 1342 690 δ’
1366 649 1486 704 ἐγγὺς
1514 651 1612 693 ὄντα
1643 656 1716 693 τοῦ
1749 653 1860 708 εἷρη-
1875 658 1910 693 D
1930 659 1982 695 IV
2001 660 2046 696 96

364 717 494 769 μένου
525 716 733 769 φρουρίου
755 716 1146 770 καταλαμβάνουσιν
1168 717 1294 758 αὐτὸν
1316 719 1450 763 ἱππεῖς
1470 720 1733 774 πεμφθέντες
1752 720 1861 774 πρὸς

330 787 436 824 9τοῧ
459 784 678 838 Σκληροῦ·
713 782 776 825 ὧν
807 784 863 830 εἷς
884 784 1200 831 Κωνσταντῖνος
1231 786 1255 827 ὁ
1287 786 1452 841 Χάρων
1483 788 1744 842 θρασύτερος
1774 793 1860 831 τῶν

364 852 515 906 ἄλλων,
540 852 601 898 ὡς
622 853 767 900 ἔοικεν,
793 854 855 893 ὢν
876 854 1137 907 προφθάσας
1158 854 1254 900 τοὺς
1276 856 1580 908 συστρατιώτας
1599 854 1698 910 μεθ’
1723 857 1859 913 ὁρμῆς

364 921 673 975 συντονωτέρας
705 922 907 976 ἐπήρχετο
938 927 999 975 τῷ
1034 922 1188 976 Φωκᾷ·
1223 923 1246 963 ὁ
1280 923 1324 964 δὲ
1357 925 1525 978 οὐράγει
1555 925 1626 965 καὶ
1656 924 1753 971 τοὺς
1784 925 1859 967 σὺν

306 993 350 1027 10
364 989 479 1042 αὐτῷ
521 994 714 1043 περιεῖπε,
760 990 830 1031 καὶ
871 991 894 1031 ὁ
932 990 1097 1044 Χάρων
1139 992 1282 1046 ὕβρεσι
1325 996 1471 1034 τοῦτον
1514 993 1669 1047 ἔβαλλε.
1731 993 1802 1035 καὶ
1833 995 1918 1035 610

369 1057 527 1103 Φωκᾶς
558 1058 668 1099 “οι’νκ
702 1059 782 1100 ἔδει
810 1075 855 1100 σε
865 1059 891 1073 ”
913 1058 1022 1100 εἷπεν
1043 1060 1307 1114 ς’ἄνθρωπον
1330 1061 1372 1102 ἐν
1395 1066 1634 1115 συμφοραῖς
1654 1062 1858 1114 τοιαύταις

306 1131 345 1165 11
363 1126 586 1180 γενόμενον
618 1127 922 1181 ἐπιπλήσσειν.”
982 1131 1055 1169 τοῦ
1079 1128 1124 1169 δὲ
1146 1127 1359 1182 Χάρωνος
1381 1130 1424 1170 ἐν
1445 1129 1603 1175 τούτοις
1624 1130 1858 1184 ἐγγίσαντος

361 1199 422 1248 τῷ
443 1194 595 1249 Βάρόᾳ
617 1195 688 1236 καὶ
708 1195 848 1249 βαλεῖν
874 1196 1177 1250 ἐπιχειροῦντος
1208 1197 1348 1251 αὐτόν,
1382 1198 1537 1244 ἐκεῖνος
1567 1197 1641 1252 τὴν
1671 1198 1858 1253 κορύνην

361 1263 574 1309 ἀνατείνας
602 1264 711 1305 παίει
742 1263 813 1305 τὸν
837 1264 1151 1307 Κωνσταντῖνον
1182 1266 1287 1307 κατὰ
1309 1271 1382 1321 τῆς
1403 1266 1594 1320 κόρυθος
1614 1266 1685 1308 καὶ
1705 1267 1857 1322 ταύτην

361 1332 579 1386 συνέτριψε
608 1331 712 1386 μετὰ
743 1336 815 1387 τῆς
846 1333 1034 1388 κεφαλῆς
1070 1338 1143 1375 τοῦ
1181 1335 1347 1389 ἀνδρός,
1390 1335 1460 1377 καὶ
1503 1334 1632 1381 εὐθὺς
1669 1335 1748 1376 εἷλε
1785 1335 1856 1377 τὸν
1873 1340 1915 1375 15

244 1404 275 1439 B
304 1405 348 1441 12
360 1400 651 1455 πεπληγμένον
680 1401 925 1455 πορφύρεος
953 1402 1149 1451 θάνατος,
1180 1409 1257 1458 μιᾷ
1279 1404 1581 1445 ’θάνατωθέντα
1603 1404 1753 1460 πληγῇ.
1816 1405 1857 1446 οἱ

362 1467 407 1509 δὲ
446 1468 620 1510 κατόπιν
659 1470 899 1516 ἐλαύνοντες
942 1471 1123 1524 ὁρῶντες
1165 1471 1237 1513 τὸν
1279 1472 1455 1513 πεσόντα
1501 1472 1740 1527 ἀφίστανται
1782 1477 1855 1527 τῆς

303 1543 347 1578 13
361 1536 561 1587 διώξεως,
592 1537 663 1579 καὶ
685 1538 709 1580 ὁ
732 1538 890 1585 Φωκῆς
911 1540 1045 1580 εἷσέὸυ
1067 1539 1113 1580 τὸ
1135 1541 1352 1595 φρούριον.
1415 1540 1497 1582 εἶτα
1520 1541 1590 1582 καὶ
1613 1541 1636 1581 ὁ
1658 1541 1855 1596 Σκληρὸς

360 1630 405 1666 18
430 1631 480 1665 ὅτι
506 1636 567 1666 τοῦ
591 1632 762 1677 Σκληροῦ
793 1632 1001 1672 ἐπελθόντος
1036 1639 1085 1678 τῷ
1116 1636 1240 1679 Φωκᾷ,
1278 1636 1314 1669 οἱ
1336 1634 1400 1670 σὺν
1425 1635 1548 1680 ἐκείνῳ
1573 1636 1779 1680 προσῆλθον
1803 1641 1854 1681 τῷ

357 1678 527 1723 Σκληρῷ.
559 1680 619 1715 καὶ
651 1680 725 1724 (τοῦ
753 1681 841 1716 Eua.
859 1682 1004 1716 -Σκλ,
1037 1681 1096 1716 καὶ
1124 1693 1198 1718 om.
1226 1682 1270 1724 E)
1304 1683 1325 1717 ὁ
1353 1684 1483 1722 Φωκᾶς
1514 1689 1564 1727 τῷ
1588 1683 1726 1728 βασιλεῖ
1743 1697 1853 1728 προσ-

357 1726 516 1771 εχώρησε
549 1727 832 1772 (προςεχώρησεν
859 1727 902 1770 C)
935 1729 995 1763 καὶ
1021 1729 1131 1774 ἐκάρη
1158 1730 1330 1775 κληρικὸς
1364 1731 1397 1771 (ὁ
1420 1731 1573 1776 σκληρὸς
1599 1731 1644 1775 Ε)
1670 1731 1730 1766 καὶ
1754 1745 1852 1776 περι-

358 1775 497 1820 ωρίσθη
524 1775 571 1813 εἰς
597 1776 686 1810 Χίον
713 1777 804 1820 (χῖον
830 1775 874 1819 Ε)
903 1776 966 1812 CE

430 1870 448 1904 1
477 1870 725 1917 ὃιαπεραιωθῆ
751 1871 785 1906 D
883 1872 905 1907 2
931 1872 979 1911 εἷς
999 1874 1095 1919 pr
1193 1873 1215 1908 4
1240 1874 1472 1919 περιληφθεὶς
1491 1874 1576 1919 (Sic)
1591 1873 1625 1909 A
1723 1873 1746 1910 5
1771 1889 1851 1910 κατ·

428 1918 554 1964 ε’φευγε
581 1919 609 1955 C
706 1919 764 1954 τὸν
794 1920 987 1964 Τυροποιόν
1014 1920 1128 1956 Cedr.
1147 1920 1339 1967 (Seylitz.)
1359 1922 1396 1957 II
1415 1933 1451 1968 p.
1466 1923 1546 1966 390,
1561 1923 1605 1956 21
1635 1923 1703 1957 vix
1729 1927 1849 1967 recte,

429 1976 467 2001 V.
487 1966 659 2002 eundem
687 1967 709 2002 l.
729 1978 760 2002 c.
780 1978 817 2012 p.
831 1966 912 2012 443,
930 1968 974 2002 19
1071 1970 1093 2003 8
1118 1970 1329 2013 στρατιώτας
1353 1969 1387 2004 Ι)
1485 1970 1507 2004 9
1533 1970 1790 2014 συντονώτερον
1808 1971 1849 2013 Ε,

428 2014 695 2059 συντονωτέρως
708 2015 790 2060 νν*[)
873 2015 905 2050 9.
922 2015 965 2050 10
977 2016 1053 2060 οὐρ.
1068 2017 1242 2061 περιέπων
1255 2017 1334 2056 τοὺς
1348 2017 1411 2053 σὺν
1424 2018 1519 2062 αὐτῷ
1535 2017 1565 2052 Ο
1649 2018 1693 2052 10
1705 2018 1806 2063 ἔβαλε
1821 2017 1850 2053 C

477 2065 567 2107 post
583 2063 634 2108 ἔβ
654 2062 745 2097 add.
764 2062 824 2098 καὶ
842 2062 986 2098 ὀνείδεσι
1006 2063 1102 2109 pr
1204 2066 1244 2099 11
1273 2066 1466 2109 ἄνθρωπον
1494 2075 1567 2100 om.
1595 2064 1630 2099 D
1729 2065 1774 2100 12
1799 2065 1850 2110 ἐγ·

426 2110 583 2155 γίσαντος
601 2109 767 2156 prDi‚
797 2121 870 2145 0111.
891 2110 926 2146 A
1026 2111 1069 2146 14
1094 2113 1242 2156 κόρυτος
1269 2113 1314 2158 1)ss
1415 2113 1457 2148 15
1483 2112 1542 2147 καὶ
1560 2113 1649 2147 εἷλεν
1674 2113 1798 2148 αὐτίκα
1818 2112 1849 2148 Ο

429 2158 474 2194 17
500 2157 690 2203 ἀφίσταντο
716 2157 814 2204 pr

319 2252 398 2289 7ut
424 2255 592 2290 traiecto
619 2255 660 2289 in
680 2254 882 2290 Orientem
907 2255 1090 2291 exercitu
1107 2254 1281 2290 Bai-dam
1309 2255 1483 2291 Phocam
1511 2256 1719 2302 opprimat.
1772 2255 1848 2298 Qui

355 2311 444 2337 cum
480 2301 719 2338 Caesaream
761 2303 1022 2348 pervenisset,
1060 2303 1215 2338 Phocas
1250 2314 1273 2338 a
1308 2304 1390 2338 suis
1429 2303 1611 2339 desertus
1649 2306 1756 2346 (nam
1795 2304 1847 2339 ad

354 2348 534 2385 Sclerum
562 2350 843 2385 confluxerant
875 2351 1026 2394 omnes)
1064 2350 1172 2386 solus
1211 2361 1301 2386 cum
1333 2351 1523 2386 ministris
1555 2351 1606 2386 ad
1640 2351 1846 2386 castellum

318 2395 614 2443 8Tyr0poeum
641 2400 842 2443 properat.
893 2397 927 2432 A
953 2408 1033 2443 quo
1062 2408 1152 2433 cum
1179 2409 1259 2433 non
1284 2399 1452 2433 multum
1484 2399 1653 2442 abesset,
1692 2400 1846 2444 equites

319 2443 446 2480 9eum
465 2455 488 2480 a
507 2444 642 2481 Sclero
668 2446 775 2480 missi
804 2450 1118 2490 consequuntur.
1171 2445 1230 2481 De
1257 2447 1405 2491 quibus
1428 2456 1533 2481 unus
1560 2445 1846 2482 Constantinus

354 2491 525 2537 Charon,
553 2493 696 2528 ceteris
722 2493 918 2528 audacior
943 2494 1105 2537 scilicet,
1133 2494 1421 2529 commilitones
1448 2504 1542 2529 suos
1568 2495 1785 2529 antevertit
1807 2497 1846 2530 et

353 2540 506 2585 impetu
538 2540 839 2576 vehementiore
871 2541 911 2575 in
940 2541 1114 2576 phocam
1147 2544 1371 2576 extremum
1405 2551 1569 2576 suorum
1603 2551 1749 2586 agmen
1782 2551 1846 2577 cu-

295 2585 340 2621 10
353 2591 507 2623 rantem
535 2587 668 2623 illatus
694 2588 893 2624 hominem
920 2588 1141 2624 maledictis
1166 2590 1399 2624 insectatur.
1450 2588 1522 2624 Cui
1550 2588 1704 2624 Phocas
1726 2588 1845 2625 “Non

351 2638 391 2670 te
407 2634 522 2670 decet
531 2634 552 2647 '³
569 2636 709 2680 inquit,
727 2635 907 2671 “homini
923 2646 1012 2671 cum
1027 2636 1096 2671 tali
1112 2636 1337 2671 calamitate
1354 2637 1598 2671 conflictanti
1617 2636 1847 2672 insultare.’'

294 2682 336 2717 11
353 2681 451 2718 Cum
479 2685 613 2718 autem
633 2682 791 2719 Charon
817 2683 975 2719 interim
1004 2684 1167 2729 propior
1193 2684 1324 2719 factus
1351 2684 1472 2719 telum
1499 2684 1539 2718 in
1558 2683 1731 2719 Baream
1754 2694 1844 2719 con-

351 2730 530 2765 iecturus
558 2733 673 2774 esset,
701 2731 855 2765 clavam
883 2731 940 2766 sic
966 2732 1006 2765 in
1032 2731 1191 2776 galeam
1211 2731 1461 2767 Constantini
1487 2731 1663 2777 impegit,
1690 2735 1735 2766 ut
1761 2741 1844 2766 una

353 2787 443 2812 cum
461 2777 528 2811 illa
547 2781 670 2823 caput
688 2779 806 2813 etiam
826 2778 996 2814 hominis
1012 2779 1298 2824 confringeret,
1319 2789 1398 2824 quo
1417 2789 1498 2814 uno
1518 2780 1600 2813 ictu
1619 2783 1843 2824 prostratus

296 2824 339 2859 12
353 2834 599 2870 purpuream
626 2826 759 2860 statim
785 2826 910 2862 vomit
936 2826 1000 2861 ille
1027 2826 1212 2861 animam.
1263 2826 1363 2861 Eum
1394 2826 1591 2862 iacentem
1622 2827 1842 2872 conspicati

353 2872 421 2916 qui
452 2882 557 2917 pone
589 2873 864 2918 sequebantur
890 2884 914 2909 a
941 2873 1222 2919 persequendo
1248 2873 1498 2918 destiterunt,
1536 2875 1592 2909 ita
1617 2876 1662 2909 ut
1687 2874 1842 2909 Phocas

295 2918 339 2954 13
353 2919 558 2954 castellum
596 2919 755 2967 ingredi
794 2924 940 2967 posset.
991 2919 1150 2958 Sclerus
1187 2924 1322 2957 autem
1359 2931 1406 2957 eo
1445 2922 1650 2968 profectus
1688 2922 1723 2957 ei
1756 2931 1842 2968 per-
