2066 3230
308 208 379 244 700
687 207 869 246 ZONAR.
895 208 1025 244 EPIT.
1052 208 1184 245 XVIII
1212 209 1266 254 14,
1291 209 1421 246 4—19.

309 328 380 372 τὸν
400 329 530 371 τόπον
551 330 595 372 ἓν
616 329 734 385 ᾧπερ
758 330 1121 384 ἒστρατοπέδευται
1142 329 1214 372 καὶ
1243 330 1395 385 πόρρω
1426 347 1498 373 ποι
1528 348 1800 388 μετασκηνω-

94 401 296 439 1³11‘283A
310 399 437 452 σάτα),
476 399 583 441 ὥστε
612 416 666 453 με
696 399 798 453 μετὰ
830 403 902 453 τῆς
929 398 1168 454 Ῥωμαϊκῆς
1199 403 1388 453 στρατιᾶς
1417 399 1489 441 τὸν
1519 401 1688 455 χάρακα
1718 403 1799 457 πή-

274 468 475 515 5ξασθαι,
508 467 616 508 ὅπου
649 471 723 509 νῦν
755 468 859 508 ε’στιν
891 468 915 521 ἡ
948 471 1032 509 τῶν
1063 468 1298 522 βαρβάρων
1329 469 1620 523 παρεμβολή.”
1674 474 1800 512 ταῦτα

309 539 393 581 τοῖς
423 536 618 590 πρέσβεσι
652 535 882 590 διαλεχθεὶς
914 535 1272 590 ἅλαζονικώτερον
1303 537 1523 591 συντόμως
1562 538 1802 581 ἐπανελθεῖν

274 604 541 645 θὲνετείλατο.
605 605 645 645 οἳ
668 604 746 658 μὲν
778 603 854 645 οὗν
884 609 946 658 τῷ
977 604 1153 646 σουλτὰν
1183 604 1280 651 τοὺς
1310 608 1383 646 τοῦ
1414 605 1620 660 βασιλέως
1650 606 1838 661 λόγουςὸ

310 673 580 726 ἀπήγγελλον,
621 673 814 719 κάκεῖνος
845 672 949 727 μετὰ
988 677 1073 715 τῶν
1109 673 1203 727 περὶ
1241 673 1367 715 αὐτὸν
1405 674 1499 728 περὶ
1529 678 1614 716 τῶν
1644 679 1716 730 τῆς
1746 676 1800 717 εἶ-

274 747 295 782 7
309 742 440 796 ρήνης
471 742 701 796 συνθηκῶν
733 742 985 795 ἐβουλεύετο.
1046 743 1069 783 ὁ
1103 742 1149 783 δέ
1180 759 1225 796 γε
1255 742 1446 797 βασιλεὺς
1477 743 1803 799 ὑπερφρονήσας

308 810 382 850 καί
418 825 493 851 τισι
532 810 805 864 πεπεισμένος
835 814 920 852 τῶν
951 811 1237 865 ᾠκειωμένων
1268 811 1384 865 αὐτῷ
1417 811 1707 853 ὃεόειλιακέναι
1737 813 1802 854 λέ-

309 894 427 932 γουσι
457 878 528 920 τὸν
560 879 746 928 σουλτάν,
784 879 845 925 ὡς
874 878 934 933 μὴ
969 880 1201 934 ἀξιόμαχον
1232 879 1493 934 ἐπαγόμενον
1525 880 1702 935 δύναμιν
1732 881 1803 923 καὶ

310 946 377 988 διὰ
409 951 530 989 τοῦτο
561 947 635 1002 τὴν
667 948 834 1002 εἰρήνην
866 949 1009 1002 ζητεῖν,
1042 949 1106 989 ἵνα
1138 953 1209 1003 τῆς
1239 949 1380 1003 μάχης
1411 949 1704 1004 ὗπερτεθείσης
1732 949 1804 992 καὶ
1819 956 1864 991 10

309 1016 436 1071 ἄλλην
459 1016 636 1070 δύναμιν
656 1016 982 1071 προσαγάγηται,
1014 1017 1119 1071 μήτε
1139 1016 1213 1071 τὴν
1233 1020 1318 1058 τῶν
1338 1017 1559 1071 πρέσβεων
1580 1017 1804 1071 ἀναμείνας

309 1085 584 1139 ὑποστροφὴν
613 1083 721 1140 μήθ’
749 1085 889 1139 ἕτερόν
919 1102 953 1126 τι
985 1086 1202 1140 σκοπήσας
1232 1089 1316 1131 τοῖς
1347 1086 1610 1140 σαλπιγκταῖς
1641 1086 1802 1128 ἐκέλευ-

217 1158 247 1193 Β
274 1159 380 1194 ὃσεν
411 1154 563 1208 ήχῆσαι
594 1153 640 1195 τὸ
673 1154 874 1196 ἐνυάλιον.
936 1153 1033 1200 τοὺς
1069 1154 1113 1196 δὲ
1150 1154 1398 1208 βαρβάρους
1428 1153 1473 1196 τὸ
1505 1155 1711 1209 αἰφνίδιον
1743 1155 1802 1196 ὄι-

311 1221 529 1277 εθρόησεν,
578 1222 680 1264 ἀλλὰ
712 1223 783 1264 καὶ
814 1223 951 1269 οὕτως
982 1224 1038 1269 εἷς
1077 1223 1393 1277 ἀντιπαράταξιν
1425 1224 1598 1278 ἔστησαν
1629 1223 1700 1265 καὶ
1731 1224 1802 1265 ἒπ-

311 1290 460 1332 ιόντων
491 1291 631 1338 αὐτοῖς
661 1295 747 1333 τῶν
767 1291 991 1346 Ῥωμαίων
1023 1293 1102 1333 οὐκ
1135 1291 1401 1347 ἀντεπῄεσαν,
1435 1290 1521 1333 ἀλλ’
1541 1293 1802 1347 ἀνεχάζοντο,
1819 1297 1864 1334 15

275 1364 297 1400 9
310 1360 414 1414 μήτε
452 1359 501 1401 τὰ
535 1363 648 1402 νῶτα
679 1361 897 1415 τρέποντες
927 1361 1031 1414 μήτε
1061 1361 1201 1415 μέντοι
1231 1360 1477 1415 μαχόμενοι.
1541 1361 1602 1407 ὡς
1634 1361 1679 1403 δὲ
1709 1361 1804 1416 περὶ

311 1428 447 1483 δείλην
484 1429 612 1483 ὀψίαν
643 1430 668 1483 ἡ
702 1430 839 1484 ἡμέρα
878 1429 1050 1483 ἐγένετο,
1095 1429 1219 1475 εἰδὼς
1251 1429 1275 1470 ὁ
1305 1428 1496 1483 βασιλεὺς
1534 1430 1593 1470 ὅτι
1632 1430 1800 1484 φυλακὴ

308 1496 402 1551 περὶ
432 1496 478 1539 τὸ
511 1497 791 1552 στρατόπεδον
823 1497 902 1538 οὐκ
934 1497 986 1552 ἦν
1023 1497 1252 1552 ἀξιόλογος,
1296 1498 1367 1539 καὶ
1412 1498 1548 1544 δείσας
1585 1498 1644 1552 μὴ
1686 1497 1802 1540 ἔπελ-

309 1615 331 1650 5
357 1616 407 1650 ὅτι
431 1615 729 1661 ὑποστρεψάντων
754 1620 824 1651 τῶν
854 1616 1040 1661 πρέσβεων
1071 1615 1113 1660 (τ.
1139 1629 1198 1660 πρ.
1225 1616 1365 1661 ὑποστρ.
1393 1616 1438 1659 Ε)
1471 1617 1491 1651 ό
1525 1615 1688 1661 βασιλεὺς
1718 1616 1805 1662 πρὸς

308 1664 428 1709 μάχην
453 1664 598 1709 ὥρμησε
624 1663 796 1709 (ὡρμήθη
823 1663 881 1708 Ε),
907 1663 967 1698 καὶ
993 1664 1088 1702 ὅπως
1114 1664 1248 1709 ἡττήθη
1274 1664 1334 1699 καὶ
1360 1664 1451 1699 ἑάλω
1480 1663 1542 1700 CE

382 1772 402 1806 1
429 1771 740 1816 κατασκηνωσάτω
768 1772 876 1817 Ewp,
903 1771 1182 1816 διασκηνωσάτω
1208 1771 1244 1805 D
1326 1772 1348 1806 2
1372 1786 1417 1816 με
1444 1783 1518 1806 om.
1534 1771 1603 1805 BD
1676 1771 1700 1806 4
1723 1771 1804 1816 πρέ-

383 1821 503 1865 σβευσι
530 1819 600 1854 BD
738 1819 760 1855 5
786 1819 931 1855 σουλτὰν
957 1818 1124 1865 prDi,
1152 1819 1297 1854 σουλτᾶν
1322 1819 1368 1863 A,
1396 1831 1432 1854 V.
1461 1819 1512 1854 ad
1539 1819 1651 1854 XVII
1676 1818 1733 1863 25,
1759 1819 1804 1854 21

381 1867 403 1902 6
428 1867 621 1912 ἀπήγγελον
646 1867 742 1912 Ewp
904 1868 925 1903 7
952 1867 1120 1912 διέλεγετο
1148 1867 1212 1902 eui
1239 1868 1501 1912 superscribit
1526 1867 1730 1912 ἐβουλεύετο
1757 1866 1804 1911 Α,

381 1915 582 1961 ἐβουλεύετο
596 1913 755 1960 prDz'
827 1915 859 1950 7.
874 1916 896 1950 8
921 1915 1195 1960 ὑπερφρονήσας
1217 1914 1293 1959 καί]
1319 1916 1473 1959 ὕπερκαί
1495 1914 1531 1949 D
1608 1915 1663 1949 10.
1679 1914 1722 1949 11
1750 1916 1805 1950 ἵνα

381 1962 439 1998 διὰ
464 1963 590 2007 ταύτην
614 1963 828 2007 ἒκεγχειρίας
855 1963 1020 2007 δοθείσης
1045 1963 1105 1997 καὶ
1131 1962 1239 2007 ἄλλην
1257 1964 1511 2008 προςαγάγηται
1532 1963 1679 2006 δύναμιν
1697 1961 1802 1998 CWO

381 2011 448 2046 lat.
547 2011 593 2045 10
618 2011 775 2055 τεθείσης
803 2011 832 2045 Ε
947 2011 989 2045 11
1017 2010 1078 2055 τὴν
1104 2013 1195 2056 post
1220 2010 1407 2054 ἀναμείνας
1433 2010 1463 2044 Β
1576 2010 1619 2045 12
1644 2010 1804 2055 σαλπιγγ-

381 2064 453 2097 ταΐς
480 2068 532 2094 ex
558 2059 802 2104 σαλπιγγηταΐς
827 2061 923 2094 mut.
951 2058 993 2102 B,
1020 2058 1223 2096 σαλπικταΐς
1249 2058 1284 2092 D
1487 2058 1531 2093 13
1556 2058 1744 2103 διεθρόησε
1768 2057 1806 2092 τὸ

381 2107 559 2151 αἰφνίδιον
586 2105 615 2142 C
753 2106 799 2141 14
825 2107 919 2141 οὕτω
946 2106 1054 2151 Ewp,
1082 2117 1118 2140 v.
1147 2106 1199 2140 ad
1224 2106 1322 2141 XIII
1347 2106 1379 2150 6,
1408 2106 1453 2141 16
1574 2106 1721 2151 ἔστησαν
1746 2105 1807 2141 καὶ

384 2165 460 2190 om.
488 2153 516 2190 C
616 2154 661 2190 15
686 2153 782 2189 αὐτῶ
810 2153 838 2190 C
938 2154 982 2189 18
1006 2152 1102 2198 παρὰ
1128 2153 1158 2187 Β

312 2265 618 2301 condicionibus
637 2265 747 2310 loqui
766 2265 896 2309 vellet,
923 2268 968 2301 ut
986 2265 1124 2301 relicto
1144 2265 1243 2308 loco,
1271 2274 1351 2309 quo
1378 2264 1457 2298 iam
1477 2266 1608 2298 castra
1629 2264 1806 2308 haberet,

310 2313 576 2349 tabernacula
609 2313 750 2358 procul
783 2314 1032 2357 transferret,
1071 2316 1116 2348 ut
1147 2313 1233 2358 ipse
1265 2312 1416 2346 vallum
1449 2312 1503 2345 ibi
1531 2312 1806 2355 communiret,

275 2358 381 2396 bubi
414 2363 498 2396 tum
532 2361 801 2396 barbarorum
832 2362 1006 2396 tentoria
1032 2363 1176 2396 essent.
1226 2360 1338 2394 Haec
1365 2360 1623 2404 arrogantius
1649 2359 1807 2394 locutus

275 2407 468 2454 Glegatos
495 2409 628 2444 statim
656 2409 770 2443 abire
796 2409 921 2443 iussit,
973 2409 1049 2450 Qui
1076 2418 1165 2443 cum
1194 2407 1353 2442 sultano
1372 2407 1481 2451 regis
1509 2406 1635 2441 verba
1662 2417 1807 2441 renun-

275 2454 488 2500 7tiassent,
514 2456 580 2491 illo
608 2466 699 2491 cum
725 2456 807 2491 suis
834 2455 884 2491 de
910 2457 1021 2501 pacis
1040 2455 1345 2490 condicionibus
1367 2453 1625 2497 deliberante,
1653 2463 1725 2489 rex
1744 2463 1807 2489 su-

311 2504 453 2549 perbia
480 2504 608 2538 clatus
642 2503 761 2539 fidem
788 2503 1031 2548 quibusdam
1065 2504 1115 2538 de
1141 2502 1406 2538 familiaribus
1437 2501 1518 2536 suis
1546 2501 1696 2544 habuit,
1737 2502 1805 2546 qui

312 2550 515 2586 sultanum
540 2551 704 2596 plenum
731 2561 819 2586 esse
837 2551 980 2586 timore
1006 2551 1194 2586 dicebant
1222 2553 1271 2594 et,
1299 2549 1547 2594 quodiustas
1567 2549 1704 2593 copias
1723 2559 1804 2583 non

311 2599 488 2642 haberet,
516 2602 732 2644 propterea
757 2598 806 2634 de
833 2609 933 2644 pace
959 2609 1095 2644 agere,
1121 2602 1166 2633 ut
1192 2607 1332 2643 pugna
1359 2597 1481 2630 dilata
1507 2596 1628 2630 alium
1656 2596 1806 2631 exerei-

311 2650 396 2681 tum
423 2645 661 2691 adducerem
699 2646 838 2691 itaque
870 2657 952 2681 non
986 2648 1218 2691 exspectato
1252 2645 1479 2690 legatorum
1510 2643 1643 2678 reditu
1673 2654 1806 2689 neque

275 2693 393 2728 Sulla
419 2703 464 2728 re
490 2694 569 2728 alia
596 2694 862 2738 considerata,
902 2695 1020 2739 signa
1047 2694 1137 2728 cani
1163 2693 1289 2727 iussit.
1341 2691 1542 2726 Barbaros
1569 2694 1705 2726 autem
1732 2691 1806 2726 etsi

311 2751 375 2777 res
401 2741 620 2787 improvisa
647 2741 873 2785 commovit,
912 2745 1046 2776 tamen
1077 2742 1204 2776 aciem
1239 2741 1520 2774 instruxerunt
1546 2749 1631 2782 nec,
1671 2749 1807 2784 quam-

312 2789 373 2824 vis
399 2799 423 2823 a
442 2788 633 2824 Romanis
651 2788 954 2832 invaderentur,
982 2792 1122 2824 contra
1142 2788 1265 2830 ibant,
1295 2786 1365 2821 sed
1384 2786 1530 2821 sensim
1550 2786 1807 2829 recedebant,

276 2836 446 2881 9neque
472 2837 676 2882 fugientes
702 2846 835 2882 neque
862 2840 1105 2882 pugnantes.
1157 2835 1256 2871 Cum
1279 2837 1414 2868 autem
1435 2837 1537 2868 esset
1564 2843 1698 2868 serum
1717 2833 1807 2877 diei,

312 2893 397 2928 reX,
436 2887 481 2920 ut
508 2885 576 2930 qui
603 2887 826 2920 castrorum
853 2883 1076 2920 custodiam
1103 2884 1208 2919 iusto
1235 2882 1430 2918 minorem
1465 2891 1554 2917 esse
1575 2882 1703 2926 sciret,
1742 2890 1808 2916 ve-
