2054 3282
358 241 429 281 578
698 243 876 283 ZONAR.
904 244 1034 282 EPIT.
1061 243 1173 282 XVII
1200 245 1254 292 11,
1281 244 1433 292 22—12,
1461 246 1516 285 10.

358 364 430 406 καὶ
459 366 720 412 πολυτελείας
750 366 975 421 βασιλικῆς,
1015 367 1086 407 καὶ
1117 366 1191 421 τὴν
1222 368 1349 423 ἄλλην
1380 369 1622 424 ἀποσκευὴν
1653 368 1719 426 ἐφ’
1754 373 1850 414 ἑαυ-

358 433 454 479 τοὺς
485 434 738 488 ἀναθέμενοι
769 435 1056 482 ἕπανέζευξαν.

292 503 345 543 12
473 501 526 543 Ὁ
565 502 610 543 δὲ
645 502 836 556 βασιλεὺς
879 504 935 548 εἷς
968 503 1215 558 Ἀντιόχειαν
1260 505 1514 548 διασέσωστο
1559 507 1724 563 σπουδῇ
1767 511 1853 550 τῶν

358 570 452 623 περὶ
484 570 610 611 αὐτὸν
641 571 839 611 κάκεῖθεν
871 570 936 611 ε’πὶ
966 571 1040 625 τὴν
1073 573 1390 615 Κωνσταντίνου
1425 575 1671 629 ἀνέδραμεν,
1716 576 1852 618 οὐκέτι

358 638 432 692 τὴν
468 638 657 692 πρόσθεν
694 643 766 692 τῆς
808 643 951 693 ψυχῆς
996 640 1200 681 δεικνύων
1245 641 1441 690 διάθεσιν,
1486 641 1572 684 ἀλλ’
1606 644 1888 691 ἀλλοιωθεὶςὸ

323 706 432 760 Ξτὴν
463 707 528 747 ἐπὶ
558 706 604 747 τὸ
636 710 775 760 χεῖρον
807 707 1039 749 ἀλλοίωσιν.
1102 709 1166 750 ἵνα
1207 709 1286 763 γὰρ
1325 714 1410 752 τῶν
1449 711 1735 754 ἀπολωλότων
1765 714 1852 754 ἴσο-

359 774 500 815 στάσια
532 775 741 829 κτήσηται,
772 775 977 829 πράκτωρ
1010 777 1096 817 ἀντὶ
1127 782 1381 831 κρατοῦντος
1413 779 1571 833 ἐγένετο
1602 780 1673 821 καὶ
1703 781 1854 835 πικρὸς

358 842 557 896 λογιστής,
600 842 754 888 παῖδας
789 844 985 896 πατέρων
1022 845 1282 899 γεγηρακότα
1319 847 1422 900 χρέα
1460 848 1744 902 πραττόμενος
1781 849 1853 890 καὶ

151 916 344 952 W111185
357 909 568 963 πυρκαϊὰς
606 910 804 951 ἀνάπτων
840 911 945 951 κατὰ
982 915 1067 953 τῶν
1104 913 1321 967 ὑπηκόων,
1366 915 1498 969 ἅσπερ
1530 916 1554 957 ὁ
1585 916 1739 970 χρόνος
1769 917 1850 971 ἤδη

309 978 488 1024 Βπσλὺς
525 979 786 1033 πρεσβεύσας
821 980 1067 1034 κατέσβεσεν
1099 983 1123 1035 ἢ
1156 982 1261 1027 τέως
1299 983 1537 1037 κατέχωσεν
1572 984 1656 1025 ὑπὸ
1687 985 1850 1040 σποδιᾷ.
1867 993 1913 1028 10

320 1054 342 1088 3
359 1047 550 1088 ἐντεῦθεν
564 1047 710 1088 πολλοὶ
725 1047 939 1102 πατρῴων
957 1049 1101 1091 οἰκιῶν
1118 1050 1188 1091 καὶ
1210 1050 1355 1105 ἀγρῶν
1377 1052 1664 1106 ἀπηλαύνοντο
1687 1053 1758 1094 καὶ
1777 1053 1852 1108 τὴν

357 1115 455 1169 πρὶν
498 1115 720 1170 εὗκληρίαν
764 1116 1106 1171 ἕκδιδυσκόμενοι
1143 1119 1199 1164 εἷς
1235 1119 1379 1160 πενίαν
1418 1120 1615 1175 λαμπρὰν
1646 1122 1851 1177 σύνηλαύ-

322 1190 490 1225 4νοντο.
551 1187 637 1225 τῶν
669 1181 706 1225 δ’
740 1185 852 1226 οὕτω
883 1187 1184 1240 πραττομένων
1216 1187 1340 1229 οὐδὲν
1371 1189 1428 1234 εἷς
1457 1188 1503 1230 τὸ
1537 1189 1740 1243 δημόσιον
1770 1191 1851 1232 εἷσ-

359 1254 543 1306 εφέρετο,
589 1252 691 1293 ἀλλὰ
730 1257 918 1307 σεμνεῒον
955 1254 1232 1310 οἰκοδομῆσαι
1271 1256 1342 1297 καὶ
1384 1256 1487 1298 ναὸν
1529 1262 1579 1312 τῇ
1622 1258 1852 1313 θεομήτορι

357 1322 624 1375 προθέμενος
655 1322 998 1376 καθιδρύσασθαι
1029 1323 1117 1364 ἐκεῖ
1143 1324 1213 1364 καὶ
1244 1329 1369 1366 ταῦτα
1401 1325 1668 1368 κατεδαπάνα
1702 1327 1773 1368 καὶ
1804 1328 1851 1369 ἔκ
1867 1333 1911 1368 15

357 1395 442 1432 τῶν
473 1391 701 1444 βασιλικῶν
732 1390 967 1445 θησαυρῶν
998 1392 1215 1446 ἀνήλισκεν
1236 1393 1367 1447 ἕτερα,
1400 1394 1488 1447 ἄρτι
1513 1394 1592 1448 μὲν
1613 1395 1849 1450 ἀνεγείρων,

358 1460 449 1514 ἄρτι
493 1459 539 1500 δὲ
577 1460 880 1513 καταστρέφων
919 1459 965 1500 τὸ
1005 1460 1086 1514 ἤδη
1128 1461 1352 1515 ἀνεγερθὲν
1382 1463 1453 1503 καὶ
1485 1465 1510 1517 ἢ
1541 1464 1901 1519 μετεωρότερονῙ)
1921 1471 1974 1507 1V
1994 1470 2054 1508 132

359 1527 658 1581 ἀνοικοδομῶν
689 1526 814 1573 αὖθις
845 1527 947 1569 αὐτὸ
979 1530 1004 1582 ἢ
1038 1529 1260 1584 εὐρύτερον
1291 1532 1317 1584 ἢ
1349 1530 1420 1572 τὸν
1451 1532 1739 1586 σχηματισμὸν
1758 1548 1850 1574 ποι-

358 1666 381 1701 3
406 1667 456 1700 ὅτι
483 1666 593 1710 (ὅπως
618 1666 664 1710 Ε)
691 1665 894 1701 ἐπανελθὼν
925 1667 946 1701 ὁ
974 1667 1136 1712 βασιλεὺς
1169 1668 1218 1706 εἷς
1249 1667 1311 1714 τὴν
1336 1669 1708 1705 Κωνσταντινούπολιν
1739 1671 1853 1716 (πόλιν

360 1713 404 1757 C)
429 1714 568 1759 βαρέως
593 1719 662 1752 τοῖς
688 1713 746 1748 ὑπ’
773 1714 876 1748 αὐτὸν
900 1715 1137 1759 προσεφέρετο
1164 1714 1226 1751 ΟΕ
1340 1717 1385 1751 13
1412 1717 1473 1751 καὶ
1498 1719 1592 1759 (om.
1618 1717 1662 1760 C)
1687 1719 1766 1764 περὶ
1792 1724 1853 1765 τῆς

358 1761 452 1807 παρὰ
477 1767 537 1796 τοῦ
559 1762 745 1805 “Ρωμανοῦ
773 1761 868 1806 (παρ’
895 1762 1030 1797 ἐκείνου
1058 1762 1103 1807 Ε)
1130 1764 1349 1809 δομηθείσης
1372 1769 1484 1810 μονῆς
1511 1764 1574 1800 CE

430 1889 501 1924 3.4
526 1890 575 1927 εἶς
600 1888 662 1934 τὴν
689 1891 778 1930 (om.
794 1888 838 1931 C)
863 1889 1055 1935 ἀντιόχειαν
1080 1890 1294 1926 διασέσωστο
1320 1895 1411 1936 post
1436 1891 1540 1927 αὐτὸν
1566 1892 1628 1928 BC
1713 1893 1738 1928 4
1761 1908 1852 1929 κων-

430 1938 709 1972 σταντινούπολιν
736 1937 871 1982 Dsswp
992 1938 1013 1972 7
1039 1938 1113 1973 ἀντὶ
1137 1938 1208 1983 κρ.]
1235 1939 1521 1983 ἀντικρατοῦντος
1547 1940 1583 1974 D
1705 1941 1727 1976 8
1753 1956 1851 1987 γεγη-

429 1986 593 2028 ρακότων
611 1985 642 2019 Ε
718 1984 1062 2030 χρεωΙπραττόμενος
1082 1985 1116 2019 D
1191 1987 1212 2021 9
1238 1987 1298 2021 καὶ
1319 1986 1358 2031 C,
1384 1987 1473 2022 κατὰ
1492 1998 1592 2023 eorl*-
1612 1987 1673 2027 Cw
1746 1990 1851 2033 ἅςπερ

429 2032 511 2075 AR,
528 2034 634 2076 ὅσπερ
653 2033 722 2077 W*,
740 2033 858 2077 ὥσπερ
879 2032 928 2078 p*
1004 2034 1048 2067 10
1073 2034 1301 2079 κατέσβευσεν
1319 2034 1354 2068 D
1428 2036 1560 2080 σποδῆς
1579 2035 1614 2069 D
1689 2036 1730 2071 11
1760 2041 1850 2082 post

427 2080 548 2114 πολλοὶ
577 2080 669 2115 add.
695 2085 766 2115 τῶν
791 2080 926 2126 ΒΕννρ
1056 2082 1109 2116 11.
1139 2081 1182 2116 12
1207 2082 1266 2116 καὶ
1292 2081 1656 2127 τὴν-συνηλαύνοντο
1684 2094 1758 2119 om.
1785 2084 1850 2120 BC

433 2127 476 2162 13
501 2129 595 2162 οὕτω
620 2128 867 2172 πραττομένων
893 2127 1069 2165 ABCWO
1096 2129 1173 2174 lat„
1200 2130 1313 2168 οὕτως
1338 2130 1636 2175 εἰς-πραττομένων
1662 2131 1821 2177 prDi

431 2175 475 2210 18
500 2175 606 2214 αὖθις
630 2176 786 2210 ἀνοικοδ.
812 2175 843 2210 Β

358 2295 515 2330 centiae
541 2294 716 2340 plenum,
743 2296 969 2340 ceterisque
995 2295 1289 2341 impedimentis
1315 2297 1356 2331 in
1383 2306 1509 2343 equos
1535 2307 1629 2333 suos
1655 2298 1851 2343 impositis

356 2342 576 2377 redierunt.

454 2389 509 2424 12.
558 2389 646 2424 Rex
673 2400 770 2425 vero
799 2390 931 2425 studio
958 2391 1126 2425 militum
1153 2401 1319 2426 suorum
1345 2390 1598 2427 Antiochiam
1629 2393 1850 2438 perductus

356 2436 533 2482 indeque
547 2436 786 2482 Byzantium
803 2448 976 2483 propere
990 2448 1178 2474 reversus
1194 2449 1272 2473 non
1293 2439 1432 2474 eodem
1453 2443 1539 2474 erat
1557 2441 1679 2475 animi
1697 2440 1849 2485 habitu,

321 2483 428 2519 2sed
453 2487 632 2519 mutatus
649 2485 690 2519 in
708 2485 896 2520 deterius.
946 2485 1047 2521 Nam
1065 2489 1110 2520 ut
1134 2487 1281 2521 amissa
1307 2490 1507 2532 pensaret,
1534 2490 1701 2523 exactor
1719 2489 1851 2523 factus

359 2535 419 2567 est
445 2542 517 2578 pro
545 2533 788 2577 imperat-ore
816 2536 855 2567 et
881 2533 1052 2568 acerbus
1079 2537 1280 2578 quaestor,
1321 2535 1501 2570 obsoleta
1527 2539 1686 2580 patrum
1714 2535 1850 2570 debita

357 2590 381 2614 a
396 2579 531 2614 liberis
550 2581 719 2625 exigens
737 2581 930 2626 rogisque
949 2585 1091 2615 contra
1108 2581 1310 2616 subiectos
1329 2583 1520 2626 accensis,
1539 2592 1640 2627 quos
1659 2583 1850 2628 temporis

321 2626 602 2662 3diuturnitas
641 2628 702 2662 vel
739 2628 990 2663 exstinxerat
1022 2629 1087 2663 vel
1115 2628 1317 2663 cineribus
1351 2629 1552 2664 obruerat.
1603 2630 1702 2665 Inde
1734 2630 1848 2665 multi

358 2675 539 2719 paternis
566 2675 736 2710 aedibus
765 2678 803 2710 et
830 2676 940 2721 agris
967 2676 1221 2721 pellebantur
1247 2679 1286 2710 et
1311 2677 1488 2721 pristinis
1516 2677 1659 2722 opibus
1691 2677 1850 2722 spoliati

321 2720 342 2754 4
358 2721 411 2756 ad
438 2722 638 2766 insignem
666 2722 939 2767 adigebantur
965 2726 1198 2768 egestatem.
1250 2722 1362 2764 Quae
1389 2734 1478 2759 cum
1509 2725 1660 2768 fierent,
1687 2725 1783 2759 nihil
1808 2725 1850 2760 in

358 2769 497 2803 fiscum
524 2769 735 2814 inferebat,
761 2770 833 2805 sed
859 2771 1104 2806 monasterio
1131 2770 1314 2815 aedeque
1339 2771 1379 2805 in
1407 2772 1598 2806 honorem
1621 2772 1758 2807 matris
1785 2772 1849 2807 dei

359 2817 508 2851 curatis
534 2817 789 2852 exstruendis
807 2828 888 2852 non
908 2827 995 2852 eam
1014 2818 1133 2852 modo
1152 2818 1376 2863 pecuniam,
1404 2829 1544 2854 verum
1567 2820 1686 2854 etiam
1706 2830 1727 2854 e
1751 2820 1847 2854 fisco

359 2863 637 2909 depromptam
664 2865 937 2909 consumebat,
976 2865 1095 2900 modo
1123 2865 1352 2910 aedificans,
1392 2866 1511 2901 modo
1543 2867 1756 2902 aedificata
1794 2867 1848 2901 di·

357 2920 480 2945 ruens
512 2911 575 2946 vel
606 2912 726 2947 altius
760 2912 824 2947 vel
851 2913 970 2947 latius
997 2912 1201 2948 efferendo
1229 2913 1291 2948 vel
1322 2914 1490 2949 formam
1518 2914 1582 2950 vel
1614 2914 1724 2949 aliud
1751 2914 1848 2960 quid
