1968 3302
283 243 329 281 54
641 237 823 278 ZONAR.
849 240 980 277 ΕΡῘΤ.
1008 240 1105 277 XIII
1132 239 1187 285 10,
1202 238 1354 286 27—11,
1371 238 1427 276 11.

283 367 410 415 αὐτὸς
450 365 805 420 διασπασθήσεται
843 361 944 417 παρ’
979 363 1132 414 αὐτῶν,
1182 363 1311 405 ἒδεῒτο
1349 364 1411 419 μή
1451 381 1485 406 τι
1523 364 1684 408 τούτων
1721 370 1784 419 τῷ

222 434 269 471 28
283 441 569 491 στρατιωτικῷ
599 434 889 477 κοινώσασθαι
921 433 1050 487 ὄχλῳ.
1115 432 1326 486 ἀπογνοὺς
1356 434 1496 488 μέντοι
1529 434 1788 488 δυνήσεσθαί

282 524 318 548 τι
348 510 434 548 τῶν
465 506 582 560 αῧτῷ
613 502 987 557 προστεταγμένων
1025 501 1186 553 ἀνύσαι,
1235 502 1468 557 ὑπέστρεψε
1506 502 1608 556 μετὰ
1648 519 1783 558 γραμ-

283 576 431 631 μάτων
462 579 535 617 τοῦ
567 573 912 627 τυραννήσαντος,
946 570 1131 616 ἀναιδῶς
1163 571 1449 620 ὀνειδιζόντων
1479 571 1550 613 τὸν
1576 572 1783 626 αὐτοκρά-

284 662 386 700 τορα
431 644 502 686 καὶ
547 640 874 696 ἔπιπληττόντων
919 639 980 686 ὡς
1023 639 1188 681 πλεῖστα
1234 641 1517 695 ἐξαμαρτόντα
1562 640 1668 682 κατὰ
1711 645 1785 684 τοῦ
1800 638 1822 674 5

75 708 431 769 P11‘22Ayesvovg
463 714 591 755 αὐτοῦ
624 711 695 753 καὶ
727 709 1010 751 ἀπειλούντων
1042 707 1169 751 αὐτὸν
1201 710 1448 764 γενήσεσθαι
1485 709 1672 765 τιμωρὸν
1702 713 1788 753 τῶν

286 783 447 829 ἀδίκως
477 781 721 823 παθόντων.

217 843 267 885 ll
408 851 491 893 Καὶ
523 851 546 892 ὁ
579 850 656 903 μὲν
688 849 810 903 ἀπῄει
842 847 950 901 πρὸς
989 847 1060 889 τὸν
1092 847 1401 890 Κωνστάντιον·
1451 849 1474 890 ὁ
1505 850 1708 903 τύραννος
1743 848 1789 891 δὲ

286 919 467 966 πολλοὺς
498 918 622 965 εἰδὼς
655 918 698 959 ἒν
728 921 813 964 τοῖς
845 917 962 971 αὐτῷ
994 920 1164 959 συνοῦσι
1188 916 1237 958 τὰ
1260 917 1554 960 Κωνσταντίου
1577 921 1787 972 φρονοῦν-

286 1007 359 1036 τας
397 989 555 1034 πάντας
593 987 754 1029 ἒκεῖθεν
793 987 1003 1041 ἐξήλασεν,
1053 985 1178 1032 αὐτὸς
1220 986 1264 1028 δὲ
1303 986 1412 1040 πρὸς
1443 987 1647 1042 ἐμφύλιον
1677 988 1787 1042 ἦτοι·
1804 984 1851 1019 10

252 1056 274 1091 2
287 1058 442 1113 μάζετο
474 1057 670 1111 πόλεμον.
734 1057 777 1097 ἓν
815 1055 976 1102 τούτοις
1013 1055 1084 1097 καὶ
1121 1056 1146 1110 ἡ
1188 1056 1317 1097 αῧτοῦ
1359 1056 1460 1111 γυνὴ
1501 1057 1680 1110 τελευτᾷ,
1727 1056 1790 1103 ὡς

288 1128 367 1182 μέν
403 1127 508 1172 τινές
545 1142 660 1180 φασι,
707 1125 900 1166 τίκτουσα
940 1121 1039 1178 παρ’
1074 1125 1204 1179 αὐτῷ,
1253 1125 1315 1171 ὡς
1347 1123 1384 1166 δ’
1418 1126 1558 1179 ἕτεροι,
1605 1126 1687 1180 ἤδη
1720 1126 1789 1167 ἕκ-

253 1194 540 1251 3βεβλη1ιιένη.
604 1196 761 1240 ἐκεῖνος
802 1194 847 1235 δὲ
886 1193 983 1240 τοὺς
1025 1194 1278 1247 στρατιώτας
1318 1194 1568 1248 συναγαγὼν
1612 1194 1678 1236 ἐπὶ
1719 1194 1792 1236 τὸν

291 1265 495 1320 ἐμφύλιον
527 1265 698 1319 ἠρέθιζε
728 1263 915 1317 πόλεμον
954 1262 1025 1304 καὶ
1062 1263 1335 1318 συνεβούλευε
1374 1263 1458 1305 δεῖν
1495 1262 1648 1310 αὐτοὺς
1683 1262 1790 1305 κατὰ

290 1337 363 1376 τοῦ
396 1333 691 1375 Κωνσταντίου
724 1336 915 1387 χωρῆσαι
953 1331 1023 1373 καὶ
1060 1332 1119 1386 μὴ
1158 1333 1295 1386 μένειν
1333 1333 1490 1374 ἐκεῖνον
1527 1331 1617 1374 κατ’
1651 1333 1792 1374 αὐτῶν
1806 1329 1850 1365 15

255 1400 492 1445 4ἒπελθεῖν.
556 1402 638 1456 ἤδη
673 1402 718 1443 δὲ
748 1401 823 1456 τὴν
855 1402 911 1447 εἷς
940 1400 1124 1454 Χριστὸν
1159 1401 1471 1455 ἐξομοσάμενος
1501 1402 1631 1443 πίστιν
1661 1401 1790 1455 ηὗλα-

292 1473 402 1527 βεῒτο
436 1470 502 1513 διὰ
534 1475 656 1513 τοῦτο
685 1470 784 1517 τοὺς
816 1470 1080 1524 στρατιώτας,
1112 1469 1236 1516 εἰδὼς
1268 1469 1418 1524 σχεδὸν
1440 1470 1682 1524 ξύμπαντας
1703 1486 1791 1524 χρι-

207 1533 236 1568 B
257 1534 493 1587 5στιανούς.
558 1539 622 1582 διὸ
654 1540 894 1588 συσκιάζων
924 1539 999 1594 τὴν
1038 1540 1188 1580 ἑαυτοῦ
1227 1539 1379 1581 κακίαν
1419 1540 1594 1581 ἕκαστον
1632 1538 1794 1580 ε’κέλευε

259 1603 545 1665 6θρησκεύειν
577 1609 639 1655 ὡς
669 1609 873 1664 βούλοιτο.
937 1607 1063 1654 αὐτὸς
1096 1608 1140 1649 δὲ
1164 1612 1236 1663 τῆς
1258 1608 1471 1662 γενεθλίου
1492 1611 1566 1649 τοῦ
1587 1607 1795 1662 Σωτῆρος

369 1776 387 1811 1
414 1776 498 1820 παρ’
524 1775 571 1818 A,
597 1775 685 1820 πρὸς
711 1775 809 1820 pr
909 1775 1006 1820 αὐτῷ
1034 1775 1064 1809 Ε
1163 1774 1276 1809 ἐδέετο
1303 1774 1400 1820 pr
1499 1775 1521 1809 3
1547 1774 1642 1818 αὐτῷ
1670 1784 1744 1810 om.
1764 1774 1796 1810 E

415 1824 539 1860 ἀνῦσαι
566 1823 614 1870 D,
639 1824 825 1869 πληρῶσαι
852 1822 883 1858 Β
1029 1823 1051 1858 6
1076 1822 1310 1858 ἀπειλούντων
1335 1821 1504 1869 prDi,
1530 1822 1736 1858 ἀπειλοῦντα
1761 1820 1797 1857 Α

415 1908 585 1954 γενήσθαι
602 1907 688 1952 (Sic)
705 1906 739 1942 A
839 1907 884 1942 1⁶2
909 1885 1162 1952 ἒκβεβλημὲνῧι
1180 1907 1216 1942 D
1316 1907 1360 1942 15
1385 1909 1521 1951 μαίνειν
1546 1907 1578 1942 Ε
1676 1906 1720 1941 16
1746 1906 1798 1947 ἒξ-

368 1957 599 2001 ωμοσάμενος
626 1955 654 1991 C
760 1955 803 1990 17
830 1956 1029 1999 σύμπαντας
1056 1954 1095 1995 Ο,
1125 1966 1159 1989 V.
1188 1955 1239 1990 ad
1266 1955 1362 1990 XIII
1388 1955 1420 1998 5,
1449 1956 1468 1990 1
1579 1956 1679 1993 ὄντας
1705 1954 1797 1989 add.

369 2007 464 2040 ante
482 2004 703 2049 χριστιανούς
718 2003 760 2047 Ε,
789 2006 879 2045 nost
897 2002 1115 2047 γριστιανοὺς
1134 2002 1291 2050 prDi
1366 2004 1410 2038 18
1436 2003 1498 2050 τὴν
1512 2003 1636 2039 ἑαυτοῦ
1650 2001 1798 2048 Apr,

368 2053 492 2088 ἑαυτοῦ
518 2052 580 2098 τὴν
605 2052 648 2097 E,
675 2051 738 2098 τὴν
763 2051 869 2087 αὐτοῦ
897 2051 932 2086 D

237 2203 284 2240 28
297 2215 524 2250 municaret
549 2214 681 2250 turba.
732 2214 816 2249 Iam
845 2224 935 2249 eum
963 2214 1219 2258 desperasset
1245 2224 1288 2248 se
1314 2223 1433 2258 posse
1456 2214 1672 2258 quicquam
1689 2223 1799 2248 man-

299 2263 488 2298 datorum
515 2262 722 2307 perficere,
749 2262 870 2297 rediit
897 2272 986 2297 eum
1013 2262 1156 2297 litteris
1174 2262 1348 2306 tyranni,
1377 2261 1524 2305 quibus
1541 2261 1799 2306 impudenter

298 2310 508 2346 maledixit
532 2310 768 2356 imperatori
795 2313 835 2345 et
862 2311 1015 2345 crimini
1044 2309 1167 2351 dedit,
1206 2309 1315 2354 quod
1353 2309 1553 2354 permulta
1590 2312 1799 2354 peccasset

299 2361 442 2394 contra
483 2368 601 2393 suum
640 2368 782 2403 genus,
825 2358 973 2393 additis
1011 2358 1128 2392 minis
1170 2367 1212 2392 se
1249 2358 1430 2392 futurum
1471 2367 1558 2392 esse
1597 2356 1796 2392 vindicem

300 2417 451 2448 eorum,
480 2407 549 2451 qui
574 2406 722 2441 iniuste
749 2406 972 2449 periissent.

419 2454 476 2488 11.
526 2453 588 2489 Ita
624 2454 690 2489 ille
729 2454 828 2489 abiit
867 2453 918 2488 ad
959 2452 1250 2496 Constantium,
1297 2455 1495 2495 tyrannus
1534 2454 1669 2486 autem
1708 2460 1798 2486 cum

300 2502 420 2537 sciret
445 2502 591 2536 multos
617 2503 723 2536 inter
750 2512 830 2545 eos,
858 2511 959 2546 quos
986 2511 1120 2535 secum
1148 2501 1327 2543 haberet,
1356 2499 1579 2535 Constantii
1598 2499 1800 2534 studiosos

301 2559 399 2594 esse,
444 2550 629 2585 omnibus
671 2549 779 2584 illine
818 2549 996 2590 expulsis
1035 2549 1120 2594 ipse
1158 2549 1389 2583 intestinum
1430 2547 1602 2592 parabat
1639 2546 1798 2582 bellum.

264 2587 461 2632 21nterea
488 2599 527 2632 et
554 2598 640 2632 eius
666 2607 773 2632 uxor
796 2597 910 2640 perit,
936 2599 982 2632 ut
999 2596 1179 2631 nonnulli
1201 2596 1350 2636 dicunt,
1378 2606 1428 2630 ex
1448 2598 1568 2640 partu
1587 2595 1673 2630 eius
1693 2594 1799 2629 domi

264 2635 421 2688 3edito‚
447 2647 494 2680 ut
520 2648 655 2680 autem
682 2645 760 2686 alii,
788 2645 869 2679 iam
896 2644 1122 2689 repudiata..
1182 2643 1253 2678 Ille
1279 2643 1423 2678 milites
1452 2643 1640 2677 collectos
1666 2642 1718 2676 ad
1745 2642 1800 2676 in-

301 2693 492 2727 tostinum
520 2693 716 2728 incitabat
742 2692 890 2728 bellurn
919 2703 966 2726 ae
993 2691 1201 2734 suadebat,
1228 2694 1273 2726 ut
1299 2691 1325 2725 ii
1354 2693 1494 2725 eontra
1521 2689 1798 2725 Constantium

302 2740 655 2781 proficiscerentur
688 2750 823 2785 neque
857 2742 1068 2775 manerent
1103 2739 1211 2773 illum
1253 2741 1393 2773 contra
1429 2748 1471 2773 se
1504 2737 1799 2773 advenientem.

266 2777 387 2822 41am
423 2790 559 2822 autem
595 2788 674 2824 fide
706 2788 934 2823 Christiana
971 2788 1128 2823 eiurata
1161 2786 1334 2821 cavebat
1374 2786 1465 2821 ideo
1511 2785 1666 2828 milites,
1709 2795 1798 2820 cum

267 2826 424 2870 5sciret
450 2835 535 2871 fere
565 2846 703 2872 omnes
731 2835 990 2872 Christianos.
1042 2834 1240 2875 Quocirca
1274 2833 1480 2868 occultans
1514 2843 1627 2867 suam
1662 2833 1800 2877 nequi-

267 2875 398 2917 6tiam
433 2892 766 2929 unumquemque
800 2884 969 2919 iubebat
1005 2882 1148 2925 colere,
1187 2885 1232 2917 ut
1265 2881 1395 2916 vellet.
1447 2880 1538 2925 Ipse
1564 2890 1674 2923 vero,
1709 2890 1799 2915 cum

303 2930 449 2968 natalis
477 2929 697 2968 salvatoris
725 2931 810 2967 dies
843 2931 1032 2975 venisset,
1071 2929 1238 2968 intravit
1271 2929 1463 2979 templum
1498 2931 1537 2964 et
1569 2930 1799 2974 veneratus,

1953 3128 1965 3148 t
