2054 3282
361 215 431 250 512
729 212 909 253 ZONAR.
938 211 1068 251 EPIT.
1094 210 1186 251 XVI
1211 212 1268 260 27,
1295 212 1423 261 7-28,
1448 211 1482 252 2.

361 337 501 378 ἵππων
531 335 633 390 μετὰ
666 336 814 390 καιρὸν
846 337 1096 389 στρατιώτας
1127 336 1151 376 ὁ
1182 335 1372 390 βασιλεὺς
1394 336 1595 383 ἐνόπλους
1615 339 1854 393 προήγαγεν

360 405 416 450 εἰς
446 405 576 459 μέσον
606 404 652 445 τὸ
691 405 883 458 θέατρον,
929 405 1262 458 ἕπιὸειξομένους
1303 405 1408 459 τάχα
1446 410 1507 459 τῷ
1546 406 1672 460 δήμῳ
1712 407 1774 453 ὡς
1810 408 1854 449 ἓν

317 472 478 526 Οτύπῳ
508 473 708 527 πολέμων
739 474 804 513 οἵα
830 477 902 527 τῆς
921 473 1062 527 μάχης
1084 473 1108 527 ἡ
1133 473 1338 527 συμβολή,
1371 473 1433 519 ὡς
1465 474 1596 528 δῆθεν
1626 475 1854 517 κάντεῦθεν

360 541 476 594 αὐτῷ
491 541 836 594 περιποιούμενος
852 540 1023 594 ἡδονήν,
1048 543 1072 595 ἣ
1091 540 1161 581 καὶ
1183 541 1322 595 φόβον
1343 542 1459 595 αὐτῷ
1482 542 1675 584 ἐπισεῖσαι
1696 543 1850 586 θέλων.

324 610 421 654 8ώς
458 608 533 650 οὖν
570 610 610 649 οἱ
649 612 889 662 στρατιῶται
927 608 975 649 τὰ
1014 609 1112 663 ξίφη
1157 609 1418 664 ἕγύιιινωσαν,
1463 610 1487 651 ὁ
1519 611 1563 651 ἐν
1592 611 1654 664 τῷ
1683 611 1889 666 θεάτρῳῇ

359 677 459 723 λαός
479 677 588 718 τοῦτ’
611 677 743 718 ἐκεῖνο
765 676 811 717 τὸ
833 677 1122 731 φημιζόμενον
1144 677 1244 719 εἶναι
1266 679 1506 732 νομίσαντες
1531 679 1854 733 ἀποδιδράσκειν

360 747 406 786 ἔκ
438 750 511 786 τοῦ
543 745 727 799 θεάτρου
760 745 1028 800 ὡρμήκεσαν,
1061 746 1131 787 καὶ
1161 746 1255 800 περὶ
1278 745 1352 792 τὰς
1373 746 1547 794 ἐξόδους
1568 748 1853 802 στενοχωρού-

356 829 475 868 μενοι
518 811 589 854 ὗπ’
636 813 827 868 ἀλλήλων
870 830 911 854 τε
949 814 1288 869 συμπατούμενοι
1329 815 1548 857 ἀπώλοντο
1586 816 1637 856 οὗ
1674 816 1854 871 βραχεῖς.

321 882 461 936 9τάχα
495 879 532 922 δ’
567 883 618 922 ἂν
649 881 719 923 καὶ
750 882 894 936 πολλῷ
925 882 1091 928 πλείους
1123 883 1427 937 ἐκινδύνευσαν,
1460 884 1498 924 εἰ
1523 882 1583 938 μὴ
1613 883 1637 923 ὁ
1664 883 1855 938 βασιλεὺς

299 961 345 996 10
357 949 655 1004 ἀμετακίνητος
686 950 752 991 ἐπὶ
782 955 855 1005 τῆς
886 951 992 996 ι’δίας
1013 949 1130 992 ὧπτο
1152 950 1380 1003 καθέδρας.
1443 950 1547 992 ἰδὼν
1569 950 1648 1005 γὰρ
1671 951 1695 992 ὁ
1719 951 1854 1006 δῆμος
1869 964 1914 999 10

358 1017 514 1058 ἐκεῖνον
534 1014 636 1071 μηδ’
661 1018 772 1063 ὅλως
793 1023 864 1072 τῆς
886 1018 1012 1071 ἕδρας
1032 1019 1389 1073 ,ιιεταχωρήσαντα
1416 1019 1590 1074 ἔστησαν
1610 1023 1683 1074 τῆς
1703 1023 1852 1074 φυγῆς.
1867 1034 1902 1070 Ῑ)
1922 1034 1974 1070 1V
1987 1034 2033 1070 87

296 1092 337 1126 11
358 1086 397 1126 οἱ
429 1085 474 1126 δὲ
505 1089 589 1132 τοῖς
619 1086 797 1127 θανοῦσι
828 1086 918 1127 τότε
948 1087 1233 1140 προσήκοντες
1263 1086 1360 1133 τοὺς
1391 1087 1569 1133 οἰκείους
1599 1087 1853 1142 θρηνοῦντες

234 1159 270 1195 D
299 1160 342 1195 12
357 1154 538 1209 δημοσίᾳ
569 1154 678 1208 πρὸς
707 1154 779 1196 τὸν
809 1155 978 1209 βασιλέα
1012 1155 1299 1197 ἀπέσκωπτον.
1364 1154 1429 1196 διὰ
1461 1159 1587 1196 ταῦτα
1618 1155 1755 1196 τοίνυν
1782 1172 1851 1210 μι-

355 1223 516 1264 σεῖσθαι
547 1222 662 1277 παρὰ
694 1226 780 1264 τῶν
810 1224 991 1265 πολιτῶν
1023 1223 1290 1278 ἐπιστάμενος
1318 1224 1434 1278 τείχει
1455 1225 1682 1278 περιέζωσε
1703 1223 1751 1265 τὰ
1773 1225 1851 1278 βα-

355 1291 500 1332 σίλεια·
535 1288 621 1332 ἀλλ’
656 1291 722 1332 ὅτε
753 1294 874 1333 τοῦτο
906 1292 1130 1346 ἀπήρτιστο
1161 1292 1235 1333 καί
1264 1292 1303 1333 οἱ
1332 1295 1417 1333 τῶν
1447 1292 1593 1333 πυλῶν
1625 1292 1668 1333 αἶ
1695 1292 1852 1339 κλεῖδες
1867 1306 1911 1341 15

355 1359 715 1414 ἀπεκομίσθησαν,
748 1359 837 1401 τότε
868 1361 917 1401 ὃν
948 1360 1140 1415 ἐφοβεῖτο
1172 1360 1311 1415 φόβον
1342 1360 1472 1415 ἦλθεν
1498 1361 1614 1415 αὐτῷ
1635 1360 1706 1402 καὶ
1728 1361 1852 1403 οὐδὲν

353 1431 426 1483 τῆς
457 1428 776 1483 ἔπινενοημένής
807 1429 924 1482 αὐτῷ
956 1429 1183 1483 ἀσφαλείας
1214 1430 1424 1470 ἀπώνατο.

296 1502 341 1539 13
477 1496 572 1538 Τῶν
599 1496 644 1538 δὲ
669 1496 886 1551 Τούρκων,
919 1500 1004 1538 τῶν
1026 1496 1233 1551 Οὔγγρων
1266 1498 1439 1552 δηλαδή,
1471 1497 1518 1539 τιὶ
1542 1496 1732 1552 Θρᾳκῷα
1765 1498 1850 1553 ληι-

356 1635 402 1670 13
428 1636 477 1670 ὅτι
503 1635 727 1681 περιετείχισε
751 1634 792 1671 τὰ
816 1635 974 1682 βασίλεια
1000 1636 1031 1671 Ε
1143 1636 1188 1671 18
1211 1635 1291 1681 περὶ
1317 1640 1386 1671 τῶν
1416 1635 1590 1682 Οῧγγρων
1615 1636 1675 1672 καὶ
1702 1636 1792 1682 (om.
1809 1636 1848 1681 C,

355 1683 558 1719 vocabulo
593 1684 779 1729 sequenti
812 1694 964 1719 novum
1001 1687 1286 1729 argumentum
1319 1684 1529 1730 incipiens)
1567 1685 1617 1719 ὅτι
1643 1685 1664 1719 ὁ
1687 1684 1850 1730 βασιλεὺς

354 1730 414 1765 τὸν
434 1731 524 1769 Ῥῶς
548 1729 636 1775 (ῥὼς
661 1730 739 1774 CE)
766 1732 937 1776 κεκίνηκε
963 1730 1051 1766 κατὰ
1076 1736 1147 1766 τῶν
1175 1733 1264 1773 (om.
1293 1731 1337 1773 E)
1364 1731 1581 1777 Βουλγάρων
1608 1731 1670 1768 CE

427 1859 446 1893 l
473 1859 569 1894 ἵππω
595 1858 644 1903 D,
672 1869 773 1895 corr.
795 1858 863 1898 Dw
960 1859 1125 1899 ἐνόπλους
1153 1863 1247 1895 ante
1274 1860 1294 1895 ὁ
1319 1859 1348 1896 C
1445 1860 1467 1895 3
1492 1859 1668 1905 πολέμων]
1695 1864 1766 1896 τῶν
1789 1874 1849 1895 πο-

424 1906 557 1951 λεμίων
576 1906 612 1941 D
689 1908 722 1942 3.
741 1907 764 1942 4
781 1908 877 1952 αὐτῷ
896 1907 1090 1943 κάντεῦθεν
1108 1908 1203 1954 Ewp
1301 1908 1324 1942 4
1342 1909 1425 1953 φόβ.
1441 1908 1556 1946 αὐτοῖς
1575 1908 1670 1953 Bwp
1767 1909 1848 1953 βου-

426 1954 571 1999 λόμενος
598 1953 629 1990 Ο
753 1955 772 1990 7
798 1955 839 1990 ἐκ
869 1966 943 1991 οῐη.
971 1955 1068 2001 Ewp
1195 1955 1287 2000 περὶ]
1314 1955 1409 2000 παρὰ
1432 1955 1467 1989 D
1591 1955 1613 1990 9
1636 1955 1790 1994 πλείωνες
1816 1955 1848 1990 O

427 2003 474 2037 10
497 2002 750 2047 ἀμελακίνητος
776 2002 823 2046 D,
852 2013 952 2038 corr.
980 2002 1048 2041 Dw
1202 2003 1244 2038 11
1270 2004 1437 2048 μηδόλως
1462 2001 1665 2048 AEwpDi,
1690 2002 1741 2049 μὴ
1769 2002 1800 2038 Ο

473 2050 576 2094 ἕδρας
591 2049 776 2095 OflwpDi,
795 2051 897 2095 ἔδρας
911 2050 980 2086 ΑΕ
1054 2051 1100 2086 12
1117 2051 1189 2085 τότε
1205 2054 1299 2086 ante
1311 2052 1459 2086 θανοῦσι
1475 2050 1506 2086 Ο
1578 2051 1794 2096 προςήκονες
1805 2050 1807 2064 ¹
1819 2049 1848 2086 C

426 2097 471 2132 16
495 2097 791 2143 ἀποκομίσθησαν
816 2098 852 2132 D
965 2098 1008 2134 17
1034 2099 1244 2144 νενοημέτής
1271 2097 1299 2134 C
1422 2098 1467 2133 18
1493 2097 1653 2143 σι’ῗγγρων
1680 2096 1847 2143 prDi,

425 2144 588 2190 οὔγκρων
613 2144 648 2180 Α

352 2275 426 2301 rex
453 2264 596 2301 milites
623 2267 799 2301 armatos
818 2265 857 2300 in
885 2264 1059 2301 medium
1087 2265 1288 2301 theatrum
1307 2264 1510 2310 produxit,
1535 2265 1621 2300 sive
1646 2267 1691 2300 ut
1715 2263 1847 2300 bellici

353 2322 597 2359 congressus
629 2313 778 2358 populo
811 2313 1027 2358 imaginem
1060 2313 1360 2356 adumbrarem,
1396 2312 1614 2348 iucundam
1647 2316 1686 2347 et
1719 2312 1847 2357 ipsam

316 2360 531 2396 8futuram
558 2361 719 2404 scilicet,
747 2361 833 2396 sive
859 2362 1022 2396 terroris
1049 2361 1269 2396 incutiendi
1297 2370 1430 2395 causa.
1480 2359 1533 2395 Ut
1550 2364 1684 2395 autem
1702 2360 1845 2395 milites

351 2408 511 2453 gladios
536 2409 799 2452 strinxerunt,
838 2408 1012 2454 populus
1043 2408 1188 2443 theatri
1221 2408 1319 2443 illud
1351 2418 1437 2443 esse
1472 2410 1595 2451 ratus,
1634 2406 1743 2452 quod
1776 2407 1846 2442 diu

352 2455 557 2490 hominum
596 2456 848 2491 sermonibus
886 2456 1079 2490 iactatum
1118 2459 1234 2499 esset,
1279 2465 1368 2490 cum
1407 2456 1559 2500 impetu
1597 2465 1648 2489 ex
1686 2454 1844 2490 theatro

353 2502 548 2548 fugiebat,
574 2503 679 2538 inter
705 2502 936 2538 exeundum
963 2506 1098 2538 autem
1125 2503 1165 2538 in
1193 2503 1391 2548 angustiis
1417 2503 1530 2537 multi
1555 2503 1660 2537 inter
1685 2512 1729 2537 se
1753 2512 1844 2538 con-

315 2550 499 2585 9culcati
526 2551 744 2596 perierunt.
794 2549 854 2585 Ac
884 2552 1055 2586 fortasse
1081 2551 1204 2586 multo
1231 2551 1367 2596 plures
1394 2550 1616 2595 periissent,
1654 2549 1730 2584 nisi
1757 2551 1844 2585 viso

221 2597 277 2633 10.
294 2597 336 2632 11
351 2607 450 2643 rege
474 2598 516 2632 in
544 2607 618 2633 sua
644 2598 740 2633 sede
757 2598 920 2633 immoto
947 2597 1121 2644 populus
1146 2599 1292 2643 fugere
1318 2597 1544 2632 destitisset.
1594 2596 1843 2633 Mortuerum

293 2645 338 2680 12
351 2655 448 2680 vero
488 2645 706 2691 propinqui
744 2655 839 2680 suos
876 2645 1062 2691 lugentes
1099 2655 1238 2690 regem
1273 2645 1433 2690 publice
1468 2644 1709 2689 irridebant3
1749 2655 1844 2690 qua-

350 2695 516 2738 propter
542 2702 632 2727 cum
658 2703 701 2728 se
728 2693 884 2727 civibus
910 2693 1084 2728 invisum
1111 2702 1199 2728 esse
1225 2693 1354 2735 sciret,
1381 2693 1536 2737 regiam
1563 2702 1678 2727 muro
1706 2692 1842 2736 cinxit,

351 2749 431 2784 quo
463 2740 661 2784 absoluto,
699 2740 835 2775 relatis
869 2740 922 2775 ad
954 2750 996 2775 se
1029 2743 1237 2785 portarum
1268 2739 1460 2783 clavibus,
1499 2743 1584 2774 tum
1619 2739 1778 2774 demum
1805 2740 1842 2775 ei

349 2787 391 2821 id
411 2787 532 2869 lquod
563 2788 730 2822 timebat
761 2788 907 2832 evenit,
946 2796 1079 2832 neque
1110 2787 1192 2823 ulla
1225 2787 1483 2832 excogitatae
1508 2787 1740 2822 munitionis
1766 2787 1842 2822 fuit

349 2835 407 2868 uti
425 2835 513 2869 itas.

292 2881 337 2917 13
468 2881 611 2918 Tui-cis
645 2884 791 2927 autem,
830 2882 981 2929 Ungris
1016 2882 1177 2929 scilicet,
1215 2881 1427 2917 Thraciam
1464 2881 1728 2927 vastantibus,
1766 2891 1839 2917 rex
