1968 3302
506 233 816 277 PVLCHERIA.
866 232 1098 275 EVDOCIA
1123 229 1371 273 REPVLSA.
1621 229 1687 270 111

191 362 359 406 δείσασα
389 362 449 417 μὴ
482 362 509 403 ὁ
541 361 648 416 ἀνὴρ
679 360 919 415 ὑποπτεύσῃ
952 361 976 401 ὃ
1008 360 1164 406 ἐκεῖνος
1201 359 1282 414 ἤδη
1320 359 1601 401 ὑπώπτευσεν.
1664 359 1751 400 633

191 430 228 474 δ’
262 433 318 473 ἔτι
347 430 584 486 προσήρετο
621 430 977 483 ἕπιτατικώτερον·
1021 429 1047 483 ἡ
1081 425 1118 470 δ’
1152 427 1278 474 αὖθις
1307 425 1407 482 μεθ’
1441 428 1576 482 ὅρκου
1606 443 1690 482 φα-

192 505 276 555 γεῖν
295 499 342 542 τὸ
362 499 499 554 μῆλον
527 498 829 552 ἀπισχυρίζετο.
893 497 1027 551 ἐξάγει
1051 501 1172 538 τοῦτο
1193 496 1344 551 μεστὸς
1365 496 1391 537 ὁ
1415 496 1691 550 αὐτοκράτωρ
1706 499 1753 534 34

193 571 332 624 ὀργῆς.
395 569 467 610 καὶ
497 569 523 622 ἡ
554 567 632 621 μὲν
664 564 727 607 ἐπ’
762 566 1008 620 αὐτοφώρῳ
1046 566 1158 607 ἑάλω
1196 565 1255 620 μὴ
1295 565 1586 619 ἀληθεύουσα·
1631 569 1693 618 τῷ

157 643 179 678 5
195 639 241 680 δὲ
271 638 320 679 τὰ
351 642 424 692 τῆς
445 636 647 681 ὑπονοίας
668 635 896 689 ἐστήρικτο.
958 634 1187 675 κάντεῦθεν
1208 634 1400 675 κτείνεται
1420 633 1499 687 μὲν
1520 633 1547 674 ὁ
1568 632 1692 674 Παυ-
1707 638 1753 674 35

194 707 305 752 λῖνος
326 706 371 753 ἐξ
391 705 592 750 ὑπονοίας
611 703 814 757 ψευδοῦς,
847 704 872 756 ἡ
898 699 934 743 δ’
957 702 1149 744 Εὗδοκία
1170 702 1384 757 μεμίσητο.
1446 701 1517 743 καὶ
1544 702 1694 756 ᾔτησεν
1708 708 1754 743 36

195 775 391 816 ἀπελθεῖν
414 774 470 819 εἰς
486 772 775 826 Ἱεροσόλυμα·
810 771 915 812 ἔνθα
949 771 1000 824 δὴ
1034 771 1278 812 ἀπελθοῦσα
1311 770 1386 812 σὺν
1416 771 1586 825 πλούτῳ
1615 771 1694 825 βα-

194 844 268 884 θεῖ
292 842 421 888 ναούς
451 857 493 883 τε
524 841 716 895 ἐδείματο
747 839 817 881 καὶ
847 839 981 881 πολλὰ
1012 844 1096 885 τοῖς
1126 840 1371 893 πενομένοις
1402 839 1473 882 καὶ
1503 844 1588 886 τοῖς
1612 840 1740 881 ἓκεῖΡ
1755 843 1905 881 1145A

38 911 486 966 111244μοναστηρίοις
530 910 730 951 δέδωκεν.
793 908 956 950 ἐκεῖθεν
1000 905 1037 949 δ’
1083 909 1373 950 ἐπανελθοῦσα
1421 907 1547 955 αὖθις
1590 908 1695 964 μετὰ
1709 914 1755 950 37

137 986 184 1021 10
196 980 381 1022 θάνατον
410 983 484 1020 τοῦ
516 977 672 1032 ἀνδρὸς
703 978 833 1019 ἐκεῖσε
862 977 1035 1032 ἀφίκετο
1057 978 1182 1018 κάκεῖ
1197 978 1487 1032 τετελεύτηκεν.
1551 979 1617 1019 οἵα
1650 978 1696 1019 δὲ
1709 984 1756 1019 38

195 1049 289 1103 περὶ
319 1048 470 1102 λόγους
500 1046 553 1102 ἦν
584 1047 686 1100 αὕτη
721 1046 892 1100 δηλοῦσι
922 1045 972 1087 τὰ
993 1046 1195 1100 λεγόμενα
1213 1045 1544 1101 Ὁμηρόκεντρα.
1603 1045 1695 1088 Πα-
1709 1052 1756 1087 39

195 1118 353 1172 τρικίου
393 1117 472 1171 γάρ
509 1131 618 1162 τινος
655 1116 990 1170 ἐπιχειρήσαντος
1026 1120 1088 1169 τῷ
1127 1115 1430 1169 σπουδάσματι,
1477 1116 1614 1162 ἀτελὲς
1651 1115 1697 1157 δὲ

196 1185 494 1230 καταλιπόντος
525 1183 627 1226 αὐτὸ
658 1184 729 1225 καὶ
761 1184 850 1225 οἷον
881 1185 1006 1225 εἰπεῖν
1037 1184 1345 1238 ἀνοργάνωτον,
1379 1184 1512 1238 ἐκείνη
1546 1184 1616 1225 καὶ
1642 1185 1699 1230 εἰς

197 1254 312 1300 τέλος
343 1255 473 1308 ἤγαγε
503 1253 574 1295 καὶ
606 1253 875 1307 ὠργάνωσεν,
908 1253 970 1298 ὡς
1001 1252 1072 1294 καὶ
1103 1253 1128 1306 ἡ
1150 1249 1251 1307 παρ’
1276 1253 1434 1307 ἐκείνης
1458 1251 1523 1293 διὰ
1547 1253 1699 1307 στίχων

140 1326 186 1363 15
199 1324 402 1378 ἡρωικῶν
431 1327 494 1376 τῷ
523 1322 731 1376 πονήματι
763 1322 963 1376 γενομένη
997 1321 1207 1376 ἐπιγραφὴ
1239 1325 1324 1367 τοῖς
1354 1321 1507 1375 ταύτην
1539 1321 1699 1362 ἐπιοῦσι

197 1392 426 1446 παρίστησι.

323 1459 503 1515 Θνήσκει
525 1459 571 1501 δὲ
592 1460 617 1501 ὁ
637 1459 828 1514 βασιλεὺς
850 1459 1077 1506 Θεοδόσιος
1097 1459 1451 1514 πεντηκοντούτης
1476 1458 1699 1513 γενόμενος
1712 1465 1760 1501 40

199 1530 270 1572 καὶ
306 1529 457 1584 σχεδὸν
495 1530 681 1575 ἅπαντας
720 1530 795 1575 οὓς
832 1529 934 1583 ἒβίω
974 1528 1186 1574 ἐνιαυτοὺς
1223 1528 1485 1583 βασιλεύσας,
1529 1529 1701 1583 βραχεῖς

203 1678 246 1714 17
271 1677 410 1725 τελευτὴ
442 1678 634 1714 Θεοδοσίου
660 1676 761 1714 ACE

273 1823 295 1859 2
322 1823 636 1867 ε’πιτακτικώτερον
663 1821 797 1868 wap
894 1821 927 1857 2.
947 1822 970 1857 3
996 1827 1122 1868 φαγεῖν
1147 1821 1185 1857 τὸ
1209 1822 1322 1868 μῆλον
1346 1822 1592 1867 ἀπισχυρίζετο
1617 1821 1700 1866 μεθ’

274 1873 384 1916 ὅρκου
411 1871 453 1915 Ε,
494 1876 620 1916 φαγεῖν
644 1870 682 1904 τὸ
705 1870 819 1916 μῆλον
843 1870 1025 1915 ἐξώμνυτο
1051 1870 1148 1916 pr
1372 1869 1394 1905 5
1420 1871 1576 1915 ὑποψίας
1603 1870 1700 1915 pr

322 1919 495 1954 κάντεῦθε
523 1946 530 1954 .
547 1945 553 1953 .
571 1945 578 1952 .
604 1919 726 1953 είνεται
751 1917 787 1953 Α
815 1918 848 1963 (ν
873 1932 917 1953 κτ
943 1920 1228 1960 evanuerunt).
1361 1918 1527 1957 παυλίνος
1554 1919 1640 1960 (Sic)
1666 1917 1701 1952 A

274 1967 297 2002 8
323 1970 414 2013 post
431 1973 501 2005 τοῖς
519 1965 611 2001 add.
630 1979 665 2000 τε
683 1966 714 2001 Ε
811 1967 844 2002 8.
859 1966 882 2001 9
907 1966 985 2001 ἐκεῖ
998 1967 1169 2011 σεμνείοις
1194 1965 1407 2012 BCwap,
1433 1966 1470 2001 ἐν
1485 1965 1701 2011 σεμνείοιςῙ)

275 2016 297 2049 9
323 2015 493 2050 διέδωκεν
518 2013 617 2060 pr
715 2013 754 2049 δὲ
778 2012 964 2060 BswpDi‚
992 2025 1068 2050 om.
1093 2014 1126 2049 E
1225 2015 1268 2049 ll
1295 2015 1382 2060 αὕτη
1410 2013 1490 2059 AE,
1519 2014 1540 2060 ἡ
1565 2014 1703 2059 βασιλὶς

275 2063 394 2107 ἐκείνη
422 2062 520 2108 pr
620 2061 664 2096 15
690 2067 796 2098 ταῦτα
822 2061 851 2098 C

205 2206 247 2242 id
273 2207 559 2253 suspicaretur,
587 2206 697 2252 quod
722 2207 788 2242 ille
813 2207 893 2242 iam
921 2207 1151 2253 suspicatus
1178 2210 1248 2252 est,
1275 2206 1351 2242 hoe
1369 2217 1412 2242 se
1433 2207 1564 2243 edisse
1591 2206 1704 2242 dixit.

205 2255 318 2301 Rege
345 2258 479 2290 autem
507 2256 627 2291 etiam
654 2259 776 2301 atque
808 2255 930 2290 etiam
961 2255 1241 2301 interrogante
1274 2255 1420 2295 aerius,
1459 2255 1526 2290 illa
1557 2255 1704 2290 iureiu-
1718 2255 1765 2290 33

205 2302 334 2338 rando
362 2303 588 2337 affirmabat
613 2312 656 2338 se
681 2303 831 2338 malum
858 2302 1000 2338 edisse.
1052 2302 1176 2338 Effert
1208 2302 1284 2338 hoe
1310 2302 1458 2337 malum
1485 2303 1705 2348 imperator
1719 2302 1766 2338 34

205 2351 350 2396 plenus
387 2351 483 2386 irae.
535 2349 599 2386 Sic
637 2351 704 2385 illa
739 2351 780 2385 in
814 2351 1028 2386 manifesto
1063 2350 1316 2396 deprehensa
1349 2351 1560 2386 mendacio
1596 2351 1704 2396 regis

206 2398 382 2444 suspicio
408 2399 465 2433 ita
492 2402 550 2433 est
578 2399 824 2442 confirmata,
849 2403 895 2433 ut
912 2398 1108 2433 Paulinus
1130 2398 1180 2433 de
1202 2399 1304 2433 falsa
1332 2399 1562 2443 suspicione
1588 2408 1705 2434 neca·
1719 2398 1765 2433 35

207 2450 319 2482 retur
338 2450 375 2481 et
395 2445 574 2481 Eudoeia
601 2449 706 2481 esset
731 2447 770 2481 in
801 2445 905 2481 odio.
957 2445 1070 2488 Quae
1097 2457 1187 2481 eum
1212 2447 1477 2492 impetrasset,
1503 2449 1548 2480 ut
1566 2445 1765 2482 Hiero-36

208 2493 362 2539 solyma
394 2494 536 2538 abiret,
577 2494 720 2539 opibus
747 2494 907 2539 magnis
934 2497 972 2529 et
999 2494 1148 2540 templa
1175 2494 1230 2528 ibi
1257 2494 1488 2529 aedificavit
1514 2497 1553 2528 et
1579 2493 1705 2528 multa

207 2541 423 2587 egentibus
455 2551 504 2576 ae
541 2542 806 2585 monasteriis,
847 2552 952 2587 quae
978 2542 1058 2576 illic
1091 2547 1218 2585 erant,
1258 2542 1378 2577 dedit.
1430 2541 1543 2576 Illinc
1570 2543 1703 2576 autem
1719 2541 1764 2577 37

207 2599 373 2624 reversa
398 2589 579 2624 Eudoeia
605 2594 696 2635 post
722 2594 888 2625 mortem
916 2590 1048 2624 mariti
1076 2590 1221 2624 iterum
1249 2589 1391 2625 eodem
1425 2589 1536 2624 venit
1568 2590 1706 2634 ibique

207 2642 367 2672 mortua
406 2641 476 2672 est.
527 2638 641 2678 Quae
675 2647 795 2682 quam
831 2637 992 2673 erudita
1031 2638 1163 2681 suerit,
1203 2637 1481 2673 demonstrant
1515 2636 1706 2672 Homero·
1720 2637 1766 2673 38

209 2689 358 2720 centra.
409 2684 508 2719 Nam
543 2695 632 2719 eum
660 2685 859 2720 Patricius
894 2685 1057 2730 quidam
1091 2685 1320 2720 incohasset
1347 2684 1387 2719 id
1415 2694 1516 2730 opus
1542 2684 1613 2720 sed
1639 2685 1706 2719 im—
1720 2685 1766 2720 39

207 2734 431 2779 perfectum
460 2736 508 2776 et,
547 2736 591 2767 ut
623 2733 678 2767 ita
712 2732 854 2778 dicam,
892 2733 1162 2768 membrorum
1190 2742 1336 2778 expers
1363 2732 1601 2777 reliquisset,
1640 2733 1707 2767 illa

209 2784 248 2815 et
274 2781 326 2815 ad
353 2780 471 2815 finem
499 2780 690 2826 perduxit
716 2784 755 2816 et
780 2781 970 2815 membris
996 2781 1197 2823 instruxit,
1224 2785 1269 2815 ut
1287 2783 1326 2815 et
1345 2790 1403 2823 ea,
1433 2790 1539 2825 quae
1561 2781 1613 2816 ab
1638 2780 1705 2815 illa

210 2828 395 2863 versibus
421 2828 592 2863 heroicis
619 2829 731 2874 operi
758 2829 941 2875 praefixa
967 2832 1071 2872 sunt,
1099 2828 1328 2873 legentibus
1358 2828 1577 2863 declarant.

329 2875 498 2911 Moritur
506 2886 578 2911 rex
589 2875 842 2912 Theodosius
851 2877 1241 2922 quinquagenarum,
1250 2879 1463 2922 postquam
1475 2886 1612 2911 omnes
1622 2876 1706 2911 fere
1719 2875 1768 2912 40

211 2934 284 2971 per
309 2924 419 2960 vitae
446 2933 574 2959 annos
599 2924 790 2971 regnavit
816 2933 967 2971 eosque
993 2924 1259 2970 paucissimos
1285 2933 1374 2959 cum
1394 2927 1521 2971 patre,
1549 2928 1706 2960 ceteros
