2054 3282
345 211 416 248 522
737 215 918 251 ZONAR.
946 215 1074 251 EPIT.
1101 215 1212 251 XVII
1242 215 1271 259 1,
1300 215 1449 252 11—21.

347 334 474 388 άννην
495 334 590 381 τοὺς
612 336 874 390 ΑΙανιχαιόινς
897 337 943 377 ἔκ
965 340 1036 390 τῆς
1058 336 1169 390 ἑῴας
1189 337 1414 390 ,ιιετοικίσαι
1435 337 1543 391 πρὸς
1573 337 1622 379 τὰ
1653 339 1833 393 ἑσπέρια,

290 407 333 442 12
345 403 526 449 πολλοὺς
572 409 620 458 τῇ
667 405 806 445 αὐτῶν
850 410 1023 458 μυσαρᾷ
1069 407 1219 459 αἱρέσει
1264 406 1594 460 διαφθείροντας.
1668 406 1719 448 οὗ
1762 408 1835 462 τὴν

347 471 517 519 ἀξίωσιν
561 473 736 527 πληρῶν
782 474 838 518 εἷς
882 474 1208 515 Φιλιππούπολιν
1252 475 1458 529 μετήγαγε
1500 474 1546 516 τὸ
1590 475 1708 529 γένος
1750 479 1835 517 τῶν

289 543 333 579 13
347 539 609 594 ᾸΙανιχαίων.
671 542 695 581 ὁ
734 541 778 582 δὲ
814 542 1072 596 πατριάρχης
1109 542 1380 589 ΙῙολύευκτος
1422 548 1472 598 τῇ
1514 548 1587 585 τοῦ
1633 545 1836 599 Τζιμισκῆ

346 608 570 662 (ὶναρρήσει
601 610 818 662 τριάκοντα
850 610 920 650 καὶ
953 611 1071 651 πέντε
1110 611 1271 665 ἡμέρας
1303 611 1486 666 ἐπιβιοὺς
1516 611 1587 653 τὸν
1617 612 1710 666 βίον
1739 618 1871 666 μετ-5

347 676 506 729 ήλλαξε,
551 676 621 717 καὶ
656 678 903 733 ἀντεισήχθη
943 679 999 725 εἷς
1036 678 1107 720 τὸν
1147 680 1434 734 ἀρχιερατικὸν
1465 681 1624 734 θρόνον
1655 685 1727 735 τῆς
1757 682 1834 735 βα-

301 744 585 798 Οσιλευούσης
616 749 700 786 τῶν
730 746 896 788 πόλεων
928 747 951 788 ὁ
981 748 1171 802 μσναχός
1193 748 1408 795 Βασίλειος
1437 749 1460 789 ὁ
1485 749 1834 804 Σκαμανὸρηνός.

286 817 331 852 14
469 812 520 854 Οἱ
546 810 582 853 δ’
607 814 653 854 ἐκ
676 818 747 868 τῆς
763 815 908 868 Ἅγαρ,
940 815 999 870 μὴ
1034 816 1205 859 ἀνεκτὸν
1236 818 1462 872 ἡγούμενοι
1493 819 1724 872 στερεῖσθαι
1753 821 1838 860 τῶν

342 881 508 922 πόλεων
539 883 589 927 ἃς
621 883 701 937 ἤδη
740 883 970 938 ἀφῄρηντο,
1016 886 1290 940 συνελέγησαν
1327 887 1593 941 πανταχόθεν
1631 886 1702 928 καὶ
1741 903 1836 928 συν-

343 950 484 1003 θήκας
520 950 615 1003 περὶ
651 951 879 1006 ὁμαιχμίας
909 953 1181 1008 πεποιηκότες
1211 955 1282 996 καὶ
1312 959 1397 1001 τοῖς
1427 955 1736 1009 ,Καρχηδονίοις
1766 955 1838 1010 τὴν
1855 961 1899 996 10

344 1021 468 1071 σφῶν
514 1020 738 1073 ἡγεμονίαν
783 1021 1104 1075 προσνείμαντες
1156 1023 1474 1077 ἐξεστράτευσαν
1525 1023 1630 1065 κατὰ
1677 1028 1748 1079 τῆς
1794 1025 1839 1066 ἒν

285 1092 329 1127 15
344 1086 494 1142 Δάφνῃ
515 1087 762 1142 Ἀντιοχείας
787 1089 857 1130 καὶ
889 1090 1040 1144 ταύτην
1072 1091 1358 1146 ἐπολιόρκουν.
1421 1096 1506 1134 τῶν
1529 1089 1565 1134 δ’
1589 1093 1633 1134 ἐν
1653 1097 1702 1147 τῇ
1722 1092 1838 1134 πόλει

343 1156 661 1210 ἀνθισταμένων
704 1158 843 1204 αὐτοῖς
886 1159 1182 1214 κραταιότερον
1225 1161 1407 1215 ἠγγέλθη
1452 1166 1513 1215 τῷ
1556 1162 1716 1216 βασιλεῖ
1753 1165 1838 1203 τῶν

284 1229 329 1264 16
344 1225 484 1266 ἐθνῶν
515 1226 540 1279 ἡ
574 1226 818 1273 συνέλευσις.
881 1227 905 1268 ὁ
938 1227 983 1269 δὲ
1011 1229 1166 1270 κελεύει
1187 1235 1248 1283 τῷ
1269 1236 1486 1285 στρατηγῷ
1507 1229 1838 1284 ὒΙεσοποταμίας

343 1294 615 1348 ἐπικουρῆσαι
645 1299 730 1342 τοῖς
749 1296 1137 1351 πολιορκουμένοις·
1170 1298 1241 1339 καὶ
1260 1299 1448 1352 πολέμου
1469 1298 1578 1352 πρὸς
1598 1298 1695 1345 τοὺς
1714 1298 1835 1353 Ἀγα-
1853 1303 1897 1339 15

342 1362 496 1416 ρηνοὺς
539 1364 817 1418 συρραγέντος
861 1366 900 1406 οἱ
941 1365 1164 1420 βάρβαροι,
1213 1368 1344 1408 καίτοι
1389 1367 1686 1409 πολλαπλάσιοι
1728 1367 1837 1421 πρὸς

284 1435 328 1471 17
341 1430 438 1477 τοὺς
463 1431 699 1486 Ῥωμαίους
731 1434 858 1488 ὄντες,
902 1435 1121 1487 τρέπονταί
1155 1451 1195 1476 τε
1231 1436 1302 1476 καὶ
1333 1436 1580 1477 σκίδνανται.
1643 1437 1684 1477 οἳ
1715 1436 1761 1478 δέ
1792 1452 1836 1490 γε

337 1498 442 1545 Ῥῶς
461 1499 508 1540 τὸ
529 1503 614 1542 τῶν
639 1501 899 1556 Βουλγάρων
921 1503 1046 1549 ἔθνος
1076 1503 1147 1544 καὶ
1177 1502 1251 1558 τὴν
1282 1505 1430 1559 χώραν
1461 1505 1601 1546 αὐτῶν
1632 1501 1705 1558 ὑφ’
1739 1505 1835 1546 ἑαυ-

292 1567 437 1615 Βτσὺς
472 1569 744 1624 ποιησάμενοι
781 1570 852 1612 καὶ
891 1571 987 1617 τοὺς
1019 1571 1228 1626 ἡγεμόνας
1259 1577 1332 1614 τοῦ
1365 1573 1518 1619 ἔθνους
1548 1572 1619 1614 τὸν
1650 1572 1838 1628 Βορίσην

340 1723 364 1758 4
388 1723 467 1768 περὶ
491 1729 717 1769 πατριαρχῶν
744 1723 807 1760 OE
928 1726 950 1760 8
974 1726 1052 1770 περὶ
1078 1731 1146 1760 τῶν
1168 1727 1367 1771 Ἄγαρηνῶν
1393 1725 1422 1762 C
1548 1726 1591 1760 17
1617 1727 1667 1760 ὅτι
1693 1727 1730 1760 οἵ
1748 1727 1838 1765 εΡῶς

342 1770 429 1815 (ρὼς
468 1770 510 1812 C)
551 1773 828 1817 μετακληθέντες
869 1773 959 1808 κατὰ
1001 1778 1071 1808 τῶν
1107 1774 1337 1819 Βουλγάρων,
1380 1773 1440 1808 καὶ
1478 1773 1605 1812 αὐτοὺς
1646 1787 1837 1818 καταγωνι-

341 1819 493 1863 σάμενοι,
519 1819 720 1854 ἐπανελθεῖν
745 1821 794 1859 εἰς
820 1820 859 1856 τὰ
884 1822 955 1856 ἴδια
982 1821 1047 1856 οὐκ
1076 1821 1214 1867 ἤθελον.
1258 1821 1317 1856 καὶ
1343 1823 1406 1864 (ὅτι
1427 1821 1648 1866 οἷ-ἤθελον,
1675 1821 1735 1856 καὶ
1761 1832 1837 1856 om.

341 1866 387 1910 Ε)
412 1867 491 1912 περὶ
517 1871 575 1902 τοῦ
600 1868 813 1913 Καλοκυροῢ
840 1867 902 1904 CE

414 1997 433 2032 1
461 2002 668 2042 μετοικῆσαι
690 1996 737 2040 D,
765 2007 866 2032 corr.
881 1997 949 2035 Dw
1035 1998 1058 2033 ‘2
1084 2012 1111 2033 τ.
1130 1998 1205 2033 αὐτ.
1223 1999 1350 2043 αἱρέσει
1371 2004 1411 2043 τῇ
1428 2003 1570 2043 μυσαρᾷ
1590 1997 1621 2033 Ο
1710 1997 1733 2032 3
1758 2011 1838 2032 κατ·

412 2045 519 2090 ήγαγε
545 2044 580 2079 D
695 2045 739 2080 10
763 2046 1024 2090 Χαρχηδονιόις
1051 2044 1098 2091 p*
1124 2046 1261 2081 invitis
1288 2045 1396 2080 ARW
1496 2046 1537 2079 ll
1568 2048 1656 2090 post
1682 2045 1720 2079 ἐν
1744 2044 1837 2079 add.

412 2092 647 2186 &Elassvbvzyp
764 2092 808 2128 13
834 2093 939 2139 αὐτῆς
963 2093 1010 2137 D,
1040 2103 1139 2128 corr.
1168 2093 1235 2131 Dw
1351 2094 1395 2128 16
1422 2094 1513 2128 καίτι
1541 2092 1576 2127 D
1695 2092 1740 2127 18
1765 2091 1838 2137 ῥὼς

282 2267 327 2302 12
341 2267 504 2304 Oriente
524 2269 566 2304 in
583 2268 838 2306 Occidentem
867 2270 1194 2305 transferrentur.
1246 2269 1368 2306 Cuius
1395 2269 1605 2314 postulatis
1630 2269 1695 2304 ille
1722 2268 1833 2304 obse-

283 2314 328 2350 13
341 2319 458 2352 cutus
471 2315 800 2352 Manichaeorum
813 2327 945 2363 genus
960 2317 1265 2363 Philippopolim
1282 2317 1495 2351 transtulit.
1539 2315 1590 2351 At
1606 2315 1834 2361 patriarcha

339 2363 598 2410 Polyeuctus‚
623 2374 713 2400 cum
733 2367 823 2410 post
837 2364 1059 2400 Tzimiscae
1077 2365 1432 2410 proclamationem
1452 2363 1600 2399 XXXV
1615 2364 1698 2399 dies
1717 2364 1835 2398 vixis-

341 2414 411 2494 (siet,
444 2412 542 2447 obiit
567 2412 609 2447 in
636 2412 805 2458 eiusque
830 2412 962 2447 locum
989 2413 1180 2448 successit
1204 2411 1376 2447 Basilius
1401 2411 1622 2447 monachus
1649 2409 1837 2446 Scaman-

370 2469 503 2494 renus.

282 2504 328 2539 14
458 2505 640 2552 Agareni
673 2517 770 2543 vero
803 2518 885 2543 non
917 2507 1130 2543 ferendum
1165 2517 1252 2543 esse
1284 2508 1372 2551 rati,
1411 2507 1443 2542 si
1481 2506 1678 2551 ademptis
1715 2505 1835 2541 modo

340 2554 511 2590 urbibus
538 2555 757 2590 carendum
785 2559 902 2599 esset,
928 2555 1201 2600 undecunque
1225 2557 1503 2590 convenerunt
1522 2556 1724 2598 pactaque
1743 2553 1835 2588 belli

341 2602 534 2638 societate
561 2601 955 2649 Carthaginiensium
982 2603 1106 2638 ductu
1137 2605 1176 2637 et
1208 2602 1398 2647 auspiciis
1423 2599 1690 2644 Antiochiam,
1730 2610 1836 2645 quac

283 2647 328 2682 15
342 2652 402 2684 est
426 2650 542 2684 iuxta
561 2650 784 2695 Daphnem,
814 2650 1072 2687 obsederunt.
1123 2649 1202 2686 Sed
1229 2650 1323 2684 dum
1351 2649 1458 2683 cives
1485 2649 1559 2683 illis
1587 2648 1836 2683 constantius

284 2695 328 2729 16
341 2697 542 2741 resistunt,
580 2698 763 2742 gentium
793 2698 861 2733 illa
894 2698 1192 2743 conspiratione
1228 2697 1392 2742 cognita
1422 2706 1495 2730 rex
1521 2695 1835 2741 Mesopotamiae

342 2744 485 2779 ducem
523 2745 696 2780 obsessis
734 2755 850 2791 opem
893 2746 999 2781 ferre
1040 2745 1170 2790 iubet3
1211 2744 1362 2790 proelio
1407 2744 1615 2778 commisso
1659 2742 1834 2785 barbari,

342 2792 527 2836 quamvis
564 2802 731 2828 numero
770 2793 894 2828 multo
929 2793 1168 2838 superiores,
1205 2802 1230 2827 a
1260 2791 1450 2827 Romanis
1485 2791 1690 2836 profligati
1725 2790 1836 2825 dissi-

284 2837 328 2873 17
343 2840 502 2883 pantur.
553 2838 738 2875 Ceterum
765 2840 893 2884 Russi,
932 2839 1202 2886 Bulgarorum
1235 2840 1400 2874 natione
1433 2841 1471 2873 et
1504 2839 1713 2883 provincia
1745 2838 1834 2872 sub-

343 2889 444 2933 acta,
471 2896 554 2921 una
581 2897 670 2924 cum
698 2887 869 2925 ducibus
896 2887 1034 2925 Borise
1060 2898 1107 2925 ac
1126 2886 1319 2932 Romano,
1345 2886 1455 2922 obliti
1482 2886 1637 2933 patriae
1663 2885 1742 2921 illic
1767 2885 1834 2920 im-
