2054 3282
954 9 958 11 Λ
1023 4 1161 13 ’vrff-ff-r
1176 8 1214 13 ⁷7„
1262 12 1267 14 v
1278 11 1289 14 —
1309 10 1376 14 --ν-
1391 8 2054 27 -ακ---ν--τ--α--ὴ-ΜΜ

2005 35 2009 43 ι

315 310 385 346 666
707 309 887 347 ZONAR.
916 309 1045 346 EPIT.
1071 309 1204 347 XVIII
1229 309 1261 356 4,
1288 310 1415 347 2-10.

314 433 388 490 τὴν
418 433 568 489 ταύτης
600 433 808 487 ἐπιτυχίαν
838 432 910 474 καὶ
941 432 992 474 οὗ
1023 437 1083 487 τῴ
1123 433 1216 487 θεῷ
1253 433 1534 488 ἐπεγράψατο,
1578 433 1649 475 καὶ
1687 438 1807 476 τοῦτο

317 503 444 558 δῆλον
476 502 535 544 ὅτι
566 507 627 556 τῷ
658 501 878 555 νομίσματι
909 501 1064 556 ξιφήρη
1098 500 1246 544 ἑαυτὸν
1277 502 1511 557 ἐνεχάραξε,
1549 502 1683 557 μόνον
1715 503 1809 559 οὐχὶ

314 573 433 626 βοῶν
464 572 524 612 ὅτι
554 570 705 611 “τοῦτό
735 585 809 624 μοι
840 569 913 624 τὴν
941 570 1162 624 βασιλείαν,
1197 571 1275 626 οὐχ
1297 571 1436 626 ἕτερόν
1456 588 1491 613 τι
1511 573 1810 627 προυξένησε.”

279 640 411 686 3τοὺς
459 640 503 681 δὲ
550 639 868 693 συναραμένους
914 639 1031 693 αὐτῷ
1077 639 1369 694 φιλοτιμότατα
1413 640 1695 695 ἄντημείψατο
1737 641 1809 683 καὶ

315 710 511 750 ἔσπευσεν
555 708 718 761 ἑκάστῳ
757 706 829 754 τὰς
866 707 1047 763 ἀμοιβὰς
1086 707 1273 755 ἀποδοὺς
1310 709 1454 750 οἴκαδε
1492 710 1844 764 παρασκευάσαι5

315 778 568 831 ἀποχωρεῖν,
614 777 677 817 ἵνα
721 776 780 830 μή
825 793 860 817 τι
897 777 1199 831 θορυβήσωσιν
1230 779 1255 832 ἢ
1289 782 1361 819 τοῦ
1402 778 1541 832 δήμου
1581 780 1806 827 κατεξανα-

278 847 465 887 4στῶσιν
497 846 832 891 ἀστυπολοῦντες.
894 844 965 887 τὸν
995 845 1254 901 πατριάρχην
1287 846 1332 888 δὲ
1364 844 1415 888 δι’
1444 847 1589 894 αι’ὂοῦς
1619 847 1718 902 ἦγεν
1749 847 1810 890 ὅτι

314 915 470 969 πολλῆς
512 913 584 956 καὶ
626 913 722 960 τοὺς
765 915 894 956 αὐτοῦ
934 914 1248 968 ἀδελφόπαιδας
1286 914 1336 957 δι’
1370 915 1528 958 ἐκεῖνον
1565 915 1636 958 καὶ
1673 919 1808 971 τιμαῖς

278 983 478 1038 ὂέτίμησε
498 984 658 1038 μείζοσι
686 983 757 1024 καὶ
789 983 937 1037 ἀρχαῖς
967 985 1234 1038 περιφανέσιν
1266 984 1470 1039 ἐπέστησε.
1530 984 1807 1040 χαριζόμενος

272 1049 353 1093 Οὸ’
387 1053 442 1094 ἔτι
472 1058 534 1106 τῷ
563 1052 797 1107 πατριάρχῃ
830 1051 901 1093 καὶ
932 1051 1006 1106 τὴν
1036 1055 1122 1094 τῶν
1159 1053 1510 1108 ἓκκλησιαστικῶν
1545 1053 1855 1108 πραγμάτωνΙ)
1876 1060 1930 1097 IV
1950 1060 2018 1097 192

315 1121 559 1175 οἰκονομίαν
579 1126 629 1176 τῇ
652 1122 848 1176 ἐκκλησίᾳ
874 1121 1078 1176 ἀπένειμε,
1110 1122 1234 1176 μέχρι
1254 1122 1343 1163 τότε
1373 1126 1446 1164 τοῦ
1476 1123 1661 1177 μεγάλου
1694 1123 1807 1165 οἷκο-

315 1190 450 1244 νόμου
480 1190 853 1244 προχειριζομένου
884 1189 1000 1244 παρὰ
1032 1194 1105 1232 τοῦ
1136 1191 1439 1245 βασιλεύοντος,
1484 1190 1586 1232 ἀλλὰ
1621 1190 1708 1246 μὴν
1737 1191 1810 1234 καὶ

314 1263 387 1301 τοῦ
428 1259 762 1312 σκευοφυλακος,
808 1258 964 1304 ἐκεῖνος
996 1257 1042 1300 δὲ
1072 1258 1143 1300 καὶ
1174 1259 1308 1313 ἄμφω
1340 1258 1424 1301 ὑπὸ
1455 1258 1528 1314 τὴν
1559 1262 1632 1301 τοῦ
1663 1275 1806 1313 πατρι-

279 1329 450 1383 6άρχου
482 1329 602 1369 ἔθετο
635 1327 839 1380 ἐξουσίαν,
877 1327 1150 1375 ἄποξενώσας
1181 1327 1341 1381 ἀμφοῖν
1371 1327 1417 1369 τὸ
1451 1328 1663 1382 δημόσιον.
1724 1327 1807 1370 εἶτα

313 1397 387 1452 τὴν
417 1397 495 1452 μὲν
525 1401 599 1439 τοῦ
631 1397 725 1451 βίου
758 1397 875 1451 αὐτῷ
905 1395 1112 1438 κοινωνὸν
1142 1395 1392 1450 Αὖγούσταν
1428 1397 1694 1451 ἀνηγόρευσε,
1736 1396 1808 1439 τὸν
1823 1402 1868 1438 15

315 1463 352 1508 δ’
378 1465 562 1521 ἀδελφὸν
581 1466 784 1521 Ἰωάννην
804 1465 1126 1521 κουροπαλάτην
1147 1465 1334 1520 τετίμηκε
1356 1465 1426 1508 καὶ
1458 1465 1655 1521 ὠνόμασε
1674 1466 1808 1521 μέγαν

315 1535 571 1590 ὃομέστικον.

315 1690 337 1726 9
363 1691 413 1725 ὅτι
437 1691 565 1735 πρῴην
591 1691 792 1735 οἰκονόμων
817 1690 877 1725 καὶ
908 1690 1190 1735 σκευοφυλάκων
1221 1695 1281 1735 τῆς
1311 1691 1463 1736 μεγάλης
1493 1690 1682 1736 ἐκκλησίας
1712 1690 1808 1737 παρὰ

313 1743 375 1774 τοῦ
407 1738 579 1784 βασιλέως
609 1738 905 1784 προβαλλομένων
929 1739 949 1774 0‘
977 1737 1165 1784 Κομνηνὸς
1191 1737 1241 1783 (οἵ
1264 1739 1436 1785 κομνηνοὶ
1462 1738 1506 1784 C)
1532 1740 1593 1776 καὶ
1623 1740 1736 1786 ἄμφω
1766 1745 1808 1786 τῇ

313 1786 485 1832 ἐκκλησίᾳ
509 1785 694 1832 ἀπένειμεν
719 1785 782 1822 ΟΕ

384 1931 407 1966 3
433 1934 524 1977 post
547 1932 727 1978 βασιλείαν
753 1931 844 1966 add.
871 1931 1058 1977 ἐχαρίσατο
1085 1930 1114 1967 C
1234 1934 1329 1967 ante
1354 1930 1418 1977 οὐχ
1446 1931 1537 1967 add.
1563 1931 1624 1967 καὶ
1649 1930 1807 1978 prDi

383 1978 407 2014 4
433 1979 694 2024 φιλοτιμώτατα
719 1980 816 2024 Ewp
915 1979 937 2015 5
963 1979 1128 2015 ἔσπευδεν
1154 1979 1184 2013 Β
1295 1982 1389 2014 ante
1413 1979 1535 2014 οἴκαδε
1561 1979 1652 2014 add.
1677 1980 1806 2018 πάντας

384 2027 483 2072 pr
580 2028 602 2062 6
627 2028 897 2073 θωρυβήσωσιν
915 2027 999 2072 w*p
1098 2027 1119 2062 7
1145 2026 1184 2062 δὲ
1202 2029 1296 2062 ante
1311 2041 1413 2072 πατρ.
1432 2027 1567 2072 DEwp
1665 2027 1756 2072 εἶχεν
1770 2027 1805 2062 D

384 2075 407 2110 8
431 2075 539 2110 αὐτοῦ
563 2073 711 2121 Apr,
738 2075 835 2120 αὐτῷ
862 2074 918 2110 Di
1022 2075 1082 2110 καὶ
1108 2077 1203 2110 ante
1228 2080 1342 2119 τιμαῖς
1370 2085 1445 2110 om.
1473 2075 1568 2120 Ewp
1665 2075 1688 2110 9
1711 2089 1806 2119 περι-

385 2123 530 2168 φανέσιν
554 2121 601 2165 Α,
627 2123 870 2168 ὑπερηφάνοις
895 2123 993 2168 pr
1102 2122 1147 2156 14
1171 2122 1615 2167 ἀποξενώσας-δημόσιον
1641 2133 1716 2159 om.
1742 2122 1806 2160 BC

431 2170 480 2216 τὸ]
507 2170 565 2206 τὸν
591 2170 622 2206 Ε
719 2170 764 2207 15
789 2170 963 2207 κοινωνὸν
988 2170 1083 2206 αὐτῶ
1108 2170 1139 2205 Β
1237 2170 1283 2206 16
1307 2170 1339 2206 δ’
1366 2169 1485 2214 ARW,
1511 2170 1551 2206 δὲ
1574 2170 1622 2217 p*

313 2326 571 2372 adeptionem
597 2337 680 2362 non
707 2326 794 2371 deo,
821 2326 892 2362 sed
917 2327 992 2362 sibi
1019 2327 1250 2362 attribuisse
1276 2337 1327 2362 ex
1347 2337 1394 2362 eo
1422 2328 1602 2371 apparet,
1630 2325 1739 2372 quod
1764 2327 1806 2362 in

312 2375 444 2410 numis
471 2385 586 2410 suam
612 2375 830 2418 imaginem
849 2375 986 2410 stricto
1006 2384 1101 2410 ense
1123 2374 1428 2419 insculpendam
1455 2375 1624 2418 curavit,
1650 2376 1807 2409 tantum

276 2417 299 2453 3
314 2433 394 2457 non
413 2422 640 2457 clamitans:
666 2422 772 2457 “Hic
797 2422 892 2457 mihi
910 2433 1092 2467 regnum,
1120 2422 1174 2457 nil
1201 2422 1311 2457 aliud
1336 2421 1535 2467 peperit.³’
1583 2421 1662 2457 Eos
1680 2432 1704 2456 a
1723 2422 1806 2466 qui-

312 2470 389 2505 bus
421 2470 584 2505 adiutus
618 2473 716 2514 erat,
755 2469 1034 2505 liberalissime
1066 2473 1125 2505 est
1151 2472 1431 2505 remuneratus
1464 2469 1674 2513 relataque
1700 2469 1805 2504 festi-

312 2520 457 2553 nanter
495 2518 680 2553 omnibus
711 2518 845 2562 gratia
880 2527 1042 2563 operam
1071 2517 1191 2561 dedit,
1230 2520 1274 2552 ut
1301 2517 1461 2553 domum
1489 2527 1602 2551 suam
1634 2517 1805 2562 quisquc

312 2565 473 2609 rediret,
500 2576 552 2600 ne
578 2566 619 2600 in
644 2566 747 2601 urbe
773 2565 987 2600 volitantes
1014 2565 1078 2600 vel
1104 2565 1318 2600 tumultum
1338 2565 1562 2600 excitarent
1581 2564 1645 2599 vel
1665 2567 1804 2599 contra

275 2610 298 2645 4
313 2613 507 2658 populum
532 2613 803 2658 insurgerent.
855 2613 1130 2647 Patriarcham
1156 2622 1404 2658 magnopere
1424 2614 1642 2646 veneratus
1670 2612 1804 2647 fratris

312 2660 399 2695 eius
425 2660 526 2696 filios
553 2663 592 2695 et
619 2661 779 2706 magnis
806 2660 1028 2696 honoribus
1047 2660 1182 2696 affecit
1200 2664 1239 2695 et
1257 2659 1475 2705 splendidis
1500 2659 1805 2704 magistratibus

276 2705 519 2752 5praefecit.
579 2708 797 2743 Praeterea
830 2708 872 2742 in
905 2707 1162 2754 patriarchae
1199 2708 1372 2753 gratiam
1411 2707 1530 2742 etiam
1569 2706 1805 2742 ecclesiasti-

312 2765 450 2790 carum
478 2765 612 2790 rerum
639 2756 967 2800 procurationem
994 2754 1187 2791 ecclesiae
1213 2755 1412 2799 attribuit;
1438 2764 1532 2788 nam
1559 2764 1649 2788 cum
1675 2764 1805 2799 usque

312 2802 364 2837 ad
402 2803 443 2837 id
481 2804 672 2848 temporis
711 2806 750 2838 et
787 2813 961 2848 magnus
1001 2812 1246 2838 oeconomus
1285 2805 1324 2837 et
1349 2801 1626 2847 sceuophylax
1657 2812 1680 2836 a
1706 2811 1805 2847 rege

312 2850 519 2896 designari
544 2851 731 2894 solerent,
758 2853 977 2895 utrumque
1002 2850 1043 2885 id
1062 2860 1207 2885 munus
1226 2849 1480 2895 patriarchae
1500 2850 1687 2894 potestati
1714 2849 1805 2884 sub·

276 2896 414 2941 6iecit‚
442 2900 577 2933 amota
603 2898 766 2943 publica
792 2898 1044 2933 auctoritate.
1094 2897 1252 2933 Deinde
1277 2897 1387 2932 vitae
1410 2897 1560 2932 sociam
1585 2896 1805 2941 appellavit

311 2943 552 2990 Augustam,
579 2945 743 2981 fratrem
771 2948 906 2981 autem
932 2945 1126 2981 Ioannem
1152 2944 1426 2990 curopalatem
1452 2947 1491 2983 et
1516 2954 1710 2989 magnum
1738 2943 1804 2979 do-

312 2992 523 3028 mesticum
548 2993 783 3029 nominavit.
