2054 3282
236 0 273 15 «2352

400 234 463 272 ST
469 233 729 272 YPPIOTES.
778 233 993 272 AGAREN
996 234 1014 270 Ι
1039 232 1540 272 OARTHAGINIENSES.
1649 233 1720 270 4⁴25

224 355 405 398 πλείονα.
466 357 613 399 στόλον
644 356 724 411 γὰρ
756 356 1050 411 ἑξαρτύσαντες
1071 357 1112 398 οἱ
1131 356 1180 398 ἐκ
1201 355 1483 411 Καρχηδόνος
1497 355 1719 410 Ἀγαρηνοὶ
1736 360 1778 397 17

224 424 358 466 πολλὰ
387 425 467 479 μὲν
497 425 605 467 εἷλον
633 426 880 480 πολίσματα,
912 425 1027 472 τέλος
1058 421 1095 467 δ’
1119 424 1394 479 ἐπολιόρκουν
1417 423 1488 466 καὶ
1508 423 1555 466 τὸ
1571 423 1717 465 Ῥαού-

225 508 324 535 σιον.
386 494 618 535 στέλλουσιν
649 492 725 535 οὗν
756 494 796 535 οἷ
821 493 1025 535 Ῥαούσιοι
1055 493 1278 548 πρεσβείαν
1307 491 1416 546 πρὸς
1446 491 1518 534 τὸν
1547 491 1717 547 βασιλέα
1735 497 1778 532 18

224 560 455 609 Βασίλειον,
486 562 730 616 ἐπικουρίαν
759 559 860 616 παρ’
893 562 1023 603 αὐτοῦ
1055 562 1351 616 ἐξαιτούμενοι·
1388 560 1460 602 καὶ
1490 562 1539 607 ὃς
1569 560 1719 602 ἑκατὸν
1734 565 1778 600 19

187 634 211 670 5
224 629 364 676 αὐτοῖς
393 630 736 685 πολεμιστηρίους
766 635 870 685 νῆας
900 631 1185 685 ἒκπέπομφεν,
1224 631 1275 676 ἃς
1306 630 1459 671 ἐπιέναι
1491 629 1604 684 σφίσι
1633 644 1716 684 μα-

223 697 371 744 θόντες
401 699 442 740 οἱ
469 699 790 752 πολιορκοῦντες
804 698 1026 753 Ἄγαρηνοὶ
1049 699 1244 744 λύσαντες
1274 697 1348 752 τὴν
1378 697 1623 751 πολιορκίαν
1643 700 1717 738 τοῦ

218 765 437 808 Ῥαουσίου
467 771 517 822 τῇ
548 766 836 821 Λογγιβαρδίᾳ
867 768 1150 822 προσέβαλον·
1196 767 1267 808 καὶ
1305 766 1351 808 τὸ
1391 767 1492 808 ἄστυ
1523 770 1596 821 τῆς
1626 765 1716 807 Βά-
1731 771 1779 807 ‘20

222 850 333 888 ρεως
363 835 472 877 εἷλον
502 835 573 877 καὶ
603 837 717 877 οὕτω
748 837 999 890 κεχρημένοι
1031 836 1278 891 ὁρμητηρίῳ
1307 836 1445 890 πάσης
1469 838 1542 889 τῆς
1563 834 1808 888 Λογγι-ΡΙΙ
1820 838 1931 876 17οΑ

221 903 400 957 βαρδίας
438 904 681 958 ἐκράτησαν.
744 903 892 958 γνόντα
931 904 977 946 δὲ
1007 904 1078 946 καὶ
1114 904 1162 945 τὰ
1202 904 1324 946 λοιπὰ
1362 905 1465 958 ἔθνη
1509 902 1558 944 τὰ
1600 901 1716 955 παρὰ
1731 907 1774 943 21

164 975 210 1011 10
221 974 307 1013 τῶν
321 971 567 1027 Ἀγαρηνῶν
587 972 762 1026 τούτων,
794 973 856 1018 ὡς
879 974 1045 1027 εἴρηται,
1077 973 1300 1027 πιεζόμενα
1331 972 1378 1013 τὸ
1411 970 1580 1026 γεγονὸς
1611 969 1716 1011 κατὰ
1732 975 1779 1012 W
1795 975 1853 1011 111
1876 976 1942 1013 137

19 1097 24 1099 λ
220 1039 268 1082 τὸ
294 1039 522 1094 Ῥαούσιον,
559 1041 629 1082 καὶ
661 1041 720 1082 ὅτι
750 1040 824 1095 τὴν
856 1042 903 1082 ἐκ
934 1041 1139 1095 βασιλέως
1169 1040 1412 1095 συμμαχίαν
1444 1040 1648 1085 δείσαντες
1679 1039 1719 1080 οἱ

16 1099 78 1161 ,ΚΒ
96 1112 147 1149 IV
162 1108 409 1163 29πολέμιοι
429 1113 502 1164 τῆς
521 1109 764 1163 πολιορκίας
786 1109 1033 1164 ἀπέστησαν,
1064 1109 1340 1163 πρεσβεύουσι
1361 1108 1432 1150 καὶ
1461 1107 1578 1150 αὐτοὶ
1609 1122 1716 1160 συμ-

34 1183 36 1186 ’
219 1177 377 1231 μαχίαν
407 1178 613 1223 αἰτοῦντες
643 1178 715 1219 καὶ
746 1178 919 1224 ἑαυτοὺς
949 1182 998 1233 τῇ
1024 1181 1108 1219 τῶν
1124 1177 1348 1231 Ῥωμαίων
1379 1177 1580 1232 ἡγεμονίᾳ
1610 1175 1715 1216 ’ὓπο-

219 1244 441 1299 τιθέμενοι.
502 1245 573 1286 καὶ
605 1245 629 1285 ὁ
659 1244 851 1300 βασιλεὺς
881 1245 955 1300 τὴν
984 1246 1207 1301 πρεσβείαν
1237 1247 1483 1301 προσήκατο
1515 1244 1585 1286 καὶ
1622 1243 1714 1285 ἐπε·
1729 1243 1776 1279 22

222 1391 267 1427 14
296 1393 347 1427 ὅτι
378 1393 399 1427 ὁ
429 1392 496 1437 ῥὴξ
530 1393 703 1437 Φραγγίας
735 1394 901 1438 (φ’ριγίας
931 1393 977 1435 E)
1009 1394 1230 1439 συνεμάχησε
1264 1394 1536 1438 (σινεμαχὲσατο
1568 1393 1613 1434 F)
1647 1399 1716 1431 τοῖς

216 1440 403 1485 Ρωμαίοις
429 1440 507 1481 (hic
525 1440 671 1476 desinit
691 1440 735 1485 E)
761 1440 850 1476 κατὰ
872 1445 942 1475 τῶν
964 1441 1173 1500 Ἀγαρηνῶν.
1207 1441 1267 1477 καὶ
1291 1441 1440 1486 ηττηῦέν
1444 1455 1513 1476 των
1538 1441 1630 1476 ἑάλω
1655 1441 1715 1476 καὶ

220 1489 241 1523 ὁ
264 1487 419 1532 ἀρχηγός
443 1487 560 1523 αὐτῶν
584 1486 680 1533 παρὰ
706 1493 765 1522 τοῦ
790 1488 913 1534 ῥηΙός·
947 1489 1008 1524 καὶ
1034 1490 1098 1524 ὅσα
1124 1489 1370 1535 ἐμηχανήσατο
1395 1489 1456 1524 καὶ
1481 1489 1620 1534 διέδρα·
1656 1502 1715 1524 και

220 1535 285 1571 ὅσα
307 1534 470 1581 ἐποίησεν
495 1534 558 1572 ΟΕ

295 1679 311 1714 1
339 1679 380 1714 ἐκ
407 1679 651 1724 Καρχηδόνος]
678 1682 909 1726 καρχηὸόιιοι
937 1681 972 1715 Ι)
1100 1681 1122 1716 2
1148 1680 1187 1716 δὲ
1215 1681 1250 1715 D
1380 1680 1417 1716 τὸ
1442 1681 1607 1725 ραούσιον
1633 1679 1714 1724 AR,

292 1727 498 1771 ταραούσιον
523 1726 570 1771 D,
596 1741 635 1763 το
653 1728 738 1770 (sit)
755 1728 820 1774 ῥαγ
823 1729 942 1763 ούσιον
960 1728 1063 1766 wa
1069 1740 1106 1774 p,
1134 1739 1171 1763 v.
1186 1728 1301 1765 Cedr.
1318 1727 1491 1774 (Scylitz.
1496 1731 1508 1771 )
1526 1728 1563 1763 II
1582 1739 1619 1774 p.
1634 1729 1714 1772 219,

293 1774 350 1816 10,
375 1773 510 1810 Const.
535 1754 695 1821 P'orphv
701 1786 788 1822 rog.
802 1742 871 1811 7111
899 1787 936 1822 p.
965 1776 1043 1821 130,
1068 1777 1090 1810 6
1118 1780 1192 1811 cet.
1315 1777 1338 1811 3
1363 1776 1518 1820 ῥαούσιοι
1546 1774 1628 1820 AR,
1657 1776 1714 1820 ῥα-

291 1822 426 1867 γούσιοι
454 1821 587 1868 wap
697 1822 720 1857 ἶ)
744 1823 800 1858 ε’πὶ
824 1823 871 1867 D,
897 1824 1023 1859 ἐπιέναι
1052 1834 1155 1859 corr.
1182 1823 1251 1861 Dw
1355 1824 1388 1859 G.
1416 1824 1437 1860 7
1464 1829 1524 1859 τοῦ
1549 1823 1715 1868 ῥαοισίου

293 1879 367 1905 om.
395 1869 425 1906 C
542 1870 562 1905 7
588 1870 755 1914 ῥαοισίου
780 1870 862 1915 AR,
888 1871 1076 1916 ῥαγουσίου
1100 1871 1168 1909 Dw
1162 1882 1234 1917 wp
1355 1871 1592 1917 προςέβαλλον
1620 1871 1714 1916 Ewp

337 1917 476 1963 βάσεως
502 1917 549 1961 D,
576 1928 677 1953 corr.
704 1918 772 1956 Dw
870 1919 893 1953 ὃ
917 1920 1012 1954 οὕτω
1038 1918 1084 1963 Λ,
1114 1920 1226 1964 τούτῳ
1253 1918 1410 1965 prDz'
1518 1919 1715 1964 ὁρμητήρια

292 1964 337 2006 Ι),
366 1975 468 2000 corr.
494 1965 562 2003 Dw
672 1966 694 2002 9
719 1966 880 2001 οτάλέντα
906 1967 991 2007 (sic)
1018 1967 1138 2002 ἔθεντο
1166 1966 1211 2010 D,
1238 1966 1278 2003 τὰ
1303 1966 1407 2002 λοιπὰ
1433 1967 1519 2011 ἔθνη
1546 1966 1585 2001 τὰ
1612 1977 1714 2002 corr.

291 2012 358 2050 Dw
471 2013 515 2047 lo
539 2013 673 2048 τούτων
698 2024 774 2048 om.
801 2014 844 2059 O,
871 2014 962 2050 add.
990 2013 1058 2052 Dw
1160 2015 1181 2050 ἃ
1204 2014 1257 2059 ,(9)
1285 2014 1331 2058 D,
1357 2016 1490 2059 εἴρηται
1519 2025 1619 2049 corr.
1647 2013 1715 2051 Dw

337 2060 488 2106 γεγονὼς
514 2060 561 2103 D,
588 2071 688 2096 ΕΟΓΓ.
714 2061 781 2099 Dw
890 2062 945 2096 10.
975 2062 1014 2097 11
1042 2061 1131 2097 κατὰ
1157 2061 1195 2096 τὸ
1219 2062 1385 2107 ῤαὺσιον
1411 2060 1493 2105 AR,
1522 2062 1542 2107 ἢ
1569 2076 1715 2106 ταραου-

289 2109 366 2143 σίου
393 2107 439 2152 D,
466 2107 556 2143 κατὰ
582 2107 620 2143 τὸ
644 2108 829 2153 ῥαγοίνσιον
856 2109 989 2155 I)wwp
1103 2110 1142 2144 11
1171 2110 1290 2145 δεῖσαν
1316 2123 1369 2144 uo
1396 2108 1441 2152 D,
1469 2120 1572 2145 corr.
1599 2109 1667 2146 Dw

0 2149 18 2206 ξι
292 2156 346 2190 11.
375 2155 420 2190 12
444 2155 488 2191 οὐ
512 2156 678 2200 πολέμιει
705 2156 753 2200 D,
781 2157 818 2191 οἱ
838 2156 995 2201 πολέμιοι
1023 2168 1125 2192 corr.
1153 2156 1220 2195 Dw
1368 2157 1412 2192 13
1436 2171 1482 2191 αι
1484 2170 1543 2202 της
1569 2162 1628 2192 τοῦ
1655 2156 1713 2202 ἐφ’

0 2210 21 2238 *ul
289 2203 414 2239 ἑαυτοῦ
440 2202 488 2248 D,
514 2203 687 2242 αἰτοῦντες
711 2202 772 2239 καὶ
797 2203 941 2243 ἑαυτοὺς
967 2214 1070 2240 corr.
1098 2204 1165 2242 Dw
1293 2219 1351 2250 της
1378 2204 1424 2249 Ι),
1452 2210 1492 2250 τῇ
1516 2209 1586 2239 τῶν
1612 2214 1713 2286 ecfr-

0 2292 18 2332 ξπ
291 2286 358 2324 Dw
456 2287 641 2332 ἡγεμονίας
667 2287 714 2333 D,
741 2298 842 2323 corr.
866 2287 931 2326 Dw
1032 2288 1075 2324 14
1099 2289 1273 2334 βασίλειος
1301 2287 1335 2322 D
1371 2288 1436 2323 Wo
1464 2287 1541 2332 1·.‚2t
1566 2288 1649 2333 βασι
1682 2287 1714 2322 Β

0 2335 15 2383 5
338 2334 550 2380 ἑπικούρησε
575 2334 604 2371 C

218 2479 350 2514 factae
387 2482 482 2514 sunt
520 2477 933 2524 Carthaginiensibus.
984 2478 1339 2524 Carthaginienses
1377 2479 1482 2514 enirn
1521 2477 1772 2524 Agareni,17

217 2525 346 2561 classe
377 2526 573 2561 instructa
611 2526 825 2571 multisque
865 2526 1066 2572 oppidulis
1104 2526 1474 2572 ea1›tiu,Rausi11n1
1516 2525 1713 2561 obsident.

217 2572 405 2609 Rausinis
430 2583 503 2619 per
535 2574 691 2619 legatos
730 2574 881 2609 auxilia
909 2574 1150 2620 petentibus,
1190 2573 1361 2609 Basilius
1399 2578 1559 2609 eentum
1587 2583 1713 2609 naves
1731 2575 1783 2610 18.
1814 2575 1856 2610 19

217 2621 381 2657 bellicas
406 2621 587 2656 subsidio
616 2621 743 2664 mittit,
784 2631 884 2667 quas
923 2626 1064 2656 contra
1101 2632 1143 2656 su
1180 2622 1239 2656 ire
1263 2621 1441 2667 Agureni
1482 2621 1713 2657 obsidentes

216 2669 286 2704 ubi
306 2673 601 2713 cognoverunt,
625 2668 756 2704 soluta
776 2668 912 2704 Rausii
933 2669 1142 2704 obsidione
1162 2668 1193 2703 I
1197 2668 1490 2725 ongpbardimn
1515 2669 1712 2713 invasere,

217 2719 418 2761 captaque
456 2714 548 2751 Bari
583 2716 684 2751 urbe
723 2717 860 2762 itaque
896 2721 983 2752 tuto
1024 2720 1190 2761 receptu
1226 2717 1286 2751 usi
1327 2719 1450 2751 totam
1478 2715 1712 2761 Longobar-
1727 2717 1773 2752 20

217 2762 324 2798 diam
363 2768 626 2808 occuparunt.
688 2763 858 2799 Ceterae
897 2774 1060 2810 quoque
1097 2768 1229 2809 genu.
1347 2774 1396 2798 ae
1433 2764 1485 2798 ab
1511 2762 1712 2810 Agarenis
1726 2765 1768 2800 21

216 2810 516 2892 Bremebantur,
542 2820 632 2846 cum
661 2811 879 2855 audissent,
918 2811 1014 2856 quid
1043 2811 1178 2846 Rausii
1207 2773 1416 2847 egeciaisset
1444 2815 1484 2846 et
1509 2811 1712 2868 quomode

243 2863 351 2893 ostes
369 2858 639 2894 reim-midinis
665 2860 788 2905 regiis
814 2859 975 2894 auxiliis
1002 2860 1054 2893 ab
1081 2859 1291 2894 obsidione
1317 2859 1573 2902 destitissent,
1600 2860 1712 2895 auxi-

215 2905 270 2941 lia
294 2909 334 2941 et
358 2906 472 2951 ipsae
499 2910 640 2952 petunt
665 2917 708 2943 se
727 2906 908 2942 Romano
935 2907 1102 2953 imperio
1127 2907 1383 2943 subicientes.
1435 2906 1520 2942 Rex
1548 2906 1748 2954 recepta‘)
1726 2908 1771 2943 ..2
