2054 3282
350 218 422 256 498
747 217 927 256 ZONAR.
955 216 1085 253 EPIT.
1112 214 1203 254 XVI
1228 214 1285 262 24,
1313 215 1440 254 7—18.

315 347 337 381 8
351 341 557 394 ἐξέμηνεν.
619 340 821 394 ἀπεχθῶς
853 339 898 380 δὲ
918 338 1026 392 πρὸς
1046 341 1191 379 τοῦτον
1211 338 1283 379 τὸν
1308 338 1490 392 Βρίγγαν
1512 339 1623 393 ἔχων
1645 339 1669 380 ὁ
1689 337 1842 394 πρῴην

349 409 734 463 παρακοιμώμενος
765 408 789 448 ό
820 407 1036 452 Βασίλειος
1066 406 1137 447 καὶ
1168 406 1397 460 θεραπείαν
1428 407 1539 460 ἔχων
1569 407 1663 461 περὶ
1694 407 1842 450 ἑαυτὸν

307 476 519 531 Οὸαψιλῆ,
564 476 741 530 ἑσπέρας
780 475 862 529 ἤδη
895 474 1226 529 καταλαβούσης,
1270 473 1367 520 τοὺς
1398 475 1548 516 ἑαυτοῦ
1579 476 1843 530 θεράποντας

348 545 611 589 καθοπλίσας
657 544 713 588 εἷς
760 543 943 597 διάφορα
986 543 1094 596 μέρη
1139 546 1211 596 τῆς
1253 542 1418 589 πόλεως
1461 543 1724 592 ἐξαπέστειλε,
1770 545 1841 586 καὶ

347 611 503 657 πολλὰς
534 611 667 656 οἰκίας
698 611 845 652 ἐκεῖνοι
875 610 1027 664 πλήθει
1058 611 1239 652 ἀστικῶν
1270 611 1496 657 ἑνωθέντες
1517 615 1602 653 τῶν
1623 612 1839 667 ἀντιπρατ·
1853 622 1876 657 5

347 680 503 722 τόντων
534 680 818 733 κατέστρεψαν
849 678 919 719 καὶ
945 679 1074 720 αὐτοῦ
1098 679 1200 733 δῆτα
1221 682 1294 720 τοῦ
1318 679 1492 734 Βρίγγα,
1525 680 1596 721 καὶ
1617 681 1840 735 ἅνθρωποι

100 755 293 791 WIII160
312 748 394 789 9ὁὲ
424 747 569 788 πολλοὶ
600 748 882 801 ἀνῃρέθησαν.
944 751 1070 788 ταῦτα
1105 745 1141 788 δ’
1176 748 1344 789 ἐποίουν
1375 748 1445 789 καὶ
1476 749 1565 802 ἅμα
1587 748 1840 804 Νικηφόρον

347 816 569 870 εὐφήμουν
600 819 814 869 πανταχοῦ
848 816 1150 869 αὐτοκράτορα.
1212 816 1403 858 ἐντεῦθεν
1435 817 1671 871 ἀμείβονται
1699 817 1747 858 τὰ
1768 822 1842 873 τῆς

289 891 334 926 10
346 885 471 938 τύχης
501 888 562 937 τῷ
592 883 744 937 Βάρδᾳ
771 884 908 937 Φωκᾷ
938 883 1009 925 καὶ
1040 889 1101 937 τῷ
1123 884 1295 938 Βρίγγᾳ.
1358 885 1382 925 ὃ
1412 885 1489 939 μὲν
1521 885 1600 939 γὰρ
1631 886 1841 941 τεθαρρη-

345 952 436 997 κὼς
467 951 573 1006 ἐξῄει
604 956 676 1006 τῆς
707 952 939 1006 ἐκκλησίας,
973 952 997 992 ὁ
1020 952 1065 993 δὲ
1086 952 1272 1006 Βρίγγας
1303 954 1360 999 εἷς
1391 953 1520 1008 αὐτὴν
1551 953 1674 1008 εἰσῄει
1705 954 1840 1009 ἱκέτης
1856 963 1901 997 10

287 1028 327 1063 11
345 1020 526 1066 ἐλεεινός.
589 1020 613 1060 ὁ
646 1020 689 1061 δὲ
726 1021 1111 1075 παρακοιμώμενος
1143 1021 1359 1067 Βασίλειος
1395 1022 1466 1063 καὶ
1504 1023 1542 1063 οἱ
1580 1022 1672 1077 περὶ
1713 1022 1848 1064 αὐτὸν

344 1089 520 1143 τριήρεις
556 1089 844 1143 ἑτοιμάσαντες
881 1089 951 1130 καὶ
989 1089 1118 1143 αὐτὴν
1149 1089 1222 1143 τὴν
1252 1090 1458 1144 βασίλειον
1488 1090 1559 1132 καὶ
1590 1090 1666 1132 σὺν
1697 1091 1840 1136 αὗταῒς

345 1157 388 1198 ἐν
409 1156 676 1211 Χρυσοπόλει
708 1157 932 1211 γενόμενοι,
963 1157 1035 1198 τὸν
1058 1157 1311 1212 Νικηφόρον
1342 1159 1502 1200 ἐκεῖθεν
1533 1160 1590 1205 εἷς
1619 1158 1666 1200 τὸ
1684 1159 1835 1214 ’Ἑβδο-

293 1233 329 1268 D
342 1242 426 1280 μον
461 1226 608 1279 ἄγουσι
646 1226 844 1267 κάκεῖθεν
881 1225 956 1267 σὺν
992 1226 1170 1280 προόδῳ
1209 1227 1428 1281 ὃημοτελεῒ
1462 1228 1518 1273 εἷς
1548 1227 1622 1281 τὴν
1652 1227 1839 1282 μεγάλην

344 1294 566 1348 ἐκκλησίαν
599 1294 812 1348 ἀφίκοντο,
857 1294 928 1335 καὶ
959 1298 1105 1336 ταινιοῒ
1131 1294 1202 1336 τὸν
1232 1295 1366 1350 ἄνδρα
1399 1295 1423 1336 ὁ
1454 1296 1712 1351 πατριάρχης
1742 1295 1905 1339 Ilo-15

285 1362 553 1407 12λύευκτος.
615 1364 641 1417 ἡ
675 1363 720 1403 δὲ
751 1362 909 1417 βασιλὶς
946 1362 1158 1417 Θεοφανὼ
1196 1364 1342 1405 αὐτίκα
1376 1367 1462 1405 τῶν
1492 1364 1740 1419 ἀνακτόρων
1771 1364 1836 1411 ἐξ·

345 1516 363 1549 1
391 1516 440 1550 ὅτι
467 1515 488 1549 ό
508 1516 826 1561 παρακοιμώμενος
851 1517 1033 1555 Βασίλειος
1058 1516 1141 1552 λαὸν
1166 1516 1340 1552 ἀπέστειλε
1366 1517 1426 1553 καὶ
1451 1517 1513 1563 τὴν
1538 1522 1598 1553 τοῦ
1625 1519 1758 1563 Βρίγγα
1785 1518 1837 1553 οἴ-

343 1564 424 1599 κίαν
449 1563 662 1609 κατέστρεψε
687 1564 748 1598 καὶ
773 1565 890 1599 ἄλλων
919 1563 947 1600 C
1090 1565 1113 1599 8
1138 1566 1187 1599 ὅτι
1213 1566 1234 1599 ό
1257 1566 1411 1611 Βρίγγας
1436 1566 1484 1604 εἷς
1509 1565 1571 1611 τὴν
1595 1567 1751 1611 μεγάλην
1776 1566 1836 1601 ἐκ·

342 1612 490 1656 κλησίαν
513 1611 724 1656 κατέφυγεν·
751 1612 773 1645 ὁ
795 1611 834 1646 δὲ
858 1617 919 1646 τοῦ
949 1613 1062 1647 Φωκᾶ
1084 1612 1197 1657 πατὴρ
1223 1613 1362 1647 ἐκεῖθεν
1386 1613 1534 1658 ἐξῆλθεν
1560 1613 1592 1649 Ε
1714 1614 1756 1648 11
1785 1615 1835 1648 ὅτι

342 1659 497 1704 ε’στέφθη
522 1659 618 1703 παρὰ
643 1664 703 1694 τοῦ
727 1659 944 1704 πατριάρχου
970 1660 990 1694 ὁ
1018 1661 1149 1698 Φωκᾶς
1177 1659 1238 1695 CE

416 1802 435 1836 1
462 1806 582 1837 τοῦτον
606 1801 689 1847 AR,
716 1807 814 1838 τοῦτο
841 1802 926 1848 W*p
1072 1806 1166 1839 ante
1192 1802 1249 1839 τόν
1274 1804 1365 1839 add.
1393 1804 1437 1851 δὴ
1464 1804 1562 1850 pr
1721 1805 1753 1841 1.
1771 1804 1794 1841 2
1818 1805 1839 1840 ὅ

414 1850 496 1895 πρὶν
520 1864 651 1894 παρακ.
676 1851 851 1897 βασίλειος
876 1851 968 1895 ἔχων
994 1851 1030 1886 D
1188 1851 1210 1886 2
1236 1852 1257 1885 ὁ
1282 1862 1357 1887 om.
1384 1852 1414 1886 B
1571 1852 1675 1888 αὐτὸν
1705 1852 1741 1888 D

413 1897 437 1932 4
462 1898 673 1936 κατοπλίσας
691 1897 727 1932 D
825 1898 846 1933 5
872 1898 1007 1943 ἀστικῷ
1029 1898 1071 1943 O,
1097 1898 1242 1944 ἀστυκῷ
1259 1899 1338 1944 Dur,
1366 1900 1531 1935 ἀστυκῶν
1549 1911 1611 1946 wp
1709 1901 1731 1936 6
1756 1915 1836 1937 κατ-

413 1945 564 1991 έτρεψαν
584 1945 591 1990 Ι
613 1945 660 1990 D,
689 1955 788 1980 corr.
808 1945 876 1983 Dw
974 1947 1006 1981 8.
1022 1947 1043 1980 9
1069 1946 1268 1992 ἀμείβονται
1295 1951 1386 1993 post
1406 1949 1532 1993 βρίγγα
1551 1947 1582 1983 Ο
1681 1948 1703 1984 9
1728 1949 1749 1984 ὅ
1770 1948 1836 1994 μὲν

412 1992 478 2037 γὰρ
492 1991 574 2037 ΑΟ,
591 1993 652 2028 καὶ
669 1994 690 2028 ὁ
703 1992 767 2038 μὲν
785 1994 880 2038 Ewp
962 1995 1197 2039 τεθαρρηκώς
1216 1994 1262 2038 D,
1285 2006 1386 2030 corr.
1401 1995 1470 2034 Dw
1556 1996 1602 2030 10
1619 1996 1742 2041 εἰσῄει]
1761 1997 1836 2032 ἀντ-

411 2041 516 2085 ειςῄει
542 2040 669 2086 (Rw)p
770 2041 811 2075 11
840 2042 860 2075 ὁ
884 2040 923 2076 δὲ
946 2055 1076 2086 παρακ.
1101 2044 1181 2088 βασ.
1206 2041 1423 2088 AEwap,
1453 2044 1618 2116 dffn29w⁸
1638 2043 1678 2078 δὲ
1699 2045 1778 2090 βασ.
1803 2044 1835 2079 O

414 2124 460 2159 12
484 2123 727 2169 ἑτοιμάσαντες
753 2124 800 2170 Ρ*
916 2125 960 2161 16
984 2125 1214 2171 ἐξωῦηθεΐσα
1239 2124 1342 2170 RDi,
1367 2100 1542 2167 ἐξωθεὲσα
1568 2125 1615 2171 Α,
1641 2127 1836 2168 ἐξωσθεῖσα

413 2171 593 2218 Ewap,
621 2183 695 2208 om.
723 2172 758 2206 D

305 2311 480 2348 Sfurore
506 2312 747 2348 incenditur.
798 2312 970 2349 Basilius
997 2317 1143 2358 autem,
1171 2314 1375 2359 quondam
1399 2314 1572 2350 cubiculi
1591 2315 1834 2360 praefectus,

341 2359 519 2405 Bringae
556 2361 750 2405 infensus,
790 2371 881 2396 cum
913 2372 1107 2407 magnum
1141 2362 1373 2397 comitatum
1406 2363 1555 2397 circum
1587 2372 1630 2397 se
1656 2362 1834 2404 haberet,

340 2407 412 2442 ubi
444 2407 743 2453 advesperavit,
782 2409 984 2444 ministros
1016 2419 1112 2445 suos
1143 2412 1319 2444 armatos
1351 2410 1394 2444 in
1420 2409 1582 2445 diversa
1607 2410 1720 2444 urbis
1745 2410 1834 2445 loca

342 2454 500 2499 dimisit,
540 2456 608 2500 qui
647 2457 848 2492 coniuncti
888 2466 980 2491 cum
1017 2457 1273 2492 multitudine
1309 2457 1468 2492 urbana
1506 2457 1832 2493 adversariorum

341 2502 463 2537 aedes
489 2506 529 2537 et
546 2503 674 2548 ipsius
693 2504 812 2539 etiam
829 2503 1006 2549 Bringae
1024 2507 1269 2549 everterunt,
1295 2505 1428 2540 multis
1455 2505 1572 2539 etiam
1600 2506 1831 2540 interfectis.

305 2548 455 2591 9Quae
487 2550 582 2585 dum
616 2551 782 2594 faciunt,
820 2550 1091 2596 Nicephorum
1122 2552 1303 2597 undique.
1335 2552 1640 2598 proclamabant
1665 2552 1832 2598 impera-

283 2596 329 2631 10
341 2599 480 2631 torem.
531 2597 648 2633 Unde
680 2599 845 2634 fortuna
876 2598 1035 2634 Bardae
1068 2603 1107 2635 et
1136 2599 1313 2644 Bringae
1348 2603 1591 2634 commutata
1624 2602 1701 2644 est3
1738 2610 1832 2635 nam

340 2644 405 2679 ille
431 2648 595 2690 recepto
621 2646 755 2681 animo
782 2647 991 2682 ecclesiam
1018 2656 1218 2692 egressus),
1243 2647 1306 2681 hic
1332 2647 1501 2692 supplex
1531 2650 1570 2682 et
1595 2647 1833 2683 miserabilis

282 2691 549 2737 llingressus
576 2696 646 2728 est.
696 2692 749 2728 At
773 2693 957 2738 Basilius,
984 2694 1158 2729 cubiculi
1184 2695 1448 2739 praepositus,
1481 2705 1570 2729 cum
1597 2695 1679 2730 suis
1705 2695 1833 2730 classe

342 2739 548 2783 instructa,
586 2741 674 2785 ipsa
701 2742 820 2776 etiam
846 2742 961 2786 regia
986 2752 1093 2777 nave
1124 2741 1312 2785 adducta,
1352 2741 1628 2787 Chrysopolim
1661 2743 1831 2787 profecti

341 2785 611 2832 Nicephorum
638 2788 732 2823 inde
759 2789 799 2823 in
825 2788 1091 2834 Hebdomum,
1129 2799 1179 2824 ex
1205 2789 1427 2833 Hebdomo‚
1462 2791 1653 2824 universo
1681 2790 1830 2835 populo

344 2837 625 2878 prosequente,
651 2836 691 2870 in
715 2846 906 2881 magnam
925 2837 1135 2872 ecclesiam
1153 2835 1443 2882 perduxerunt,
1469 2837 1539 2872 ubi
1558 2847 1582 2871 a
1602 2837 1831 2882 patriarcha

284 2879 561 2928 121³01yeuet0
590 2893 740 2918 corona
758 2886 818 2919 est
836 2887 1015 2920 ornatus.
1065 2883 1253 2920 Ceterum
1270 2884 1412 2930 regina
1431 2884 1678 2931 Theophano
1697 2885 1831 2920 statim
