1968 3302
268 199 336 234 102
652 197 832 235 ZONAR.
860 198 991 234 EPIT.
1018 198 1113 234 XIII
1142 198 1198 241 99,
1227 196 1377 233 14—30.

54 322 138 357 PII
151 322 197 357 41
218 320 437 362 Ασιλικῶν
474 320 692 374 εὐνούχων
730 321 917 374 ὑπῆρχεν
957 320 981 360 ὁ
1012 319 1228 372 κράτιστος
1266 319 1338 360 καὶ
1379 319 1512 361 πάντα
1557 320 1766 362 συνεκύκα

210 389 254 425 15
269 389 548 442 δυναστεύων,
595 390 645 430 οὗ
682 388 1082 443 παραδυναστεύων,
1129 388 1466 435 ἀποσκευάζεται.
1528 388 1598 429 καὶ
1632 389 1768 435 οὕτως

267 458 520 511 παραλύεται
552 458 576 499 ὁ
602 457 811 510 Ἀντίοχος
842 461 914 510 τῆς
944 460 1017 497 τοῦ
1050 456 1323 509 πραιποσίτου
1360 460 1491 510 τιμῆς,
1536 457 1768 510 ἀφαιρεῖται

210 527 254 562 16
269 526 314 567 δὲ
345 526 416 567 καὶ
447 529 586 567 πᾶσαν
617 530 690 579 τῆν
721 526 914 578 ὕπαρξιν·
949 523 1074 570 αὐτὸς
1107 524 1152 565 δὲ
1183 525 1358 578 κείρεται
1389 524 1589 579 κληρικός
1620 526 1676 571 εἷς
1697 525 1768 567 τὸν

268 595 311 635 ἐν
343 594 589 648 Χαλκηδόνι
619 593 722 635 ναὸν
758 598 830 647 τῆς
866 594 1149 647 πανευφήμου
1185 593 1401 647 μάρτυρος
1431 593 1662 648 Εὕφημίας
1697 594 1805 636 καὶὸ

268 663 443 717 θνήσκει
473 659 561 716 μετ’
596 663 646 703 οὐ
678 662 800 703 πολύ.

210 733 253 768 17
383 730 444 771 ‘H
476 731 521 772 δὲ
557 730 715 784 βασιλὶς
751 729 943 771 Εὐδοκία
980 731 1264 784 μετακαλεῖται
1307 730 1404 777 τοὺς
1447 731 1656 785 ἀδελφοὺς
1697 732 1769 773 καὶ

268 799 401 854 μηδὲν
445 800 585 845 αὐτοῖς
626 799 848 853 μηνίσασα,
894 799 995 840 ἀλλὰ
1039 799 1210 854 χάριτας
1252 800 1411 854 μᾶλλον
1455 800 1767 855 ὁμολογήσασα,

212 870 255 905 18
270 869 331 914 ὡς
369 868 448 909 οὐκ
481 869 533 908 ἂν
563 871 747 922 τυχοῦσα
779 872 851 922 τῆς
882 868 1102 922 βασιλείας,
1134 869 1172 909 εἰ
1198 868 1257 923 μὴ
1290 868 1391 923 παρ’
1425 870 1566 910 αὐτῶν
1597 870 1767 924 ἒξώσθη

211 938 255 973 19
269 936 340 977 καὶ
373 935 439 977 διὰ
471 940 592 977 τοῦτο
624 937 681 982 εἷς
710 936 785 991 τὴν
816 936 1256 979 Κωνσταντινούπολιν
1293 937 1539 992 πεπόρευτο,
1583 938 1654 979 τὸν
1692 938 1769 992 μὲν
1786 940 1830 975 10

225 1006 255 1041 Β
270 1004 463 1046 Γενέσιον
506 1005 693 1059 ἔπαρχον
730 1008 815 1046 τῶν
854 1004 1060 1058 Ἰλλυριῶν
1099 1005 1165 1046 διὰ
1203 1009 1276 1047 τοῦ
1313 1006 1519 1060 βασιλέως
1554 1008 1769 1062 πεποίηκε,

270 1073 341 1114 τὸν
374 1073 420 1114 δὲ
457 1072 712 1127 Οὐαλλέριον
744 1074 908 1128 ἐτίμησε
938 1074 1174 1128 μάγιστρον.

211 1143 257 1178 20
386 1140 440 1183 Ὀ
474 1142 615 1196 μέντοι
652 1142 912 1196 πατριάρχης
941 1142 1126 1189 Ἀττικὸς
1164 1142 1365 1184 Ἰουδαῖόν
1402 1159 1489 1185 τινα
1532 1144 1772 1198 παράλυτον

271 1211 328 1256 εἷς
360 1210 580 1264 ἐπίγνωσιν
611 1214 684 1251 τοῦ
706 1209 892 1264 Χριστοῦ
926 1210 992 1252 διὰ
1024 1212 1312 1265 παραινέσεων
1344 1212 1516 1266 ἀγαγὼν
1546 1217 1620 1255 τοῦ
1652 1213 1770 1255 θείου

271 1279 449 1333 λουτροῦ
493 1279 726 1332 κατηξίωσε
769 1279 840 1320 καὶ
882 1280 977 1334 ὑγιῆ
1021 1281 1068 1321 ἐκ
1104 1284 1177 1334 τῆς
1214 1281 1523 1335 κολυμβήθρας
1561 1282 1820 1336 ἕξήγαγεν.1)
1841 1288 1897 1323 III
1911 1287 1947 1323 2

212 1349 256 1384 21
272 1346 395 1394 οὗτος
423 1347 494 1389 καὶ
514 1347 561 1388 τὸ
583 1352 655 1388 τοῦ
679 1348 792 1401 ἱεροῦ
815 1347 1126 1402 Χρυσοστόμου
1159 1349 1296 1402 ὄνομα
1329 1349 1372 1390 ἐν
1402 1353 1487 1395 τοῖς
1517 1354 1589 1404 τῆς
1620 1350 1770 1404 ἔκκλη-

213 1417 259 1453 22
273 1416 363 1462 σίας
396 1416 606 1470 διπτύχοις
638 1416 857 1470 ἐνέγραψε,
888 1417 948 1471 μὴ
981 1416 1187 1471 πρότερον
1218 1418 1442 1471 ε’γγραφέν·
1469 1417 1773 1473 Ὠριγενιαστὴς

273 1484 353 1538 γὰρ
386 1484 410 1526 ὁ
441 1485 734 1538 εὐσεβέστατος
764 1485 920 1531 ἐκεῖνος
950 1485 1087 1540 πατὴρ
1119 1485 1190 1526 καὶ
1221 1486 1404 1527 ἐκαλεῖτο
1443 1486 1514 1527 καὶ
1551 1487 1772 1541 ἐνομίζετο.

213 1555 259 1590 23
271 1552 478 1599 θανόντος
511 1552 556 1594 δὲ
581 1552 780 1607 Ἀττικοῦ,
820 1554 867 1599 ὃς
898 1555 1051 1595 εἴκοσιν
1083 1554 1150 1609 ἔτη
1182 1558 1255 1595 τοῦ
1286 1558 1372 1596 τῶν
1402 1558 1559 1596 πιστῶν
1591 1556 1772 1610 προέστη

273 1695 294 1731 7
320 1694 400 1739 περὶ
425 1698 496 1729 τῶν
522 1699 581 1739 τῆς
606 1694 784 1740 βασιλίδος
809 1695 977 1740 ἀδελφῶν
1005 1695 1068 1731 CE
1167 1696 1212 1731 13
1236 1696 1315 1741 περὶ
1341 1701 1402 1732 τοῦ
1428 1697 1477 1735 εἷς
1499 1695 1558 1732 τὸν
1574 1697 1774 1742 παράλυτον

270 1742 443 1778 Ἰουδαῖον
469 1742 652 1787 θαύματος
677 1741 778 1778 ACE

347 1874 370 1909 2
393 1873 490 1919 παρὰ
515 1875 741 1911 δυναστεύων
767 1875 815 1920 Ι),
843 1886 944 1911 corr.
971 1876 1040 1913 Dw
1216 1877 1309 1911 οὕτω
1336 1877 1378 1921 Ε,
1406 1888 1444 1911 V.
1469 1877 1522 1911 ad
1546 1876 1642 1912 XIII
1669 1877 1702 1920 6,
1730 1877 1774 1911 16

348 1922 394 1956 10
419 1923 679 1958 κωνσταντίνου
699 1924 844 1959 omisso
862 1924 964 1958 πόλιν
991 1923 1088 1960 BCE
1188 1924 1232 1959 12
1257 1924 1442 1968 οὐαλέριον
1467 1923 1639 1970 prDi‚
1666 1935 1703 1959 v.
1724 1924 1776 1959 ad

345 1969 442 2004 XIII
451 1969 508 2014 22,
519 1970 540 2005 7
639 1970 685 2006 14
697 1972 934 2015 παραινέσεως
949 1971 1012 2007 BC
1114 1971 1155 2006 17
1169 1972 1361 2017 ἐνέγραψεν
1370 1972 1483 2018 pr,
1498 1983 1535 2007 V.
1546 1972 1599 2007 ad
1607 1971 1702 2007 XIII
1713 1973 1743 2016 1,
1754 1972 1776 2007 5

348 2017 596 2100 ὡριγενῧστὴς
623 2018 652 2055 C
760 2019 804 2054 18
830 2019 890 2054 καὶ
917 2020 1029 2065 prius
1057 2030 1131 2054 om.
1160 2019 1260 2065 pr
1370 2020 1415 2055 19
1439 2020 1703 2065 προεστήματος
1728 2019 1775 2064 D,

348 2075 450 2100 corr.
517 2084 547 2104 w

276 2202 597 2247 potentissimum
630 2206 668 2238 et
703 2204 837 2239 omnia
864 2205 1172 2249 permiscentem
1205 2208 1249 2240 ut
1281 2206 1578 2250 imperatorem,
1618 2216 1700 2240 non
1732 2209 1777 2241 ut

217 2248 262 2283 15
275 2250 531 2295 imperatoris
564 2251 802 2296 ministrum,
839 2252 959 2297 tollit3
997 2263 1090 2287 nam
1130 2257 1169 2288 et
1204 2253 1374 2288 solvitur
1406 2252 1629 2288 Antiochus
1664 2263 1777 2299 prae-

218 2295 262 2330 16
276 2297 395 2342 positi
421 2297 576 2333 honore
602 2302 642 2334 et
667 2299 853 2344 privatur
879 2302 964 2335 tota
990 2311 1033 2335 re
1059 2301 1246 2335 familiari
1275 2307 1313 2336 et
1339 2301 1425 2346 ipse
1444 2301 1635 2336 tondetur
1653 2304 1776 2346 atque.

277 2345 446 2380 clericus
481 2345 565 2380 abit
598 2347 640 2381 in
667 2346 1035 2383 chalcedonensem
1068 2349 1278 2383 ecclesiam
1310 2348 1556 2394 Euphemiae
1588 2349 1775 2394 martyris
1828 2374 1830 2377 ψ
1947 2334 1968 2386 ἓ

276 2392 465 2436 inclutae,
491 2394 563 2428 ubi
590 2404 671 2429 non
696 2395 753 2429 ita
779 2395 904 2430 multo
932 2399 1022 2441 post
1047 2397 1226 2431 moritur.
1955 2394 1968 2410 Ἣ

219 2438 263 2473 17
397 2439 477 2476 Sed
506 2442 650 2487 regina
676 2442 859 2478 Eudocia
891 2444 1059 2478 arcessit
1090 2444 1237 2479 fratres
1275 2453 1409 2488 neque
1447 2443 1523 2479 illis
1561 2444 1665 2478 irata
1705 2443 1776 2478 sed

220 2486 264 2521 18
278 2488 411 2533 potius
437 2489 593 2534 gratias
619 2500 757 2534 agens,
794 2490 903 2535 quod
930 2501 1011 2525 non
1038 2491 1240 2537 particeps
1267 2492 1376 2526 facta
1403 2494 1508 2526 esset
1532 2492 1661 2536 regni,
1699 2491 1776 2526 nisi

221 2533 264 2568 19
278 2535 330 2570 ab
356 2535 404 2571 iis
431 2536 602 2582 expulsa
629 2536 780 2583 Cpolim
807 2538 995 2583 venisset,
1024 2538 1241 2574 Genesium
1270 2539 1521 2584 praefectum
1547 2538 1776 2584 Illyriorum

279 2592 351 2628 per
377 2593 516 2629 regem
543 2585 638 2620 fecit
664 2588 704 2620 et
729 2585 947 2620 Vallerium
976 2586 1158 2632 magistri
1186 2586 1339 2622 honore
1365 2587 1510 2621 affecit.

219 2628 266 2663 20
399 2630 555 2666 Atticus
579 2633 809 2678 patriarcha
827 2633 1024 2668 Iudaeum
1051 2634 1254 2679 quendam
1282 2634 1550 2679 paralyticum
1574 2633 1625 2668 ad
1653 2644 1777 2678 agno-

281 2678 475 2714 scendum
492 2678 692 2715 Christum
706 2680 1003 2716 hortationibus
1019 2681 1239 2716 adductum
1255 2692 1370 2716 sacra
1384 2681 1590 2716 lavatione
1609 2681 1777 2727 dignum·

220 2723 422 2761 21habuit
457 2729 495 2762 et
531 2737 674 2762 sanum
711 2738 762 2763 ex
796 2728 961 2764 lavacro
997 2728 1149 2764 eduxit.
1199 2728 1275 2763 Hic
1308 2730 1426 2764 etiam
1454 2729 1582 2764 sancti
1609 2727 1777 2774 Chryso-

281 2774 397 2807 stomi
416 2784 564 2810 nomen
588 2775 784 2811 ecclesiae
807 2775 1007 2822 diptychis
1033 2777 1245 2821 inscripsit,
1272 2777 1383 2822 prius
1412 2787 1493 2811 non
1519 2776 1776 2821 inscriptunu,
1813 2793 1821 2800 ·

221 2819 268 2854 22
282 2819 512 2866 Origenista
548 2823 654 2857 enim
689 2823 890 2868 piissimus
923 2823 990 2859 ille
1022 2826 1138 2870 pater
1169 2827 1209 2859 et
1236 2824 1447 2858 dicebatur
1474 2827 1513 2858 et
1538 2823 1778 2858 habebatur.

139 2867 194 2902 23.
222 2866 268 2902 24
282 2867 440 2904 Mortuo
452 2880 549 2904 vero
561 2869 705 2915 Attico,
722 2871 788 2917 qui
801 2870 876 2906 XX
886 2881 1014 2907 annos
1024 2871 1202 2907 fidelium
1210 2871 1445 2918 praefuerat
1457 2871 1600 2915 coetui,
1617 2874 1778 2906 creatur
