1968 3302
259 205 330 244 120
646 207 828 246 ZONAR.
855 208 986 246 EPIT.
1014 208 1111 245 XIII
1136 209 1193 255 25,
1220 208 1374 249 23—36.

257 329 463 378 θανόντος
500 329 571 372 καὶ
610 334 682 386 τῆς
712 330 978 386 Πουλχερίας
1016 332 1327 388 ἐκμετρησάσης
1363 331 1409 376 τὸ
1442 334 1518 391 ζῆν
1549 334 1760 392 ἐκδίκησιν

256 400 465 455 ἑτέρωθεν
495 398 554 454 μὴ
589 400 823 449 ἐλπίζουσα,
858 401 1128 455 διαπέμπεται
1149 401 1258 456 πρὸς
1281 401 1495 458 Γιζέριχον
1515 408 1600 447 τῶν
1619 405 1757 449 Οὕαν-

257 469 399 523 δήλων
431 469 540 523 ρ’ῆγα
565 468 829 524 καλούμενον
850 470 921 512 καὶ
942 474 1015 525 τῆς
1035 474 1108 512 τοῦ
1131 471 1336 526 Μαξίμου
1359 474 1603 527 τυραννίδος
1624 475 1756 518 ἇπαλ-
1960 469 1968 515 i'

193 535 242 572 ‘24
255 537 429 592 λαγῆναι
461 538 686 592 ἐκλιπαρεῖ·
720 538 791 580 καὶ
823 540 870 586 ὃς
901 540 1028 582 ἔπεισι
1059 545 1109 595 τῇ
1136 540 1279 596 Ῥώμῃ
1313 540 1388 583 σὺν
1420 542 1555 597 στόλῳ
1587 543 1658 586 καὶ
1684 544 1756 586 δυ·-
1960 540 1964 541 ⁷

254 606 374 661 νάμει
417 607 565 662 πολλῇ.
628 606 699 649 καὶ
739 608 763 649 ὁ
802 607 1006 663 Μάξιμος
1050 609 1213 664 ἀπέδρα
1257 610 1408 666 ταύτης
1451 612 1522 654 καὶ
1565 613 1794 655 κτείνεται5

193 673 239 710 95
252 675 368 730 παρὰ
400 677 486 718 τῶν
518 675 730 718 συνόντων
762 677 889 732 αὐτῷ.
953 678 977 719 ὁ
1000 678 1045 720 δὲ
1067 678 1282 734 Γιζέριχος
1307 680 1480 727 ἀπόνως
1500 686 1573 736 τῆς
1589 682 1758 737 Ῥώμης

252 748 406 799 κρατεῖ,
452 745 522 787 καὶ
561 743 633 787 τὸν
675 746 856 788 πλοῦτον
897 747 1025 802 αὐτῆς
1063 749 1427 803 συγκομισάμενος
1465 751 1641 804 ἅπαντα,
1686 750 1807 793 καὶῙ)
1826 753 1968 791 111250

251 812 301 854 τὰ
337 817 423 856 τῶν
459 814 592 857 θείων
628 817 746 857 ναῶν
785 816 1039 871 ἀναθήματα
1085 817 1132 859 ἐκ
1179 821 1339 872 χρυσοῦ
1383 820 1643 875 πεποιημένα
1686 819 1758 862 καὶ

192 880 238 917 96
252 882 386 930 λίθοις
416 883 705 939 κοσμούμενα,
750 885 825 926 καί
852 901 938 927 τινα
971 889 1056 928 τῶν
1086 885 1202 941 παρὰ
1238 887 1356 929 Τίτου
1388 890 1682 943 κομισθέντων
1713 890 1759 938 ἐξ

247 951 556 1008 Ἰεροσολύμων
588 956 754 996 σκευῶν
784 958 858 996 τοῦ
891 955 1021 997 ἐκεῖσε
1051 960 1170 1010 ναοῦ,
1205 957 1454 1011 εἰργασμένα
1486 958 1557 1000 καὶ
1581 957 1686 1000 αὐτὰ
1709 958 1756 1000 ἐκ
1774 957 1820 994 10

252 1025 425 1075 χρυσοῦ,
448 1021 594 1077 λαβὼν
615 1022 686 1064 καὶ
706 1022 781 1078 τὴν
797 1023 1012 1072 Εὗδοξίαν
1033 1023 1108 1066 σὺν
1128 1029 1216 1072 ταῖς
1239 1026 1316 1067 δύο
1338 1026 1595 1080 θυγατράσιν
1617 1028 1758 1082 αὐτῆς,

130 1088 165 1124 D
193 1088 239 1124 27
254 1090 490 1145 ἐπανῆλθεν
521 1092 578 1138 εἷς
602 1091 819 1148 Ἄφρικήν.
883 1092 953 1134 καὶ
984 1093 1058 1148 τὴν
1088 1093 1167 1148 μὲν
1204 1097 1290 1136 τῶν
1326 1095 1577 1150 θυγατέρων
1617 1097 1758 1152 αὐτῆς,

252 1157 327 1213 τὴν
337 1158 568 1209 Εὐδοκίαν,
599 1166 662 1215 τῷ
685 1162 959 1217 πρεσβυτέρῳ
985 1166 1071 1204 τῶν
1093 1163 1260 1205 οἰκείων
1281 1164 1387 1205 υἱῶν
1402 1163 1629 1220 Ὀνωρίχῳ
1661 1181 1758 1208 συν-

254 1227 406 1283 έζευξε,
446 1228 521 1284 τὴν
561 1230 608 1272 δέ
645 1246 689 1284 γε
722 1230 958 1273 Πλακιδίαν
988 1231 1149 1286 μαθὼν
1187 1232 1307 1287 ἀνδρὶ
1345 1234 1662 1289 κατηγγυῆσθαι
1697 1239 1761 1289 τῷ

194 1295 240 1332 28
253 1298 459 1352 πατρικίῳ
486 1297 714 1354 Ὀλυβρίῳ,
761 1300 894 1354 ἐτήρει
933 1299 1008 1342 σὺν
1045 1305 1095 1355 τῇ
1131 1301 1255 1355 μητρὶ
1287 1301 1494 1356 Εὗδοξίᾳ·
1539 1303 1644 1344 ἔνθα
1683 1303 1760 1346 δύο
1777 1303 1821 1339 15

258 1365 515 1421 διαγαγοῦσα
548 1367 760 1415 ἐνιαυτοὺς
790 1369 816 1423 ἡ
849 1369 1008 1423 βασιλὶς
1028 1369 1217 1418 Εὗδοξία
1251 1371 1486 1425 ἐπανῆλθεν
1516 1372 1573 1418 εἰς
1603 1370 1650 1414 τὸ
1674 1371 1760 1414 Βυ-

258 1435 420 1484 ζάντιον
450 1435 554 1490 μετὰ
585 1441 658 1492 τῆς
688 1436 902 1492 θυγατρὸς
933 1438 1061 1493 αὐτῆς
1082 1437 1330 1493 Πλακιδίας,
1365 1440 1620 1494 ΛῙαρκιανοῦ
1642 1441 1760 1496 βασι-

197 1503 244 1540 29
257 1504 462 1552 λεύοντος.
525 1506 551 1560 ἡ
585 1504 664 1560 γὰρ
696 1505 887 1548 Emonia
920 1505 995 1549 σὺν
1026 1512 1087 1561 τῷ
1119 1507 1240 1562 ἀνδρὶ
1271 1508 1538 1564 κατελείφθη,
1583 1507 1623 1564 ᾧ
1654 1525 1760 1564 συμ-

258 1653 280 1714 l}
303 1654 403 1737 οἶτως
428 1653 521 1738 §og-1613>
546 1653 641 1701 παρὰ
659 1655 845 1701 Γιζερίχου
864 1659 926 1691 τοῦ
948 1655 1168 1702 Οὐανὸήλων
1185 1655 1292 1702 ρηγὸς
1314 1657 1356 1698 (τ.
1378 1657 1508 1694 Οὐανδ.
1528 1657 1605 1704 ῥηγ.
1626 1669 1700 1694 0111.
1715 1658 1762 1703 Ε)

259 1716 281 1747 η
344 1716 426 1747 ωμη

331 1843 355 1878 2
379 1842 437 1879 τὸν
462 1843 499 1879 D
609 1844 632 1880 3
659 1847 754 1881 ante
777 1843 899 1881 ἅπαλλ.
928 1845 1019 1881 add.
1048 1845 1094 1881 δι’
1121 1845 1228 1881 αὐτοῦ
1255 1845 1352 1891 pr
1460 1846 1482 1882 5
1507 1847 1567 1883 καὶ
1593 1848 1613 1882 ὁ
1636 1845 1717 1891 ΑΕ,
1744 1847 1765 1882 ὅ

332 1890 372 1927 δὲ
397 1891 494 1938 pr
617 1892 728 1938 ἀπέδρ
755 1893 840 1936 (sie)
867 1893 900 1928 E
1021 1893 1063 1928 11
1093 1893 1154 1929 καὶ
1178 1892 1224 1934 A,
1252 1894 1291 1930 δὲ
1316 1895 1414 1941 pr
1539 1895 1584 1931 13
1610 1896 1762 1941 ὄνορίχω

330 1938 482 1985 A(RW),
515 1940 680 1986 Ονορίχῳ
707 1952 744 1987 p,
767 1942 954 1987 Όνωρίχῳ
981 1939 1048 1986 Di,
1076 1952 1178 1977 corr.
1202 1942 1310 1979 B-W
1402 1942 1447 1978 14
1473 1943 1550 1989 δέγε
1574 1944 1763 1980 πλακιδίαν

331 2034 377 2079 A,
405 2035 482 2081 δὲγε
494 2035 618 2082 λοιπὴν
631 2036 743 2082 pr,
770 2035 809 2072 δὲ
820 2035 946 2082 λοιπὴν
961 2037 996 2072 D
1092 2038 1136 2073 15
1161 2004 1315 2084 ὀλθιβρίω
1331 2036 1377 2083 Α,
1403 2039 1558 2084 ὀλυβρίω
1574 2038 1761 2086 R(wpDi)

332 2083 378 2119 16
404 2084 615 2130 διαγαγοῦσα
640 2083 788 2131 Apr‚
815 2085 860 2132 δὴ
884 2085 1063 2131 ἀγαγοῦσα
1090 2085 1119 2120 Β
1227 2086 1273 2122 18
1298 2087 1541 2122 καταλέλειπτο
1568 2086 1665 2134 pr

258 2227 433 2265 iniuriae
459 2228 662 2265 vindicem
687 2239 771 2265 non
789 2232 983 2275 speraret,
1009 2231 1130 2266 mittit
1147 2231 1199 2266 ad
1218 2230 1458 2276 Gizericum‚
1485 2231 1763 2268 Vandalorum

197 2269 245 2306 24
259 2286 411 2322 regem,
450 2286 626 2323 eumque
659 2280 758 2321 orat,
797 2280 843 2313 ut
867 2277 1032 2313 Maximi
1064 2279 1281 2323 tyrannide
1316 2278 1520 2315 liberetur.
1572 2280 1610 2315 Is
1636 2280 1763 2325 igitur

259 2324 503 2370 aggreditur
526 2324 694 2360 Romam
723 2335 814 2360 cum
845 2326 974 2361 classe
1007 2329 1046 2362 et
1078 2327 1204 2372 copiis
1236 2328 1414 2372 magnis3
1453 2328 1524 2363 sed
1550 2327 1760 2372 Maximus,

199 2365 245 2402 25
261 2382 351 2407 cum
378 2382 430 2408 ex
456 2372 560 2408 urbe
586 2373 806 2418 effugisset,
833 2377 1004 2409 necatur
1030 2384 1054 2408 a
1081 2375 1164 2410 suis
1191 2375 1414 2410 comitibus.
1466 2375 1527 2410 Ita
1553 2374 1762 2411 Gizerieus

260 2419 388 2455 Roma
413 2420 524 2456 nullo
551 2420 691 2456 labore
718 2424 848 2467 capta,
884 2431 974 2456 eum
1001 2421 1163 2457 divitias
1190 2423 1302 2457 urbis
1328 2433 1500 2467 magnas
1527 2428 1566 2458 et
1593 2423 1761 2458 deorum

199 2461 245 2497 26
260 2467 501 2514 templorum
535 2468 643 2504 dona
678 2479 805 2504 aurea
836 2469 1122 2515 lapidibusque
1155 2473 1298 2505 ornata
1325 2473 1363 2505 et
1389 2470 1584 2505 nonnulla
1610 2481 1711 2506 vasa
1738 2481 1762 2506 a

261 2514 351 2551 Tito
379 2515 501 2551 allata
527 2526 550 2551 e
575 2516 723 2561 templo
750 2516 1130 2562 Hierosolymitano,
1170 2528 1296 2552 aurea
1324 2521 1362 2553 et
1395 2519 1493 2563 ipsa,
1535 2518 1763 2563 collegisset

259 2573 344 2598 una
383 2573 474 2598 cum
506 2563 695 2598 Eudoxia
733 2565 903 2609 eiusque
942 2564 1102 2599 duabus
1141 2565 1300 2600 filiabus
1339 2566 1380 2600 in
1414 2564 1593 2600 Africam
1632 2566 1761 2601 rediit.

199 2605 246 2641 27
261 2609 385 2646 Cuius
410 2611 533 2647 filiam
559 2611 782 2647 Eudociam
807 2611 1040 2647 Honorieho
1072 2612 1152 2647 filio
1187 2614 1330 2648 maiori
1362 2617 1463 2648 natu
1494 2614 1637 2656 iunxit,
1676 2613 1764 2648 Pla-

262 2657 407 2693 cidiam
434 2661 569 2694 autem
597 2669 688 2694 cum
714 2660 974 2705 cognovisset
1001 2659 1242 2704 desponsam
1270 2671 1358 2696 esse
1390 2661 1558 2706 patricio
1586 2661 1762 2706 Olybrio,

200 2701 247 2737 28
261 2715 346 2740 una
380 2716 471 2741 cum
505 2710 635 2742 matre
661 2707 849 2742 Eudoxia
882 2707 1084 2743 servabat.
1135 2707 1214 2743 Ubi
1254 2719 1343 2743 cum
1382 2709 1484 2744 duos
1525 2719 1597 2754 per
1635 2719 1763 2744 annos

261 2756 425 2788 versata
463 2756 569 2790 esset
605 2755 750 2800 regina
784 2755 983 2798 Eudoxia,
1021 2754 1141 2790 rediit
1172 2755 1414 2800 Byzantium
1449 2766 1539 2791 cum
1574 2756 1655 2791 filia
1688 2766 1763 2791 sua

201 2797 248 2834 29
261 2799 452 2846 Placidia,
471 2801 677 2837 Marciano
697 2812 807 2848 rege,
834 2803 1016 2837 Eudocia
1035 2812 1126 2836 cum
1143 2804 1288 2839 marito
1307 2803 1456 2847 relicta,
1483 2814 1598 2847 quae,
1627 2813 1763 2848 quam-

261 2848 323 2883 vis
342 2858 432 2883 eum
452 2859 499 2884 eo
520 2850 767 2885 convixisset
785 2860 914 2886 annos
933 2849 1026 2885 XVI
1039 2853 1079 2885 et
1093 2850 1216 2885 filium
1239 2851 1461 2896 peperisset
1474 2851 1761 2895 Hilderichum,

261 2898 397 2932 tamen
431 2907 556 2942 aegre
589 2898 724 2934 ferens
759 2897 1092 2935 consuetudinem
1124 2899 1256 2935 mariti
1290 2897 1534 2935 Arianorum
1569 2898 1762 2945 dogmata
