1968 3302
818 241 1037 278 Praefatio.
1609 238 1682 277 XV

167 365 315 409 labore
337 364 509 408 assiduo
532 363 772 419 defatigato
794 377 946 420 parum
970 365 1172 406 accurate
1191 363 1324 406 verba
1341 362 1563 418 scriptoris
1585 375 1680 418 pas-

169 438 247 480 sim
265 442 445 480 exarata
461 437 574 490 sunt)
601 437 768 479 scribae
791 436 918 492 culpa
940 434 1228 478 adulteratum
1252 448 1345 478 esse
1368 438 1566 491 apparet,
1591 435 1676 488 qui-

167 510 247 553 bus
269 510 375 553 locis
397 523 450 552 ne
472 509 559 551 ulla
581 507 754 563 quidem
776 509 897 551 labes
919 508 1037 551 libris
1060 506 1371 550 recentioribus
1399 507 1455 550 sit
1488 520 1679 563 aspersa,

167 586 313 625 tamen
344 595 422 624 nos
455 580 628 636 quidem
662 580 804 623 faeere
837 595 922 623 non
953 593 1190 637 possumus,
1242 580 1344 634 quin
1377 578 1431 621 de
1463 579 1679 622 Zonarae

169 653 439 697 elocutione
457 667 629 710 prorsus
647 654 774 696 aliter
794 652 1031 696 iudicemus
1054 666 1105 695 ac
1128 651 1389 707 Dindorfius‚
1414 652 1501 707 qui⁷
1534 665 1680 706 quam-

167 727 233 770 vis
256 725 467 769 concedat
494 726 611 783 „eius
635 726 870 768 orationem
903 726 1047 768 multis
1080 725 1190 780 aevi,
1225 738 1309 780 quo
1335 725 1528 779 vivebat,
1562 724 1680 767 vitiis

169 798 260 854 [sic]
304 812 397 842 esse
437 797 734 855 depravatam,
781 802 926 842 tamen
959 811 1100 854 pauca
1135 801 1282 841 censet
1315 797 1369 840 de
1402 796 1486 839 hoc
1518 810 1678 852 genere

168 883 261 914 esse
294 870 500 926 tollenda,
534 883 644 925 quae
676 883 730 912 ne
762 870 823 912 illi
857 870 1030 925 quidem
1062 871 1226 926 possint
1259 869 1403 924 tribui,
1445 869 1563 912 velut
1595 870 1678 911 ἔσε-

166 959 230 986 ται
252 956 329 999 pro
352 945 475 998 ἔσται,
511 976 520 985 .
542 976 550 985 .
572 976 580 985 .
603 943 930 998 βουληθήσομαι
952 957 1029 998 pro
1052 943 1317 998 βουλήσομαι
1349 940 1458 985 cet.“
1526 941 1679 992 Quem-

167 1015 398 1059 admodum
450 1016 559 1059 enim
611 1019 779 1059 constat
840 1016 1029 1071 genuina
1085 1015 1216 1058 verba
1257 1014 1442 1071 Polybii,
1500 1018 1547 1056 ut
1597 1013 1680 1057 hoc

168 1088 363 1145 exemplo
386 1089 540 1131 iterum
562 1091 672 1142 utar,
706 1088 874 1131 restitui
906 1101 991 1130 non
1024 1101 1150 1144 posse
1182 1087 1263 1130 nisi
1296 1100 1350 1129 ex
1381 1087 1475 1143 ipso
1502 1086 1678 1142 scripto-

167 1161 224 1205 ris
247 1175 339 1216 usu,
372 1161 600 1218 repudiata
631 1175 780 1204 norma
811 1161 885 1203 illa
918 1159 1183 1215 quorundam
1216 1160 1402 1203 virorum
1436 1159 1675 1213 doctorum,

167 1233 223 1276 ad
257 1247 383 1288 quam
422 1233 564 1276 omnia
605 1232 791 1288 dirigere
833 1231 1007 1276 student
1025 1235 1053 1287 ¹,
1101 1232 1165 1275 ita
1198 1232 1409 1275 Zonaram
1449 1230 1678 1274 emendare

166 1320 251 1348 non
282 1319 520 1362 possumus,
553 1307 634 1348 nisi
666 1306 839 1362 optimis
873 1305 1072 1348 codicum
1105 1304 1361 1348 testimoniis
1395 1304 1563 1347 collatis
1586 1317 1677 1360 per-

167 1382 360 1434 spectum
393 1378 600 1421 habemus
622 1378 909 1434 Byzantinum
942 1378 1060 1420 illum
1094 1377 1347 1433 scriptorem
1381 1380 1500 1419 tanto
1533 1375 1675 1419 studio

165 1449 350 1505 flagrare
383 1449 593 1505 variandi,
627 1454 673 1492 ut
697 1450 884 1493 omnium
907 1450 997 1493 fere
1019 1450 1287 1493 saeculorum
1310 1462 1472 1505 genera
1505 1449 1678 1491 confun-

166 1521 242 1566 dat
264 1526 490 1577 certasque
514 1521 687 1566 dicendi
709 1522 829 1579 leges
858 1523 1074 1566 rarissime
1104 1525 1319 1577 sequatur,
1354 1522 1549 1577 quamvis
1572 1522 1677 1564 artis

168 1594 389 1638 cuiusdam
411 1594 625 1638 oratoriae
659 1597 717 1649 (v.
743 1594 831 1638 ind.
866 1595 1191 1638 annotationum
1224 1608 1256 1637 s.
1281 1609 1322 1638 v.
1351 1594 1675 1649 ‘annominatio7

167 1666 394 1722 chiasmus‚
427 1667 667 1724 repetstio’)
699 1681 784 1710 non
816 1667 872 1710 sit
905 1681 1072 1724 expers.
1137 1667 1231 1709 Etsi
1263 1667 1395 1722 igitur
1428 1680 1451 1709 e
1478 1665 1675 1709 codicum

166 1739 422 1795 optimorum
455 1753 664 1783 consensu
697 1740 935 1783 luculenter
966 1744 1149 1797 apparet
1181 1764 1239 1770 —
1271 1739 1402 1782 liceat
1434 1738 1539 1781 mihi
1572 1738 1612 1781 h.
1648 1739 1674 1781 l.

164 1812 367 1855 nonnulla
384 1812 538 1856 afferre
556 1813 767 1869 exempla,
802 1827 897 1856 cum
915 1813 1128 1869 permulta
1146 1811 1200 1855 de
1218 1813 1413 1855 Zonarae
1433 1811 1676 1855 elocutione

166 1884 209 1927 in
241 1885 519 1928 annotatione
552 1886 704 1929 critica
736 1885 1127 1942 explicaverimus2
1151 1910 1210 1915 ——-
1234 1886 1447 1928 Zonaram
1479 1885 1522 1926 in
1554 1883 1677 1927 adhi-

285 2005 299 2029 1
327 2004 496 2042 Carolus
514 2006 809 2049 Krumbacher,
836 2007 899 2041 vir
925 2006 976 2042 de
1002 2007 1125 2042 rebus
1153 2006 1390 2052 Byzantinis
1417 2015 1572 2041 summe
1598 2016 1675 2041 me-

166 2065 278 2108 ritus,
305 2067 444 2102 scribit
470 2066 664 2109 (Studien
691 2078 722 2102 z.
750 2067 788 2102 d.
816 2067 911 2113 Ley.
940 2067 978 2102 d.
1005 2065 1096 2102 heu.
1121 2067 1313 2102 Theodos.
1340 2064 1620 2112 Sitzunysber.
1636 2066 1673 2101 d.

160 2123 466 2171 philos.-philol.
494 2138 533 2162 u.
561 2125 703 2162 histor.
733 2127 870 2164 Classe
898 2128 935 2163 d.
967 2129 1003 2163 lc.
1031 2127 1168 2174 bayer.
1197 2126 1327 2162 Akad.
1355 2126 1393 2161 d.
1428 2124 1546 2162 Wiss.
1574 2126 1676 2161 1892

166 2196 203 2230 p.
230 2185 315 2230 265)
342 2186 461 2222 haec:
513 2186 666 2223 ‘Schon
693 2186 755 2223 bei
781 2186 973 2233 Polybios
999 2187 1053 2223 ist
1083 2197 1182 2223 man
1208 2188 1308 2222 u'ber
1332 2187 1501 2222 manche
1528 2185 1675 2232 Eiyen-

165 2244 246 2280 heit
264 2256 410 2281 ausser
427 2245 513 2282 sich
531 2248 698 2293 yeraten
715 2247 803 2282 und
821 2248 892 2282 hat
910 2247 1040 2283 durch
1060 2247 1333 2294 ausyedehnte
1347 2245 1675 2283 Emendationen

165 2303 275 2340 scine
300 2305 482 2351 Sprache
509 2307 592 2353 auf
613 2308 690 2343 das
711 2307 872 2359 Niveau
899 2308 972 2342 der
990 2306 1346 2354 Normalyra’citc'c't
1371 2318 1421 2343 zu
1447 2308 1673 2342 schrauben

164 2366 340 2411 qesucht.
393 2365 768 2403 Gluclclieherweise
795 2366 851 2403 ist
874 2365 940 2403 die
959 2366 1248 2414 Haztlosiylceit
1267 2368 1337 2403 des
1363 2366 1674 2403 mechanischen

171 2425 430 2471 Verf'ahrens‚
471 2427 602 2463 durch
640 2429 806 2464 welches
845 2428 961 2464 Cobet
998 2428 1087 2463 und
1126 2428 1278 2463 andere
1314 2427 1543 2463 Hollc‘inder
1582 2427 1673 2462 dem

165 2487 271 2522 nach
301 2485 414 2522 ihrer
439 2486 610 2524 Ansz‘cht
642 2489 833 2524 bodenlos
866 2489 1142 2524 verdorbenen
1174 2489 1292 2524 Teoete
1324 2487 1540 2534 aufhelfen
1565 2489 1672 2523 woll-

166 2548 242 2591 ten,
269 2548 433 2583 alsbald
459 2549 589 2584 durch
614 2547 679 2585 die
698 2549 968 2595 Entdeckuny
988 2549 1058 2584 des
1077 2547 1401 2595 Hiatusyesetzes
1426 2548 1515 2583 und
1541 2548 1672 2583 durch

166 2605 233 2642 ein
258 2618 481 2653 yenaueres
499 2608 694 2646 Studium
714 2610 787 2645 der
804 2609 1132 2655 Handsclzriften
1159 2619 1203 2644 so
1230 2608 1453 2655 schlayend
1479 2607 1672 2644 erwiesen

165 2668 342 2713 worden,
371 2669 470 2705 dass
497 2668 584 2705 eine
604 2669 865 2706 Wiederkehr
891 2669 1025 2706 dieser
1051 2668 1535 2705 Emendationsmethode
1561 2668 1673 2704 nieht

165 2728 279 2763 mehr
304 2739 354 2764 zu
380 2729 615 2775 befurchten
641 2728 723 2766 ist’.
782 2729 972 2767 Ceterum
1008 2731 1149 2776 quanti
1184 2729 1373 2765 ducenda
1407 2729 1486 2765 sint
1511 2729 1671 2774 Polybii

167 2787 312 2824 editori
345 2789 654 2836 inscriptionum
689 2794 728 2826 et
754 2801 1006 2837 papyrorum
1035 2790 1265 2826 testimonia
1292 2789 1450 2835 Polybii
1484 2790 1671 2835 tempori-

166 2847 242 2883 bus
269 2850 582 2895 compositorum
609 2854 779 2893 constat,
807 2852 880 2886 etsi
907 2861 981 2887 nos
1008 2851 1129 2896 plane
1156 2850 1395 2886 confitemur
1419 2850 1595 2885 nunciis
1614 2850 1670 2884 ni-

165 2909 286 2944 miam
313 2910 483 2946 concedi
508 2910 804 2947 auctoritatem.

285 2967 301 2993 2
325 2969 379 3006 Ut
406 2971 551 3016 omnia,
579 2981 686 3017 quae
714 2971 764 3007 de
791 2981 944 3018 genere
964 2970 1125 3007 dicendi
1143 2970 1326 3008 Zonareo
1345 2971 1387 3006 in
1406 2971 1671 3006 annotatione

1385 3029 1406 3053 a·
