1968 3302
290 246 337 290 64
650 237 831 293 zoN'AR.
860 243 991 291 ΕΡῙΤ.
1018 239 1113 291 x'm
1143 255 1197 300 12,
1225 240 1378 302 35-13,
1404 242 1439 293 ἔ),

229 379 276 415 35
408 375 647 430 Γενομένου
681 377 726 419 δὲ
758 381 830 418 τοῦ
857 377 1085 418 Ἰουλιανοῦ
1126 378 1182 423 εἰς
1208 377 1455 433 Ἀντιόχειαν
1492 379 1563 421 καὶ
1600 378 1788 436 συνεχῶς

287 445 508 499 προϊόντος
544 446 601 491 εἰς
637 445 684 487 τὸ
720 450 793 500 τῆς
829 447 1004 500 Δάφνης
1041 447 1212 500 χωρίον,
1262 448 1304 488 ἒν
1342 446 1381 501 ᾧ
1417 453 1490 489 τοῦ
1523 448 1788 496 ’Λπόλλωνος

288 513 468 567 ἄγαλμα,
513 514 636 567 ἔργον
667 530 701 554 τι
732 514 840 567 πρὸς
870 515 1016 568 τέχνην
1048 515 1302 569 θαυμάσιον,
1341 516 1496 570 ἵδρυτο,
1535 517 1604 558 καὶ
1637 518 1789 565 θυσίας

289 582 405 636 αὐτῷ
436 587 667 635 ποιοῦντος,
713 584 752 622 οἱ
775 582 995 636 Ἀντιοχεῖς
1028 583 1376 631 ἀποσκώπτοντες
1408 586 1464 631 εἷς
1496 585 1624 627 αὐτὸν
1654 587 1788 642 θύτην

228 656 273 690 36
288 651 428 704 ἔλεγον
459 651 529 691 καὶ
562 652 612 691 οὗ
649 651 817 705 βασιλέα
858 652 994 704 σφίσιν
1033 652 1297 707 ἐπιδημῆσαι.
1361 653 1431 695 καὶ
1465 654 1530 695 διὰ
1563 654 1609 696 τὸ
1641 656 1835 702 καθει-Ῑ)
1857 667 1912 702 ΠΙ

286 720 415 773 μένον
452 720 558 773 ἔχειν
596 720 753 760 ἐκεῖνον
789 719 860 759 τὸν
898 720 1088 773 πώγωνα
1130 721 1283 774 τράγον
1323 721 1450 763 αι”τόν
1490 723 1716 777 ὠνόμαζον
1748 725 1788 765 οἳ

0 792 30 828 Ρ
55 791 200 828 1126A
228 793 274 828 37
288 788 405 828 αὐτοὶ
436 787 506 828 καὶ
537 787 645 841 πρὸς
677 788 857 841 σχοίνων
888 788 1052 842 πλοκὴν
1083 789 1223 842 ἔλεγον
1255 789 1381 830 αὐτὸν
1403 791 1642 846 ἐπιτήδειον.
1695 792 1720 833 ὁ
1743 792 1787 834 δὲ

289 856 640 897 ἀντεπισκώπτων
672 857 811 901 αὗτοῖς
843 857 898 902 εἷς
929 857 1128 910 βλακείαν
1165 858 1235 898 καὶ
1272 858 1435 912 ’θρύψιν
1473 860 1544 900 καὶ
1581 861 1786 915 τρυφερό-

287 941 385 979 τητα
418 925 528 978 ἔλεγε
559 924 618 978 μὴ
651 926 846 979 παρέχειν
878 930 962 971 τοῖς
988 925 1235 981 Ἀντιοχεῦσι
1258 927 1328 967 τὸν
1359 928 1550 981 πώγωνα
1583 929 1640 974 εἷς
1673 930 1785 984 σχοί-

289 1009 374 1034 νων
405 993 581 1047 πλοκήν,
629 994 693 1033 ἵνα
725 994 784 1047 μὴ
818 998 867 1048 τῇ
900 994 1048 1035 τούτου
1087 995 1306 1050 τραχύτητι
1344 997 1536 1051 τῖλιβεῖειν
1575 998 1619 1038 αῖ
1654 1002 1788 1053 χεῖρες
1803 1009 1848 1044 10

287 1062 443 1102 αὐτῶν·
490 1061 599 1115 πρὸς
631 1063 706 1107 οὓς
737 1063 807 1103 καὶ
839 1062 964 1115 λόγον
997 1064 1194 1118 ἔγραψεν,
1237 1065 1284 1110 ὃς
1316 1065 1607 1120 ἐπιγέγραπται
1632 1066 1785 1108 Ἀντιο-

227 1136 274 1171 38
286 1130 405 1184 χικὸς
443 1132 467 1184 ἦ
500 1129 791 1183 ΒΙισοπώγων.
855 1132 956 1172 ἔθυε
995 1132 1040 1172 δὲ
1077 1137 1137 1186 τῷ
1177 1132 1382 1187 Δαφναίῳ
1414 1134 1644 1176 Ἀπόλλωνι
1687 1136 1785 1176 ἕκα-

227 1205 273 1240 39
286 1199 448 1253 τόμβας
480 1199 595 1252 ὅλας,
627 1199 820 1253 χρησμὸν
852 1201 990 1254 ζητῶν
1022 1201 1067 1248 ἒξ
1097 1201 1240 1242 αὑτοῦ.
1305 1202 1367 1248 ὡς
1400 1200 1436 1243 δ’
1461 1202 1512 1256 ἦν
1533 1202 1579 1244 τὸ
1611 1203 1787 1246 εἴδωλον

287 1268 420 1309 ἐκεῖνο
451 1268 617 1322 κωφόν,
652 1269 692 1309 οἱ
723 1268 929 1322 νεωκόροι
959 1269 1033 1323 τὴν
1062 1268 1192 1310 αἰτίαν
1214 1275 1285 1325 τῆς
1307 1275 1469 1326 σιωπῆς
1490 1272 1785 1326 ἀπαιτούμενοι
1932 1254 1968 1312 ξ

288 1336 354 1377 διὰ
393 1335 490 1382 τοὺς
529 1337 747 1390 κειμένους
786 1338 874 1377 ἐκεῖ
910 1337 1084 1391 νεκροὺς
1128 1343 1291 1380 σιωπᾶν
1330 1339 1376 1381 τὸ
1422 1340 1588 1394 ἄγαλμα
1633 1341 1845 1395 ἔλεγον.15

226 1411 274 1446 40
286 1404 393 1459 ἦσαν
426 1404 505 1459 γὰρ
538 1406 626 1446 ἐκεῖ
652 1406 807 1459 ἑτέρων
838 1422 879 1447 τε
909 1407 1141 1461 μαρτύρων
1180 1407 1349 1462 κείμενα
1386 1408 1564 1463 λείψανα
1602 1409 1673 1450 καὶ
1710 1414 1784 1452 τοῦ
1959 1432 1968 1447 ³

225 1481 270 1515 41
286 1474 589 1528 ἷερομάρτυρος
622 1474 667 1516 δὲ
699 1474 890 1529 Βαβύλα.
949 1475 1082 1516 πάντα
1126 1475 1263 1517 τοίνυν
1305 1478 1579 1532 μετατεθῆναι
1624 1479 1785 1520 ἐκεῖθεν

168 1549 199 1584 Β
225 1550 272 1585 42
285 1543 538 1597 προσέταξεν
559 1542 794 1589 Ἰουλιανός.
849 1544 910 1590 ὡς
933 1544 978 1585 δὲ
998 1545 1330 1599 μετηνέχθησαν,
1364 1546 1547 1601 σκηπτὸς
1569 1547 1786 1602 ἐνσκήψας

287 1672 331 1707 16
356 1673 406 1707 ὅτι
431 1672 469 1708 τὸ
493 1672 530 1707 ἐν
555 1679 627 1712 ταῖς
653 1673 813 1719 Δάφναις
850 1674 906 1719 (τῆ
931 1674 1050 1720 δάφνη
1078 1675 1122 1717 Ε)
1149 1680 1209 1710 τοῦ
1238 1676 1452 1715 Ἀπόλλωνος
1482 1677 1618 1723 ἄγαλμα
1644 1677 1704 1714 καὶ
1730 1677 1786 1714 τὸν

284 1720 368 1755 ναὸν
394 1721 548 1766 σκηπτὸς
575 1722 791 1757 κατέκαυσεν
818 1721 880 1758 CE

356 1841 379 1876 3
403 1841 497 1887 παρὰ
523 1841 554 1877 Ε
682 1842 703 1877 5
730 1847 849 1887 σφῖσιν
872 1841 918 1885 A,
957 1853 992 1878 V.
1021 1843 1074 1878 ad
1100 1842 1196 1878 XIII
1223 1844 1256 1887 2,
1285 1843 1329 1879 14
1463 1845 1483 1880 7
1507 1844 1594 1890 πρὸς
1620 1845 1782 1891 σχοίνων]

355 1891 580 1935 προσχοίνων
608 1890 640 1925 Ε
821 1891 925 1926 αὐτὸν
950 1891 1066 1936 ἔλεγον
1093 1892 1123 1926 Ε
1307 1892 1350 1927 15
1375 1892 1454 1928 ἐκεῖ
1475 1894 1658 1937 κειμένους
1685 1894 1782 1940 pr

359 1938 402 1972 1⁴3
429 1938 604 1982 κειμένων
629 1941 672 1982 D,
701 1948 801 1974 corr.
831 1938 898 1976 Dw
1019 1940 1168 1984 λείψανα
1194 1941 1337 1985 κείμενα
1365 1941 1395 1975 Ε
1515 1941 1559 1977 17
1585 1941 1625 1976 δὲ
1649 1952 1724 1977 Om.
1752 1942 1783 1977 E

403 1986 513 2021 πάντα
541 1985 624 2029 AR,
647 1987 778 2025 πάντας
804 1997 866 2032 wp
969 1988 1010 2021 18
1037 1989 1056 2021 ὁ
1081 1988 1172 2023 add.
1200 1993 1294 2023 ante
1321 1989 1409 2023 ιὀυλ.
1436 1989 1571 2034 DEwp

284 2118 354 2150 tuo
388 2114 602 2161 episcopus
634 2115 700 2150 ille
734 2115 960 2151 columnam
994 2127 1134 2152 rursus
1167 2117 1342 2152 levatam
1376 2117 1563 2153 facillime
1597 2118 1638 2153 in
1664 2128 1782 2154 suum

283 2162 417 2198 locum
442 2163 618 2198 reduxit.

224 2211 270 2247 35
404 2210 606 2246 Iulianum
632 2214 779 2256 autem,
807 2221 898 2247 cum
925 2213 1103 2248 venisset
1129 2211 1386 2249 Antiochiam
1412 2216 1452 2248 et
1477 2212 1679 2260 Daphnen
1705 2214 1781 2250 fre-

285 2261 511 2304 quentaret,
550 2269 630 2304 quo
656 2259 745 2294 loco
771 2258 968 2305 Apollinis
996 2263 1141 2305 statua,
1181 2271 1283 2306 opus
1314 2261 1519 2307 quoddam
1549 2262 1646 2297 artis
1676 2263 1781 2298 miri-

283 2306 396 2351 ficae,
423 2307 555 2352 posita
578 2310 676 2351 erat,
704 2307 823 2353 eique
842 2307 1099 2352 sacrificaret,
1127 2308 1419 2344 Antiochenses
1438 2309 1652 2345 illudentes
1671 2310 1781 2346 victi-

224 2355 270 2390 3ss
283 2354 455 2389 marium
490 2354 681 2390 dicebant
713 2365 848 2401 neque
879 2365 1019 2401 regem
1054 2356 1107 2391 ad
1142 2366 1185 2392 se
1219 2357 1389 2392 venisse.
1449 2357 1498 2392 Et
1523 2357 1644 2402 illum,
1684 2359 1780 2403 quia

284 2402 482 2447 promissa
509 2404 596 2437 erat
619 2402 758 2447 barba,
786 2404 941 2438 hircum
968 2405 1234 2439 nominabant
1259 2405 1380 2439 iidem
1401 2415 1571 2450 eamque
1591 2405 1643 2440 ad
1661 2406 1780 2441 funes

223 2451 269 2487 37
283 2450 505 2485 nectendos
544 2460 632 2485 esse
671 2455 807 2496 aptam
847 2451 1048 2486 dicebant.
1097 2451 1150 2486 At
1183 2452 1248 2487 ille
1283 2452 1457 2487 vicissim
1489 2453 1606 2487 illusa
1639 2462 1779 2489 eorum

283 2497 452 2532 stultitia
479 2501 519 2533 et
543 2498 708 2533 luxuria
735 2502 774 2534 et
800 2499 966 2534 mollitia
985 2499 1145 2535 dicebat
1164 2510 1207 2534 se
1224 2510 1306 2535 non
1324 2500 1521 2545 praebere
1539 2500 1780 2536 Antiochen-

283 2545 395 2580 sibus
421 2545 591 2580 barbam
617 2547 670 2581 ad
696 2548 814 2582 funes
840 2547 1073 2591 nectendos,
1112 2558 1163 2582 ne
1190 2548 1277 2582 eius
1303 2549 1521 2593 asperitate
1551 2551 1780 2584 tererentur

282 2603 427 2628 manus
453 2603 611 2638 eorum3
639 2597 780 2630 contra
807 2604 908 2640 quos
934 2595 1054 2630 etiam
1083 2596 1305 2630 orationem
1324 2597 1492 2641 scripsit,
1520 2606 1625 2641 quae
1644 2597 1780 2632 inscri-

223 2643 269 2678 38
283 2640 392 2675 bitur
424 2641 635 2686 Ἀντιοχικός
673 2651 746 2677 seu
783 2642 1025 2687 Μισοπώγων.
1092 2642 1331 2678 Immolabat
1370 2647 1503 2679 autem
1543 2643 1778 2690 Daphnensi

222 2691 269 2726 39
282 2686 458 2733 Apollini
484 2689 744 2725 hecatombas
763 2693 868 2725 totas
887 2689 1040 2726 oraculi
1059 2690 1301 2736 impetrandi
1321 2701 1456 2726 causa.
1507 2691 1624 2733 Quod
1643 2693 1778 2728 autem

283 2738 371 2770 erat
396 2737 655 2772 simulacrum
682 2737 780 2772 illud
806 2742 972 2782 mutum,
1000 2737 1151 2773 aeditui
1179 2737 1228 2773 de
1255 2748 1379 2773 eausa
1405 2738 1551 2774 silentii
1574 2739 1706 2786 rogati
1727 2739 1777 2774 ob

222 2786 269 2821 40
284 2782 487 2818 cadavera
512 2784 591 2819 illie
616 2785 791 2820 iacentia
817 2789 952 2821 tacere
978 2788 1152 2821 statuam
1180 2785 1378 2821 dicebant.
1430 2787 1554 2821 Erant
1574 2789 1678 2822 enim
1699 2786 1778 2821 illic

283 2833 323 2865 et
354 2831 524 2866 aliorum
554 2837 777 2878 martyrum
811 2833 999 2869 conditae
1030 2833 1226 2879 reliquiae
1259 2837 1297 2869 et
1330 2835 1458 2868 sancti
1491 2835 1679 2880 martyris
1704 2833 1777 2868 Ba-

139 2882 196 2919 41.
223 2882 270 2917 42
285 2877 414 2923 hylae.
466 2878 608 2915 Omnia
625 2881 751 2927 igitur
770 2882 924 2917 auferri
946 2881 1053 2917 illine
1074 2882 1190 2917 iussit
1207 2881 1399 2917 Iulianus.
1451 2881 1564 2925 Quae
1581 2881 1777 2928 reliquiae

284 2935 375 2962 cum
402 2930 535 2963 essent
561 2931 752 2976 remotae,
779 2930 946 2966 fulmine
973 2940 1165 2978 percussa
1192 2933 1310 2966 noete
1329 2929 1500 2977 Daphne
1528 2934 1566 2966 et
1587 2931 1777 2978 templum
