2054 3282
187 249 347 295 LEONI
371 250 436 295 IV.
462 248 768 296 SVCCEDVNT
793 246 950 294 IRENE
975 245 1044 291 ΕΤ
1069 244 1465 291 CONSTANTINVS
1490 244 1555 287 VI.
1614 244 1686 287 285

314 379 403 422 Τοῦ
435 379 482 422 δὲ
512 378 719 426 θανόντος
749 379 775 434 ῆ
808 377 1032 432 Αὖγούστα
1061 375 1223 431 Εἰρήνη
1256 373 1332 417 σὺν
1361 379 1422 429 τῷ
1453 373 1536 415 υἱώ
1556 372 1684 414 Κων-
1702 377 1757 419 10

188 448 388 502 σταντίνῳ
432 449 609 491 δέκατον
646 447 833 490 ἐνιαυτὸν
870 451 943 501 τῆς
979 445 1140 501 ἡλικίας
1178 444 1344 486 ἀνύοντι
1373 442 1448 497 τὴν
1478 442 1686 497 βασίλειον

188 516 325 571 ἀρχὴν
368 516 615 566 διεδέξαντο.
677 516 785 571 ἦσαν
829 515 874 557 δὲ
917 515 1052 569 ἄμφω
1095 517 1182 555 τῶν
1223 512 1465 568 σεβασμίων
1507 510 1723 554 εἷκόνων2

186 586 484 640 προσκυνηταί,
516 583 604 627 ἀλλ’
638 586 762 626 οὔπω
793 583 890 630 τοὺς
919 583 1057 630 πόδας
1086 586 1136 637 τῇ
1165 581 1350 636 βασιλείᾳ
1375 580 1562 635 βεβαίως
1582 579 1685 634 ἐρεί-

151 660 175 697 5
188 653 286 694 σασί
314 669 418 700 τινες
454 653 595 700 αὐτοῖς
631 653 951 707 ἐπεβούλευσαν,
996 653 1061 693 ἵνα
1101 650 1174 692 τὸν
1203 649 1399 705 Καίσαρα
1430 648 1688 703 Νικηφόρον

185 719 259 762 τὸν
303 725 377 762 τοῦ
422 721 630 768 θανόντος
674 721 881 776 βασιλέως
926 719 1111 766 Λέοντος
1162 717 1348 773 ἀδελφὸν
1397 718 1685 773 βασιλεύσωσι.
1702 725 1737 760 D

186 789 448 844 γνωσθείσης
485 789 531 831 δὲ
566 793 639 844 τῆς
669 789 939 844 συνωμοσίας
968 788 1066 835 τοὺς
1095 788 1174 843 μὲν
1204 792 1277 843 τῆς
1307 787 1531 842 ἐπιβουλῆς
1560 801 1685 841 μετα·
1701 795 1723 830 3

175 857 364 912 ,σχόντας
394 859 639 912 αἷκισαμένη
672 859 698 913 ἡ
730 857 890 912 βασιλὶς
919 857 991 899 καὶ
1022 857 1095 912 τὴν
1125 857 1321 911 τρίχωσιν
1343 857 1483 902 αὐτοῖς
1504 855 1685 910 ἀποθρί-

187 927 294 974 ξασα
337 926 566 981 ὑπερορίαν
607 926 769 967 τούτων
811 926 1142 980 κατεψηφίσατο,
1186 924 1284 971 τοὺς
1328 923 1373 966 δὲ
1415 927 1490 965 τοῦ
1531 922 1724 978 ἀνδρὸς4

127 1008 176 1044 10
188 995 316 1049 αὐτῆς
347 994 557 1049 ἀδελφοὺς
586 995 684 1041 τούς
714 1010 756 1036 τε
787 993 1007 1049 Καίσαρας
1037 993 1109 1035 καὶ
1138 993 1236 1040 τοὺς
1271 993 1573 1047 νωβελισίμους
1608 1007 1686 1034 κα-

187 1067 311 1118 ρῆναι
340 1063 699 1117 παρασκευάσασα
729 1062 801 1104 καὶ
833 1062 1065 1117 ἱερωσύνης
1086 1063 1322 1117 ἀξιωθῆναι
1343 1061 1414 1103 καὶ
1433 1061 1687 1115 μεταδοῦναι

185 1136 249 1185 τῷ
263 1131 356 1186 λαῷ
371 1135 457 1173 τῶν
473 1132 744 1186 ἁγιασμάτων
761 1132 928 1187 ἐποίησε
944 1131 1051 1173 κατὰ
1067 1131 1141 1186 τὴν
1155 1130 1303 1185 ἑορτὴν
1318 1135 1390 1185 τῆς
1404 1134 1479 1171 τοῦ
1496 1134 1688 1184 σωτῆρος

188 1200 432 1254 γεννήσεως.
494 1201 628 1255 ἐκείνη
662 1200 708 1242 δὲ
739 1199 815 1242 σὺν
845 1204 906 1254 τῷ
937 1201 1019 1254 υἱῷ
1048 1199 1314 1254 προελήλυθε
1340 1198 1444 1254 μετὰ
1465 1203 1538 1254 τῆς
1559 1199 1685 1253 συνή-
1700 1208 1723 1244 5

187 1269 297 1315 θους
339 1273 424 1316 τοῖς
466 1269 675 1324 βασιλεῦσι
714 1269 977 1324 δορυφορίας
1015 1268 1087 1310 καὶ
1123 1268 1167 1310 ἐν
1203 1272 1253 1323 τῇ
1289 1268 1449 1323 μεγάλῃ
1488 1267 1687 1322 ἐκκλησίᾳ

132 1351 175 1387 15
189 1338 390 1392 γενομένη
422 1337 469 1379 τὸ
501 1338 677 1391 στέμμα,
709 1338 734 1379 ὃ
765 1338 927 1379 ἐκεῖθεν
958 1337 1147 1391 ἀφείλετο
1169 1336 1193 1378 ὁ
1216 1337 1323 1391 ἀνὴρ
1351 1337 1492 1391 αὐτῆς,
1523 1337 1686 1391 προσή-

188 1421 321 1460 νεγκε,
353 1405 506 1460 κόσμῳ
536 1406 691 1447 πλείονι
715 1410 837 1448 τοῦτο
859 1406 1189 1461 ἐπικοσμήσασα.
1252 1405 1399 1447 ἔστειλε
1421 1405 1467 1446 δὲ
1487 1405 1559 1446 καὶ
1579 1406 1686 1448 κατὰ
1701 1418 1722 1454 6
1748 1417 1947 1455 P11115A

187 1477 274 1516 τῶν
292 1474 489 1529 Ἀράβων
510 1474 756 1529 στράτευμα,
787 1475 853 1516 ἵνα
886 1474 1101 1529 ἀνακόπτῃ
1133 1473 1207 1520 τὰς
1238 1474 1411 1515 ἐκείνων
1443 1474 1686 1529 ἐπιδρομάς.

187 1542 426 1591 ἐξελθόντες
456 1541 533 1585 οὗν
564 1542 630 1585 ἐπὶ
660 1543 880 1599 λεηλασίαν
900 1542 1125 1598 Ἀγαρηνοὶ
1156 1545 1437 1584 συναντῶνται
1466 1542 1583 1597 παρὰ
1614 1547 1687 1598 τῆς
1702 1556 1722 1592 7

187 1611 398 1667 σταλείσης
429 1611 669 1668 Ῥωμαϊκῆς
705 1616 896 1668 στρατιᾶς
932 1611 1004 1654 καὶ
1045 1612 1264 1667 τρέπονται
1306 1610 1378 1653 καὶ
1421 1611 1687 1666 ἀναιροῦνται

188 1742 208 1778 1
240 1742 398 1789 βασιλεία
429 1744 696 1779 Κωνσταντίνου
727 1744 787 1779 καὶ
815 1743 973 1790 Εἰρήνης
1006 1748 1066 1790 τῆς
1095 1744 1229 1789 μητρός
1267 1745 1309 1785 (τ.
1340 1756 1378 1788 μ.
1413 1752 1488 1778 om.
1514 1740 1566 1788 A)
1604 1740 1685 1786 AE,

185 1791 346 1836 βασιλεία
370 1791 527 1837 Εἰρήνης
551 1791 594 1837 Β,
618 1792 778 1838 βασιλεία
794 1792 952 1837 Εἰρήνης
969 1792 1030 1827 καὶ
1047 1791 1313 1827 Κωνσταντίνου
1330 1795 1391 1826 τοῦ
1416 1791 1496 1825 υἱοῦ
1521 1791 1628 1836 αὐτῆς
1652 1789 1687 1824 R

187 1838 211 1874 3
235 1839 286 1874 ὅτι
314 1839 499 1885 ἐπιβουλῆς
529 1840 716 1886 γενομένης
746 1840 768 1886 ἦ
798 1840 935 1886 Εἰρήνη
963 1839 1144 1885 (θεοδώρα
1171 1839 1215 1884 C)
1242 1838 1323 1878 τοὺς
1347 1837 1412 1884 μὲν
1438 1839 1529 1880 (om.
1556 1838 1601 1880 E)
1627 1838 1686 1873 ἅλ-

187 1886 271 1926 λους
307 1887 463 1930 ἐκόλασε,
502 1887 581 1927 τοὺς
617 1887 656 1923 δὲ
691 1888 957 1934 ἀνδραδέλφους
992 1887 1099 1933 αὐτῆς
1136 1888 1289 1926 ἅπαντας
1322 1887 1414 1932 (om.
1441 1885 1485 1927 C)
1521 1885 1687 1930 ἀπέκειρε

189 1936 266 1979 (κε’
284 1948 326 1974 ας
351 1935 409 1970 sic
434 1935 480 1978 E)
512 1935 573 1971 καὶ
604 1935 714 1981 ἱερέας
744 1937 906 1982 γενέσθαι
933 1938 1026 1979 (om.
1052 1935 1097 1981 C)
1127 1935 1386 1971 κατεσκεύασεν
1412 1934 1686 1979 (παρεσκεύασεν

189 1981 325 2027 Ο)Ε

259 2097 283 2132 3
307 2097 484 2139 διεδέξατο
511 2097 542 2132 E
639 2100 731 2144 post
755 2097 795 2133 δὲ
819 2097 912 2134 add.
938 2097 998 2133 καὶ
1025 2097 1056 2134 Ο
1159 2097 1271 2143 ἁγίων
1296 2095 1326 2134 C
1435 2096 1481 2132 10
1505 2095 1686 2143 νωβελισί·

257 2158 348 2190 μους
371 2145 418 2190 A,
444 2145 716 2191 νωβελλισίμους
741 2145 852 2192 pr,
878 2146 1153 2192 νωβελισσίμους
1178 2143 1246 2190 Di,
1273 2155 1310 2180 v.
1338 2144 1391 2180 ad
1417 2144 1489 2181 XV
1514 2145 1548 2189 8,
1574 2146 1597 2180 2

259 2192 495 2280 22:252?ssth
514 2192 544 2230 C
618 2193 663 2228 16
687 2194 799 2229 τούτω
819 2193 850 2228 Β
925 2194 968 2230 17
994 2198 1066 2229 τῶν
1085 2204 1161 2230 om.
1179 2193 1216 2228 D
1290 2192 1333 2228 ἵν’
1352 2191 1416 2228 BC
1492 2192 1538 2228 18
1562 2205 1684 2228 συναν-

309 2360 364 2396 10.
391 2360 448 2397 Eo
474 2363 633 2397 mortuo
660 2359 850 2409 Augusta
876 2360 1010 2397 Imaum
1045 2364 1085 2397 et
1110 2361 1214 2397 filius
1252 2361 1339 2397 eius
1365 2359 1685 2397 Cons'rm'rmvs

189 2407 388 2444 decimum
414 2410 559 2445 aetatis
585 2419 736 2445 aunum
764 2419 892 2456 agens
917 2419 1090 2456 regnum
1110 2412 1393 2455 susceperunt,
1419 2409 1538 2444 ambo
1565 2415 1722 2451 vene-2

189 2455 409 2492 randarum
435 2457 659 2503 imaginum
691 2457 946 2502 adoratores;
984 2457 1055 2493 sed
1082 2467 1210 2502 regno
1238 2457 1418 2492 nondum
1444 2456 1601 2491 firmato
1630 2457 1685 2491 in-

189 2503 301 2539 sidiis
327 2505 494 2550 appetiti
521 2509 614 2540 sunt
640 2515 664 2540 a
691 2505 934 2551 quibusdam
961 2504 1125 2541 Caesari
1147 2504 1386 2550 Nicephoro,
1412 2504 1560 2539 mortui
1587 2502 1686 2539 Leo-

189 2552 251 2587 nis
276 2553 404 2597 fratri‚
429 2562 625 2588 summam
651 2563 786 2589 rerum
814 2553 974 2589 deferre
1000 2553 1267 2599 cupientibus.
1305 2552 1594 2588 Coniuratione
1621 2551 1722 2595 de-3

189 2602 298 2635 tecta
322 2601 467 2646 regina
492 2600 748 2637 insidiatores
782 2602 1038 2637 excruciatos
1075 2611 1124 2636 ac
1157 2600 1246 2646 pilis
1272 2600 1447 2635 nudatos
1474 2599 1685 2646 relegavit,

189 2646 323 2682 mariti
348 2658 446 2684 vero
473 2649 535 2683 sui
562 2649 708 2684 fratres
733 2654 814 2684 tam
830 2649 1025 2685 Caesares
1052 2658 1171 2694 quam
1188 2648 1456 2684 nobilissimos
1482 2646 1722 2690 radendos4

190 2698 230 2730 et
256 2695 297 2730 in
323 2695 579 2732 sacerdotum
606 2695 787 2732 ordinem
823 2696 1059 2743 allegendos
1086 2697 1256 2740 curavit,
1282 2699 1328 2731 ut
1353 2705 1418 2731 res
1443 2704 1580 2731 sacras
1619 2705 1686 2740 po-

191 2742 287 2788 puio
313 2743 615 2789 impertirentur
652 2744 693 2779 in
735 2746 838 2780 festo
864 2745 1088 2780 nativitatis
1115 2744 1346 2788 servatoris,
1385 2744 1555 2789 ipsaque
1593 2750 1722 2787 eum5

190 2790 271 2826 fflio
297 2792 421 2837 regiis
447 2791 686 2827 satellitibus
720 2793 868 2838 stipata
894 2793 1089 2838 processit
1127 2801 1300 2837 cumque
1328 2792 1370 2826 in
1395 2801 1585 2837 magnam
1625 2800 1685 2826 ec-

191 2837 353 2874 clesiam
381 2840 643 2886 pervenisset,
671 2850 862 2876 eoronam
889 2851 914 2875 a
938 2841 1084 2875 marito
1111 2849 1184 2875 suo
1212 2839 1388 2874 ablatam
1415 2838 1600 2885 pluribus
1626 2848 1685 2873 or-

190 2887 390 2923 namentis
415 2886 562 2923 additis
587 2889 772 2925 restituit.
821 2888 926 2925 Misit
958 2889 1077 2924 etiam
1106 2888 1287 2934 legiones
1324 2887 1377 2923 ad
1408 2886 1721 2933 reprimendam

190 2935 371 2975 Arabum
398 2940 659 2976 incursiones.
710 2941 890 2989 Agareni
918 2942 1042 2989 igitur
1068 2941 1306 2988 praedatum
1334 2939 1498 2986 egressi,
1527 2947 1616 2973 cum
1644 2937 1721 2981 in‘l
