2054 3282
370 243 440 284 592
746 245 926 286 ZONAR.
953 243 1083 284 EPIT.
1109 243 1222 283 XVII
1249 244 1303 292 15,
1332 243 1481 285 10—22.

311 373 357 408 10
369 369 629 415 εἰσελθόντας
660 369 736 411 οὖν
766 368 874 422 πρὸς
905 368 976 410 τὸν
1006 373 1077 423 τῆς
1103 368 1269 415 πόλεως
1290 369 1518 424 στρατηγὸν
1538 369 1634 416 τοὺς
1655 370 1860 425 ἄρχοντας

326 438 598 492 Οφιλοτίμως
638 439 792 483 ἐκεῖνος
831 438 1010 485 ἐδέξατο.
1074 438 1114 478 οἷ
1146 437 1181 478 δ’
1217 438 1385 484 ἐκείνοις
1421 439 1719 493 ὑπηρετοῦντες
1755 439 1858 493 μετὰ

310 510 352 545 11
368 509 452 547 τῶν
489 507 695 560 καμήλων
735 507 789 546 ἔτι
827 510 899 560 τῆς
936 506 1101 551 πόλεως
1140 506 1247 560 ἦσαν
1290 507 1384 554 ἔξω.
1446 499 1672 562 προσαίτης
1716 507 1762 549 δέ
1802 524 1860 554 τις

362 574 590 628 Ἀρμένιος,
636 574 760 619 εἰδὼς
803 574 874 615 καὶ
916 574 990 628 τὴν
1023 575 1219 628 Ἀράβων
1260 575 1482 624 διάλεκτον,
1525 575 1741 630 προσῆλθε
1777 580 1860 622 τοῖς

310 647 354 681 12
369 643 486 687 ἐκτὸς
518 643 802 695 αὐλιζομένοις
819 643 976 696 Ἄραψι
1000 644 1269 697 μεταιτήσων.
1332 645 1511 698 ἤκουσεν
1543 643 1618 685 οὗν
1650 645 1696 685 ἔκ
1727 645 1896 698 >afim-5

368 711 467 751 τίων
504 710 611 756 τινὸς
649 710 746 751 ὅποι
789 711 886 752 εἰσὶν
931 712 1186 765 ἐρωτῶντος,
1231 712 1301 753 καὶ
1345 713 1401 758 εἰς
1443 712 1516 766 τὴν
1558 712 1677 753 πόλιν
1720 713 1860 754 ἐλθὼν

310 784 354 818 13
369 778 587 833 ἀπήγγειλε
623 778 669 819 τὸ
709 779 850 833 δρᾶμα
889 784 949 833 τῷ
988 785 1215 834 στρατηγῷ.
1278 781 1302 821 ὁ
1333 780 1377 821 δὲ
1408 780 1504 826 τοὺς
1538 780 1616 834 μὲν
1654 781 1908 835 ἄρχονταςῐ)
1929 789 1981 825 IV
2001 790 2044 824 14

366 851 452 888 τῶν
477 847 672 901 Ἀράβων
704 848 1027 902 εὐωχουμένους
1063 849 1106 889 ἒν
1142 853 1191 903 τῇ
1230 849 1345 889 πόλει
1382 849 1606 902 κατέλιπεν,
1651 848 1776 894 αὐτὸς
1814 848 1859 890 δὲ
1998 842 2001 843 ⁷

365 915 468 969 μετοὶ
500 919 585 957 τῶν
615 916 708 969 περὶ
740 915 866 957 αὐτὸν
898 916 1083 964 ἐξελθὼν
1114 917 1184 957 καὶ
1215 916 1262 957 τὰ
1295 918 1467 971 κιβώτια
1506 916 1734 971 διαρρήξας
1763 916 1859 963 τοὺς

309 988 353 1022 14
367 984 411 1025 ἓν
442 985 582 1030 αὐτοῖς
614 984 780 1030 ὁπλίτας
812 985 1046 1026 ἀπέκτεινεν
1077 986 1277 1031 ἅπαντας·
1309 985 1380 1026 καὶ
1411 986 1468 1030 εἷς
1497 985 1571 1038 τὴν
1595 985 1714 1026 πόλιν
1735 983 1859 1030 αὖθις
1875 995 1920 1029 10

365 1053 655 1106 ὑπονοστήσας
685 1052 782 1098 τοὺς
812 1053 890 1107 μὲν
920 1053 1090 1099 λοιποὺς
1119 1057 1205 1095 τῶν
1236 1054 1453 1108 ἀρχόντων
1485 1054 1624 1094 αὐτῶν
1648 1054 1859 1107 μαχαίρας

367 1121 487 1162 ἔθετο
520 1122 656 1175 ἔργον,
690 1121 782 1167 ἑνὸς
816 1122 860 1162 δὲ
891 1121 964 1167 τὰς
994 1126 1134 1176 χεῖρας
1165 1122 1389 1177 ἀποτεμὼν
1419 1122 1467 1163 τὰ
1500 1121 1587 1163 ὦτά
1619 1138 1660 1162 τε
1690 1121 1760 1163 καὶ
1785 1121 1859 1175 τὴν

316 1190 459 1243 Βρῗνα
492 1190 668 1243 ἀφῆκεν,
702 1191 766 1231 ἵνα
798 1194 882 1235 τοῖς
914 1191 1020 1231 οἴκοι
1051 1190 1124 1244 τὴν
1156 1190 1382 1245 συμφορὰν
1413 1191 1719 1244 καταγγείλειεν.

308 1262 352 1297 15
482 1258 534 1300 Ὀ
579 1258 624 1299 δὲ
664 1258 958 1312 Καρχηδόνιος
1000 1259 1072 1300 τὸν
1116 1259 1295 1313 ὄλεθρον
1338 1263 1422 1300 τῶν
1465 1257 1534 1300 ὑπ’
1581 1260 1709 1300 αὐτοῦ
1751 1275 1857 1313 πεμ-

366 1327 564 1380 φθέντων
595 1327 652 1371 εἰς
682 1326 876 1368 Σικελίαν
906 1328 1076 1380 μαθών,
1108 1327 1178 1368 καὶ
1210 1327 1334 1373 αὐτὸς
1366 1328 1422 1373 εἷς
1451 1327 1525 1382 τὴν
1555 1332 1682 1381 νῆσον
1713 1327 1855 1381 ἕστρά-
1874 1335 1918 1370 15

306 1400 352 1434 16
364 1410 480 1435 τευσε
515 1394 618 1449 μετὰ
660 1395 881 1449 δυνάμεως
920 1396 1118 1440 πλείονος.
1180 1396 1251 1437 καὶ
1282 1396 1306 1437 ὁ
1338 1395 1563 1450 Μανιάκης
1600 1396 1855 1449 ἀντιστρατο-

366 1547 411 1582 14
439 1549 488 1582 ὅτι
516 1549 536 1581 ὁ
560 1548 805 1593 Καρχηδόνιος
836 1554 978 1594 κρατῶν
1007 1549 1094 1585 κατὰ
1120 1555 1179 1595 τῆς
1205 1550 1369 1588 Σικελίας
1392 1549 1540 1594 ἐπῆλθε·
1579 1549 1639 1584 καὶ
1669 1551 1766 1587 ὅπως
1797 1549 1855 1594 ἥτ-

365 1595 456 1640 τήθη
483 1595 577 1640 παρὰ
603 1601 662 1630 τοῦ
688 1597 859 1641 Μανιάκη
887 1598 948 1632 καὶ
972 1598 1096 1643 ἔφυγε·
1135 1598 1195 1632 καὶ
1219 1599 1315 1635 ὅπως
1341 1598 1361 1631 ὅ
1385 1597 1574 1642 Μανιάκης
1601 1597 1740 1641 δέσμιος
1765 1597 1855 1631 ἐκεῖ·

363 1643 428 1678 θεν
452 1643 574 1688 ἀχθεὶς
599 1644 802 1689 καθείρχθη
830 1644 859 1680 C

437 1786 455 1820 1
483 1786 635 1831 ἄρχοντα
661 1786 696 1821 D
836 1787 867 1822 1.
893 1787 916 1822 2
944 1787 1024 1827 τοὺς
1049 1789 1220 1833 ἄρχοντας
1247 1788 1401 1823 omissis
1428 1792 1518 1833 post
1545 1788 1736 1833 φιλοτίμως
1762 1787 1855 1823 add.

434 1834 561 1872 αὐτοὺς
588 1834 622 1868 D
719 1835 741 1869 2
766 1835 916 1876 ἐξένισεν
942 1835 1004 1871 BC
1101 1836 1133 1871 4.
1151 1837 1172 1871 8
1197 1836 1365 1881 ἀρράβων
1384 1836 1415 1870 Ε
1441 1835 1526 1877 (sed
1553 1845 1609 1871 VS.
1625 1835 1647 1870 5
1672 1836 1783 1880 ἄραψι
1810 1835 1856 1879 Ε)

435 1918 457 1951 ἶ)
481 1895 639 1963 ,ιῖῙτήσων
663 1918 693 1952 Ε
807 1918 939 1962 ἤκουσε
964 1918 1002 1953 δὲ
1029 1917 1124 1964 Bwp
1233 1919 1401 1964 κιβωτίου
1428 1917 1585 1963 prDi
1705 1918 1727 1953 6
1751 1918 1854 1962 ἐρωτ.

436 1966 503 2011 ὅπη
532 1967 622 2006 (ὅποι
642 1965 688 2006 Ο)
714 1966 783 2000 εἰσί
806 1966 902 2011 pr
1002 1967 1022 2001 7
1049 1967 1166 2011 δρᾶμα
1185 1965 1306 2010 ASDZ',
1333 1966 1450 2010 δράμα
1470 1966 1578 2011 pr,
1605 1977 1642 2001 V.
1658 1965 1709 2000 ad
1724 1965 1855 2001 XVIII

435 2013 492 2058 23,
522 2014 565 2048 1⁸2
665 2013 707 2047 12
739 2014 782 2048 13
807 2013 847 2048 τὰ
873 2013 945 2048 ὦτά
972 2028 1006 2048 τε
1033 2014 1092 2048 καὶ
1117 2014 1178 2059 τὴν
1202 2014 1280 2058 ῥῖνα
1307 2014 1397 2058 (ῥίνα
1419 2013 1501 2057 ΑΕ)
1529 2012 1770 2059 ADEwle',
1795 2013 1855 2048 καὶ

435 2061 496 2106 τὴν
521 2062 598 2106 ῥῖνα
626 2060 690 2096 σὺν
714 2067 783 2099 τοῖς
809 2061 874 2096 ὠσὶ
899 2062 1150 2107 λωβησάμενος
1168 2062 1202 2095 R
1302 2063 1344 2096 13
1370 2065 1460 2107 post
1478 2062 1569 2095 οἴκοι
1587 2061 1679 2096 add.
1697 2061 1734 2095 τὸ
1752 2065 1854 2104 σῶμα

436 2109 531 2154 Ewp
653 2109 914 2154 καταγγέλλοιεν
941 2109 1047 2154 Εννρ,
1074 2109 1308 2155 ἀπαγγείλειεν
1335 2109 1364 2144 C
1499 2110 1541 2143 15
1566 2109 1626 2144 καὶ
1653 2119 1727 2143 om.
1754 2108 1852 2153 pr

437 2157 480 2192 16
505 2155 591 2201 μετὰ
615 2157 759 2202 βαρείας
784 2157 966 2202 δυνάμεως
992 2157 1023 2191 Β

306 2293 351 2327 10
365 2304 522 2340 capere.
572 2293 741 2329 Praetor
766 2294 878 2329 urbis
908 2294 1111 2340 principes
1140 2294 1192 2329 ad.
1225 2304 1267 2330 se
1299 2294 1503 2340 ingressos
1537 2292 1755 2328 honorifice
1789 2302 1854 2327 ex-

365 2342 482 2387 cepit,
522 2352 661 2376 eorum
693 2342 883 2376 ministris
916 2352 1006 2377 cum
1035 2342 1195 2378 camelis
1221 2352 1351 2387 usquc
1378 2341 1429 2376 ad
1455 2341 1495 2375 id
1521 2341 1712 2385 temporis
1738 2342 1853 2375 extra

307 2388 344 2422 11
364 2390 505 2424 urbem
538 2389 697 2424 relictis.
748 2388 827 2425 Sed
862 2399 950 2424 cum
985 2389 1148 2434 quidam
1174 2389 1387 2424 Armenius
1420 2388 1627 2423 mendicus
1653 2387 1853 2422 Arabicae

365 2447 528 2481 quoque
546 2437 712 2480 linguae
732 2438 884 2482 peritus
903 2437 1013 2482 apud
1027 2436 1183 2472 Arabes
1199 2437 1296 2472 foris
1316 2437 1576 2471 deversantes
1594 2435 1853 2477 mendicaret,

306 2483 350 2517 12
364 2484 521 2519 audivit
548 2484 751 2528 quendam
777 2494 829 2519 ex
856 2494 939 2519 una
966 2484 1016 2519 de
1043 2485 1150 2519 cistis
1183 2486 1496 2530 percontantem,
1534 2483 1605 2516 ubi
1632 2485 1775 2526 essent,
1814 2485 1853 2517 et

306 2531 349 2565 13
364 2531 504 2566 urbem
532 2532 740 2577 ingressus
767 2536 1035 2567 commentum
1062 2533 1221 2576 aperuit
1247 2531 1435 2577 praetori.
1485 2530 1522 2564 Is
1543 2529 1723 2564 Arabum
1749 2530 1852 2575 prin-

365 2579 473 2624 cipes
512 2579 552 2613 in
592 2579 693 2614 urbe
725 2580 991 2615 convivantes
1024 2580 1186 2624 reliquit
1221 2583 1260 2614 et
1295 2589 1385 2613 cum
1419 2578 1501 2612 suis
1535 2578 1620 2622 ipse
1651 2587 1852 2622 egressus,

306 2625 351 2659 14
364 2627 514 2671 apertis
541 2627 659 2670 cistis,
686 2631 862 2662 armatos
890 2637 1027 2662 omnes
1052 2627 1272 2670 interfecit3
1299 2631 1381 2661 tum
1409 2626 1448 2659 in
1475 2625 1616 2659 urbem
1642 2634 1852 2670 regressus

365 2674 499 2716 duces,
527 2674 595 2719 qui
622 2674 764 2719 reliqui
793 2678 919 2718 erant,
959 2674 1096 2720 gladio
1124 2675 1307 2717 confecit,
1347 2683 1427 2708 uno
1456 2673 1627 2715 dimisso,
1667 2672 1852 2706 manibus

365 2725 403 2756 et
439 2722 606 2756 auribus
640 2725 678 2757 ct
704 2722 871 2757 naribus
903 2723 1109 2766 truncatis,
1153 2722 1221 2767 qui
1253 2721 1406 2756 cladem
1433 2720 1539 2754 illam
1567 2719 1727 2754 domum
1754 2729 1853 2753 nun-

364 2769 492 2804 tiaret.

305 2815 349 2848 15
481 2816 534 2851 At
560 2815 914 2862 Carthaginiensis
952 2818 1160 2862 copiarum
1186 2817 1227 2851 in
1253 2816 1425 2852 Siciliam
1451 2815 1661 2849 missarum
1688 2813 1852 2848 interitu

365 2864 538 2908 cognito,
579 2868 617 2899 ct
654 2865 738 2909 ipse
777 2875 866 2899 cum
902 2865 1055 2900 maiore
1090 2865 1271 2900 exercitu
1301 2865 1342 2898 in
1368 2863 1540 2898 Siciliam
1578 2861 1851 2906 proficiscitur.

306 2909 350 2944 16
363 2910 576 2956 Maniaees,
597 2913 737 2947 castris
752 2915 892 2947 contra
905 2911 1118 2957 Agarenos
1134 2912 1282 2958 positis,
1303 2912 1439 2946 classIS
1459 2910 1662 2956 praefecto
1684 2909 1851 2954 patricio
