2054 3282
364 229 434 266 454
727 228 908 266 ZONAR.
936 228 1066 265 EPIT.
1093 227 1184 264 XVI
1215 229 1267 273 14,
1294 228 1445 273 28-15,
1474 229 1504 264 1.

364 369 485 406 ψεως
522 353 662 406 μέντοι
704 351 793 392 τότε
836 355 908 405 τῆς
951 350 1124 405 σελήνης
1167 350 1399 405 συμβάσης,
1442 349 1514 392 τὸν
1554 351 1860 406 μητροπολίτην

305 424 351 459 29
364 421 576 462 Συνάόων
598 420 622 461 ὁ
643 418 834 474 βασιλεὺς
854 419 1163 473 μετεπέμψατο,
1195 418 1289 473 περὶ
1310 419 1460 473 ταύτης
1487 419 1755 474 πευσόμενος.
1811 421 1860 462 ὃν

365 489 389 530 ὁ
420 489 639 543 Σαμωνᾶς
670 488 752 541 ι’ὃίᾳ
790 487 1054 541 παραλαβὼν
1092 489 1215 542 ἤρετο
1254 487 1348 541 περὶ
1384 491 1456 542 τῆς
1493 487 1738 541 ἐκλείψεως·
1781 488 1859 530 κᾶ-

363 562 500 603 κεΐνος
537 558 618 611 ἔφη
658 556 717 597 ὅτι
756 556 862 597 “obv
892 555 938 597 τὸ
970 561 1041 611 τῆς
1073 556 1246 611 σελήνης
1276 556 1458 610 πάθημα
1491 556 1679 610 σημαίνει
1711 555 1858 598 δυστύ-

155 629 497 680 ῚΝΙΙΙ146χημα·
542 626 580 666 εἷ
609 625 653 666 δὲ
684 628 757 665 τοῦ
784 624 959 665 Ἰουλίου
996 624 1308 679 τρισκαιδεκάτη
1345 624 1641 678 παρελεύσεται
1670 624 1755 678 πρὸ
1786 628 1896 666 τοῦὸ

251 697 280 734 C
305 698 351 733 30
363 695 528 747 παθεῖν,
575 693 757 747 ἐκφεύξῃ
790 693 861 734 καὶ
893 692 943 734 σὺ
982 693 1028 734 τὸ
1073 693 1362 748 δυστύχημα.”
1422 692 1505 734 εἷτα
1542 692 1614 734 καὶ
1648 692 1757 747 πρὸς
1785 696 1859 734 τοῦ

363 762 568 816 βασιλέως
600 761 624 802 ὁ
655 761 867 802 Συνάὸων
899 762 1127 816 ἐρωτηθεὶς
1165 762 1414 815 ἀπεκρίνατο
1453 762 1515 807 ὡς
1557 761 1644 807 “ει’ς
1679 760 1726 802 τὸ
1765 760 1858 802 δεύ-

304 835 349 869 31
363 845 484 883 τερον
520 829 623 884 μετὰ
662 829 707 870 σὲ
737 829 972 883 πρόσωπον
1003 831 1202 884 ε’νσκήψει
1234 831 1259 884 ἡ
1292 830 1526 876 κάκωσις.”
1589 829 1782 884 δεύτερον
1814 829 1860 871 δὲ

363 898 597 952 πρόσωπον
629 897 653 938 ὁ
684 897 876 951 βασιλεὺς
906 898 978 939 τὸν
1009 898 1193 953 ἀδελφὸν
1215 899 1343 940 αὐτοῦ
1365 898 1726 952 τὸνἋλέξανὸρον
1747 899 1858 952 ἔκρι-

364 982 445 1020 νεν,
490 966 577 1007 ἀλλ’
612 966 771 1020 ἐσφάλη
803 966 898 1020 περὶ
929 966 1002 1021 τὴν
1033 967 1184 1020 κρίσιν·
1230 967 1311 1007 ἔδει
1343 966 1422 1021 γάρ
1453 983 1552 1008 ποτε
1582 971 1643 1021 τῷ
1673 966 1859 1020 κακίστῳ
1876 970 1921 1006 10

304 1039 351 1074 32
363 1034 560 1089 Σαμωνᾷ
600 1036 792 1088 γενέσθαι
829 1038 987 1080 κακῶς.
1048 1035 1208 1089 μαθὼν
1246 1034 1323 1076 οὗν
1362 1036 1423 1081 ὡς
1460 1035 1616 1081 ἐκεῖνος
1646 1034 1699 1090 ἦν
1730 1035 1754 1076 ὁ
1784 1039 1908 1076 τοῦῙ)
1930 1039 2034 1076 1V4

363 1103 560 1158 λοιδόρου
592 1104 753 1158 βιβλίου
784 1104 936 1157 πατήρ,
975 1104 1133 1151 ἕξω-θεῖ
1158 1104 1235 1158 μὲν
1265 1107 1350 1145 τῶν
1380 1104 1600 1158 βασιλείων
1632 1102 1758 1145 αὐτὸν
1788 1102 1860 1144 καὶ

365 1172 575 1226 ἀποκείρει
607 1171 678 1213 καὶ
708 1175 999 1226 περιγραπτοΐς
1031 1172 1161 1226 ὁρίοις
1191 1173 1470 1226 καθείργνυσι.
1532 1171 1603 1213 καὶ
1633 1175 1760 1213 ταῦτα
1792 1172 1857 1226 γέ-

304 1245 351 1279 33
365 1256 473 1294 γονε,
494 1241 627 1295 μήπω
644 1245 716 1295 τῆς
731 1240 1069 1294 τρισκαιδεκάτης
1084 1244 1157 1282 τοῦ
1175 1241 1348 1282 Ἰουλίου
1365 1240 1689 1295 παραρρυείσης.
1720 1255 1858 1294 παρα-

364 1309 635 1363 κοιμώμενος
668 1309 712 1350 δὲ
745 1307 831 1349 ἀντὶ
862 1312 935 1350 τοῦ
958 1308 1153 1362 Σαμωνᾶ
1175 1310 1198 1349 ὁ
1220 1309 1320 1363 παρ’
1345 1309 1503 1350 ἐκείνου
1528 1308 1859 1363 βασκαινόμενος
1875 1312 1919 1348 15

314 1378 682 1423 ΒΚωνσταντῒνος
712 1376 783 1418 καὶ
815 1377 1187 1432 ἐπιβουλευόμενος
1217 1378 1541 1432 προκεχείριστο,
1572 1375 1611 1431 ᾦ
1633 1377 1703 1418 καὶ
1722 1376 1860 1432 μονὴν

365 1445 389 1486 ὁ
420 1444 612 1500 βασιλεὺς
643 1446 880 1501 ἒὸομήσατο
913 1446 956 1487 ἓν
986 1450 1073 1491 ταῖς
1105 1445 1316 1491 Νοσσιαΐς.

367 1586 409 1621 11
436 1586 615 1632 ε’ξώθησις
639 1587 679 1622 ἐκ
706 1591 776 1622 τῶν
801 1587 987 1634 βασιλείων
1013 1592 1072 1622 τοῦ
1099 1588 1259 1632 Σαμωνᾶ
1285 1587 1347 1623 ΟΕ

437 1719 470 1754 2.
497 1719 519 1754 3
544 1719 619 1754 ἀλλ’
645 1720 665 1754 ὁ
690 1718 737 1764 D,
764 1720 804 1754 ὃν
826 1720 847 1754 ό
873 1729 972 1753 corr.
1000 1718 1068 1756 Dw
1165 1719 1236 1754 3.4
1260 1719 1330 1764 ἔφη
1357 1718 1396 1754 δὲ
1420 1718 1584 1758 κάκεῖνος
1611 1719 1641 1754 Ε
1738 1719 1761 1754 4
1786 1719 1859 1764 σὸν]

437 1767 495 1802 τὸν
520 1767 605 1812 W*p
737 1767 851 1805 πάθος
878 1766 1045 1812 Ewap
1178 1767 1328 1811 πάθημα
1354 1780 1439 1812 σημ.
1466 1777 1542 1802 om.
1569 1766 1598 1802 C
1722 1766 1745 1802 5
1771 1771 1861 1812 post

437 1814 477 1850 δὲ
502 1815 593 1850 add.
620 1815 642 1861 ἦ
668 1814 886 1860 BSEwap
1056 1814 1189 1849 ι”ουλιόυ
1216 1813 1360 1860 Apr,
1387 1814 1487 1860 ήλίου
1514 1814 1562 1859 D,
1588 1814 1687 1859 ἡλίου
1713 1814 1859 1858 BEDw,

438 1873 476 1897 v.
503 1863 555 1897 ad
583 1874 640 1898 vs.
662 1863 723 1907 14;
750 1862 911 1898 videtur
930 1862 1106 1897 Zonaras
1134 1872 1271 1897 errore
1298 1873 1370 1907 pro
1397 1863 1528 1897 ἰουνιόυ
1555 1862 1762 1907 scripsisse
1787 1863 1860 1897 ἰου-

437 1911 524 1954 λίου,
553 1921 589 1945 ν.
618 1909 733 1946 Cedr.
762 1909 951 1955 (Scylitz.)
978 1909 1015 1944 II
1042 1921 1078 1955 p.
1106 1909 1187 1954 272,
1213 1910 1267 1953 12,
1295 1909 1473 1955 Theoph.
1502 1913 1606 1945 cont.
1632 1921 1669 1955 p.
1695 1909 1776 1953 376,
1804 1910 1859 1953 12,

440 1957 546 2003 Sym.
573 1968 681 2003 mag.
709 1969 745 2004 p.
773 1957 852 2001 713,
875 1957 906 2002 3,
935 1956 980 1992 G.
1008 1957 1056 1992 M.
1084 1969 1120 2002 p.
1148 1958 1303 2002 793,16‚
1331 1956 1374 1992 L.
1402 1957 1448 1993 G.
1475 1968 1512 2003 p.
1538 1957 1618 2001 284,
1639 1957 1694 2001 10,
1721 1956 1791 1992 Th.
1811 1957 1860 1993 M.

441 2016 478 2051 p.
507 2006 585 2048 199,
613 2004 727 2051 Glyc.
754 2017 790 2051 p.
817 2005 898 2050 557,
920 2005 954 2040 3.
1053 2007 1143 2050 post
1167 2006 1287 2049 παρελ.
1315 2005 1406 2040 add.
1433 2005 1501 2043 Dw
1527 2005 1674 2044 σύνοδος
1770 2010 1861 2051 post

440 2058 502 2088 τοῦ
529 2053 620 2088 add.
647 2067 686 2088 σε
711 2053 810 2098 pr
964 2054 985 2088 6
1010 2052 1173 2098 ἕκφεύξει
1200 2053 1300 2098 pr
1453 2053 1476 2088 8
1499 2052 1585 2098 μετά
1611 2066 1650 2087 σε
1675 2051 1859 2098 Bswap

442 2101 485 2135 11
505 2107 653 2146 σαμωνᾷ
671 2111 745 2136 om.
766 2100 802 2135 D
819 2101 885 2136 Wo
903 2100 970 2135 lat.
1058 2104 1147 2146 post
1165 2100 1227 2135 οὗν
1246 2100 1336 2136 add.
1357 2101 1377 2134 ὁ
1392 2101 1481 2135 λέων
1495 2101 1593 2146 pr
1683 2100 1728 2135 12
1744 2100 1861 2136 αὐτῶν

440 2148 469 2185 C
570 2148 616 2183 14
640 2149 740 2195 ἡλίου
767 2147 814 2193 D,
841 2148 939 2194 ἡλίου
965 2147 1041 2192 ΒΕ,
1069 2159 1105 2183 v.
1133 2148 1185 2183 ad
1213 2158 1270 2183 vs.
1296 2148 1318 2182 ἴ)
1416 2149 1460 2184 15
1486 2147 1526 2183 δὲ
1551 2159 1615 2184 om
1640 2148 1671 2183 B

366 2283 502 2316 autem
530 2280 711 2316 defectus
737 2280 859 2316 lunae
879 2283 963 2316 tum
985 2282 1136 2326 suisset,
1166 2281 1461 2326 metropolitam
1482 2279 1759 2325 synadensem
1785 2290 1858 2315 rex

306 2327 352 2362 29
366 2328 417 2363 de
443 2338 491 2364 eo
519 2329 776 2373 quae-siturus
808 2329 993 2373 arcessit3
1033 2339 1152 2374 quem
1179 2339 1268 2364 cum
1297 2327 1491 2364 Samonas
1527 2327 1577 2362 de
1603 2327 1669 2362 illo
1697 2327 1858 2362 defectu

366 2376 555 2421 privatim
594 2376 883 2420 sciscitaretur,
921 2376 1119 2412 “Tuum''
1155 2377 1285 2422 inquit
1321 2376 1617 2410 “infortunium
1655 2374 1859 2420 portendit

365 2424 442 2459 ista
464 2424 586 2459 lunae
604 2423 776 2459 affectio.
828 2422 868 2460 Si
887 2435 985 2459 vero
1004 2424 1110 2460 XIII.
1130 2424 1219 2459 Iulii
1239 2424 1324 2459 dies
1342 2427 1436 2458 ante
1454 2426 1564 2457 tuam
1591 2422 1858 2457 calamitatem

305 2470 353 2505 30
366 2471 631 2516 praeterierit,
659 2474 698 2506 et
723 2474 768 2507 tu
794 2472 1058 2507 infortunium
1086 2471 1295 2507 evitabis.”
1338 2470 1494 2506 Deinde
1520 2480 1544 2504 a
1569 2479 1668 2515 rege
1695 2479 1858 2515 quoque

365 2519 641 2564 interrogatus
659 2517 916 2564 Synadorum
935 2520 1148 2565 episcopus
1166 2518 1383 2564 respondet
1405 2518 1553 2552 malum
1580 2516 1687 2552 istud
1713 2518 1754 2551 in
1773 2527 1859 2562 per-

305 2565 349 2601 31
366 2576 506 2601 sonam
541 2566 592 2601 ab
624 2566 690 2602 illo
724 2567 950 2612 proximam
976 2569 1266 2612 grassaturum.
1317 2566 1535 2601 Personam
1564 2568 1699 2600 autem
1725 2565 1858 2610 proxi-

367 2624 471 2649 mam
506 2624 579 2649 rex
610 2613 888 2650 Alexandrum
926 2615 1091 2650 fratrem
1130 2614 1348 2656 iudicabat,
1386 2612 1458 2648 sed
1496 2622 1726 2658 perperam3
1765 2622 1856 2646 nam

305 2660 352 2695 32
366 2660 577 2705 Samonae,
604 2661 754 2697 homini
778 2661 833 2696 illi
859 2662 1042 2707 pessimo,
1069 2662 1232 2697 tandem
1257 2661 1361 2696 male
1393 2670 1481 2695 esse
1508 2660 1730 2705 oportebat.
1781 2658 1858 2695 Ubi

365 2709 491 2754 igitur
517 2710 712 2755 cognovit
737 2719 829 2744 eum
856 2719 944 2744 esse
970 2709 1113 2744 famosi
1138 2709 1229 2744 libri
1255 2712 1421 2754 patrem,
1462 2711 1500 2743 et
1525 2708 1640 2753 regia
1667 2706 1795 2751 exigit
1820 2711 1860 2741 ct

366 2766 502 2791 rasum
529 2757 648 2792 certis
673 2757 821 2792 finibus
846 2756 1033 2801 includit,
1063 2756 1184 2801 idque
1211 2756 1357 2791 accidit
1383 2758 1477 2790 ante
1505 2755 1608 2790 diem
1635 2754 1741 2789 XIII.
1756 2754 1857 2789 Iulii.

305 2801 352 2837 33
367 2803 665 2848 Constantinus,
693 2804 757 2839 cui
776 2803 971 2840 Samonas
990 2807 1029 2839 et
1046 2804 1253 2839 invidebat
1281 2807 1319 2838 et
1344 2803 1622 2844 insidiabatur,
1648 2802 1752 2837 illius
1770 2801 1857 2837 loco

367 2851 639 2887 cubicularius
666 2857 724 2888 est
751 2851 988 2898 designatus
1014 2852 1131 2897 eique
1160 2851 1449 2886 monasterium
1477 2851 1518 2885 in
1536 2850 1687 2886 Nossiis
1707 2852 1767 2885 est
1793 2859 1860 2884 ex-

366 2902 572 2934 structum.
1796 2905 1799 2908 ’
