2054 3282
592 210 807 250 THOMAS
831 209 868 248 A
893 202 1162 249 meamne
1187 189 1448 248 vmcrrvn.
1696 209 1768 247 343

266 333 380 377 λίνου
424 334 663 390 ὠνόμαστο.
724 335 899 390 ἡμερῶν
942 333 990 376 δέ
1030 348 1155 375 τινων
1199 333 1508 387 διαγενομένων
1550 331 1622 373 καὶ
1659 331 1767 374 κατὰ
1780 335 1803 370 6

266 405 418 459 χέρσον
454 402 580 451 αὗθις
615 403 687 446 καὶ
722 403 829 446 κατὰ
867 403 1087 446 θάλασσαν
1123 402 1324 457 ἐπήνεγκε
1358 405 1409 456 τῇ
1439 400 1556 442 πόλει
1586 400 1658 442 τὸν
1687 400 1766 442 πό-

265 472 406 527 λεμον,
450 472 654 519 ἑλεπόλεις
697 489 738 514 τε
780 471 852 514 καὶ
894 472 1103 526 κλίμακας
1141 470 1412 526 ἐπαγόμενος,
1474 470 1536 516 ὡς
1578 469 1616 511 δ’
1649 470 1765 524 ἑώρα
1781 473 1803 508 7

265 540 315 582 τὰ
346 545 419 596 τῆς
449 541 638 596 σπουδῆς
669 541 787 595 αὑτῷ
816 539 1083 595 πανταχόθεν
1114 540 1310 595 ἀνήνυτα,
1347 538 1436 580 τότε
1466 538 1544 593 μὲν
1575 537 1649 592 τὴν
1679 554 1764 592 ψυ-

228 614 252 651 5
266 608 375 664 χρὰν
405 609 708 664 ἐκτρεπόμενος
729 608 906 664 Θρᾴκην
939 607 1115 663 (χειμὼν
1146 607 1226 662 γὰρ
1257 606 1326 663 ἦν)
1359 606 1433 662 τὴν
1465 606 1656 661 στρατιὰν
1686 607 1763 648 αὐ-

266 681 340 719 τοῦ
371 681 459 724 ταῖς
488 678 650 732 χώραις
682 677 892 731 διένειμεν,
924 677 969 718 ἐν
998 676 1163 723 ταύταις
1192 676 1484 731 σχολάσουσαν
1505 675 1577 718 καὶ
1596 675 1671 730 τὴν
1691 679 1765 718 τοῦ

265 749 475 801 χειμῶνος
496 746 810 801 ἐκφευξομὲνην
832 745 1074 800 δριμύτητα.
1137 746 1227 799 ἄρτι
1250 745 1295 787 δὲ
1316 749 1390 787 τοῦ
1422 745 1549 799 ἔαρος
1579 745 1764 799 ἐφεστῶ-
1779 748 1802 782 8

264 831 335 862 τος
365 815 437 857 καὶ
466 814 588 856 πάλιν
617 819 805 869 προσῆγε
835 813 906 855 καὶ
938 813 1248 868 ἀμφοτέρωθεν
1273 818 1323 869 τῇ
1343 813 1460 855 πόλει
1480 813 1554 868 τὴν
1575 813 1766 867 στρατιὰν
1781 816 1816 851 D

264 882 337 925 καὶ
365 883 642 937 περιεκύκλου
673 881 722 924 τὰ
754 882 863 936 τείχη
895 886 958 936 τῷ
988 898 1030 923 τε
1059 882 1178 935 πεζῷ
1199 882 1470 936 στρατεύματι
1490 881 1644 936 καὶτῷ
1664 897 1765 923 ναυ-

207 957 253 992 10
264 956 380 1006 τικῴ.
442 951 524 1007 ἤδη
558 950 603 994 δὲ
624 951 696 992 καὶ
718 955 780 1005 τῷ
800 949 974 1004 Μιχαὴλ
1006 950 1230 1004 ἡτοίμαστο
1261 950 1333 992 καὶ
1364 950 1510 997 στόλος
1539 950 1611 992 καὶ
1642 951 1802 1005 πρά-9

264 1035 406 1074 τευμα.
467 1019 606 1074 λόγοις
637 1018 714 1061 οὗν
743 1018 1069 1074 παρακλητικοῖς
1100 1018 1197 1065 τοὺς
1228 1019 1407 1066 οἰκείους
1427 1019 1767 1074 παραθαρρύνας
1783 1022 1827 1058 10

263 1088 289 1130 ὀ
318 1087 511 1143 βασιλεὺς
542 1088 707 1142 ἀθρόον
738 1088 785 1130 ἐκ
816 1087 1022 1129 πλειόνων
1053 1087 1200 1129 πυλῶν
1222 1088 1356 1142 ἐξάγει
1376 1087 1550 1134 τούτους
1571 1088 1643 1130 καὶ
1663 1103 1764 1142 συρ-

262 1157 460 1212 ρήγνυται
490 1162 552 1212 τῷ
582 1160 655 1199 τοῦ
692 1156 899 1210 τυράννου
938 1156 1041 1210 λαῷ.
1105 1157 1145 1198 οῖ
1181 1155 1227 1198 δὲ
1263 1161 1324 1210 τῷ
1362 1156 1560 1211 αἰφνιδίῳ
1597 1156 1669 1198 καὶ
1704 1162 1766 1211 τῷ
1782 1160 1822 1195 11

262 1225 412 1279 θάρσει
442 1228 528 1267 τῶν
559 1224 762 1267 ἐπιόντων
794 1224 1178 1271 ἄποδεδειλιακότες
1210 1224 1258 1266 τὰ
1290 1229 1403 1266 νῶτα
1434 1225 1664 1280 μετέβαλον
1694 1225 1766 1267 καὶ

205 1294 289 1335 15”
263 1309 412 1336 επεσον
453 1294 612 1348 πολλοί,
657 1293 728 1335 καὶ
759 1294 784 1348 ἡ
817 1293 909 1348 νίκη
948 1296 1033 1335 τῶν
1071 1293 1118 1334 ἐκ
1155 1297 1227 1348 τῆς
1264 1293 1431 1340 πόλεως
1468 1293 1534 1349 ἦν.
1595 1293 1644 1335 τὰ
1687 1294 1766 1349 μὲν
1781 1297 1826 1332 12

265 1361 342 1405 οὗν
371 1362 478 1405 κατὰ
509 1363 662 1445 χέρσον
693 1363 805 1404 οὕτω
838 1362 1075 1417 συνηνέχθη
1107 1366 1169 1403 τεῦ
1199 1362 1527 1418 ἀποστάτῃ·οὐ
1558 1362 1645 1418 μὴν
1676 1363 1763 1405 ἀλλ’

15 1431 161 1473 DllI
177 1437 249 1474 395
263 1431 364 1474 οὐδὲ
394 1431 443 1473 τὰ
474 1430 581 1473 κατὰ
612 1431 831 1473 θάλασσαν
861 1430 1030 1472 κάλλιον
1067 1431 1185 1485 ἔσχεν
1225 1431 1352 1485 αὐτῷ.
1413 1430 1487 1478 τὰς
1527 1430 1606 1486 γὰρ
1644 1433 1763 1486 βασι-
1781 1434 1824 1471 13

6 1488 21 1503 ‘⁸
260 1498 379 1547 λικὰς
407 1500 585 1555 τριήρεις
614 1498 662 1542 τὸ
692 1503 766 1542 τοῦ
797 1499 1004 1554 τυράννου
1035 1499 1231 1541 ναυτικὸν
1267 1500 1534 1555 θεασάμενον
1566 1500 1764 1548 ἐπιούσας

260 1648 278 1683 1
306 1649 357 1683 ὅτι
382 1647 444 1684 καὶ
468 1647 559 1683 κατὰ
583 1652 648 1694 γῆν
674 1647 735 1683 καὶ
760 1646 850 1684 κατὰ
874 1647 1057 1683 θάλασσαν
1081 1647 1294 1694 προσβαλὼν
1312 1649 1334 1683 ὅ
1353 1649 1488 1693 Θωμᾶς
1506 1654 1549 1694 τῇ·
1564 1649 1662 1683 πόλει
1681 1649 1762 1684 πολ-

0 1717 30 1743 ²oe
258 1695 372 1740 λάκις,
398 1695 501 1731 οὐδὲν
526 1695 647 1731 ἀνύσαι
673 1696 825 1741 ἴσχυσεν,
853 1694 929 1731 ἀλλ’
955 1697 1080 1741 ἥττητο
1102 1700 1277 1741 συνεχῶς·
1307 1697 1328 1731 ὁ
1345 1695 1459 1731 δὲκαὶ
1476 1696 1675 1742 ἡττώμενος
1700 1701 1762 1732 τοῦ

0 1740 27 1777 {³²3
258 1749 437 1788 τυραννεῖν
462 1745 676 1788 (τυραννειόυ
694 1743 740 1785 Ε)
766 1743 834 1778 οὐκ
860 1743 1020 1789 ἀπείχετο
1046 1742 1109 1780 ΟΕ
1136 1743 1180 1786 (C
1207 1744 1344 1779 verbis
1369 1743 1443 1779 ἀλλ’
1463 1745 1579 1790 ἥττετο
1608 1755 1760 1780 novum

0 1790 21 1845 ξ
259 1791 399 1838 incipit
423 1793 723 1838 argumentum)

333 1909 357 1945 2
381 1910 534 1956 ἐπήγαγε
558 1910 656 1956 Ewp
753 1910 811 1946 τὸν
837 1921 914 1946 om.
932 1910 968 1945 D
1064 1911 1088 1947 3
1113 1910 1173 1947 καὶ
1200 1922 1275 1947 om
1290 1911 1326 1946 D
1423 1911 1447 1946 4
1471 1911 1559 1958 αὐτῆ
1584 1911 1632 1956 D,
1658 1922 1760 1948 corr.

332 1957 401 1997 Dw
507 1958 530 1993 6
555 1958 794 2003 σχολάζουσαν
819 1957 906 2004 w*p
933 1959 1070 1995 invitis
1095 1958 1167 1994 AR
1271 1959 1317 1994 10
1341 1926 1590 2004 στρα1τεύματα
1617 1959 1663 2004 D,
1689 1960 1762 1995 sed

332 2006 486 2051 τεύματα
511 2006 553 2041 in
579 2016 723 2042 rasura
822 2006 864 2041 11
890 2006 1143 2051 παραθαρύνας
1169 2006 1200 2042 Β
1311 2007 1355 2042 12
1378 2008 1501 2042 πυλῶν
1525 2008 1699 2043 πλειόνων
1725 2007 1760 2042 D

382 2053 638 2099 συρρήγνυνται
665 2053 697 2089 Ο
769 2101 777 2116 ἱ
796 2053 841 2089 14
866 2054 991 2098 θάρσει
1009 2053 1091 2099 AR,
1117 2054 1243 2115 θράσει
1259 2053 1590 2116 ’Βθᾷλρῦἰκθάσει
1617 2055 1701 2115 νν*ἱ
1722 2066 1759 2090 v.

333 2101 425 2185 Χάὲἶ
452 2101 558 2184 7,11)4
632 2102 676 2138 16
701 2102 764 2138 ἀλλ
804 2112 880 2138 om.
898 2100 962 2138 BC
1039 2102 1094 2138 16.
1124 2103 1167 2138 17
1192 2102 1255 2138 αλλ
1294 2102 1390 2148 ουδε]
1420 2117 1480 2139 και
1499 2102 1534 2138 D
1610 2103 1654 2139 17
1679 2116 1760 2149 εσχε

330 2163 354 2185 κ
421 2163 475 2185 ιον

259 2278 416 2304 sacram
443 2266 481 2305 S.
507 2267 818 2315 Anargyrorum
845 2269 999 2312 aedem,
1027 2270 1095 2315 qui
1122 2269 1235 2305 loeus
1260 2269 1419 2306 Paulini
1446 2273 1628 2306 vocatur.
1679 2268 1794 2306 Sede

260 2316 402 2352 diebus
435 2316 590 2361 aliquot
625 2317 772 2363 elapsis
809 2317 950 2353 urbem
992 2317 1125 2353 denuo
1165 2320 1273 2353 terra
1311 2318 1495 2363 marique
1534 2321 1757 2363 oppugnat,

259 2363 454 2399 machinis
486 2367 526 2399 et
557 2364 675 2399 scalis
710 2364 910 2400 adhibitis.
962 2364 1013 2401 Ut
1046 2375 1143 2400 vero
1179 2376 1222 2400 se
1249 2375 1406 2401 omnem
1435 2375 1599 2411 operam
1626 2369 1666 2400 et
1691 2364 1792 2400 im-7

258 2422 425 2457 pensam
449 2411 590 2447 ludere
617 2411 727 2456 vidit,
754 2415 851 2447 tunc
876 2412 1027 2458 frigida
1053 2412 1120 2447 illa
1140 2412 1313 2448 Thracia
1339 2413 1478 2448 relicta
1504 2415 1610 2454 (nam
1633 2413 1758 2448 hiems

259 2462 360 2502 erat)
386 2460 590 2496 exercitus
616 2460 655 2495 in
684 2460 915 2506 provincias
946 2460 1159 2504 distribuit,
1198 2463 1243 2495 ut
1275 2460 1328 2495 ibi
1362 2461 1442 2496 otio
1475 2464 1758 2496 reor-ementur

259 2510 299 2542 et
326 2507 464 2543 hiemis
490 2508 701 2543 saevitiam
729 2508 940 2543 evitarent.
994 2507 1097 2543 Vere
1124 2514 1258 2543 autem
1291 2509 1457 2544 ineunte
1485 2508 1666 2554 legiones
1692 2508 1757 2544 de·
1771 2507 1794 2543 8

259 2564 341 2590 nuo
373 2555 576 2601 utrimque
609 2558 751 2591 contra
775 2556 917 2591 urbem
945 2555 1117 2591 adduxit
1150 2565 1322 2601 eamque
1354 2559 1394 2591 et
1425 2555 1680 2601 pedestribus
1719 2559 1758 2592 et

260 2602 475 2639 navalibus
501 2603 628 2649 copiis
654 2603 930 2639 circumdedit.
982 2602 1061 2640 Sed
1089 2606 1128 2639 et
1147 2602 1316 2638 Mic-hae!
1343 2604 1498 2639 interea
1524 2608 1563 2639 et
1590 2603 1793 2639 classomo

260 2653 301 2685 et
326 2649 469 2686 milites
495 2654 814 2697 comparaverat,
847 2661 1025 2696 suosque
1056 2651 1193 2686 veihis
1224 2651 1458 2687 cohortatus
1490 2651 1673 2697 pluribus
1705 2662 1756 2687 ex
1772 2651 1818 2686 10

261 2697 386 2743 portis
420 2708 493 2733 rex
526 2697 577 2734 de
611 2698 830 2744 improviso
865 2699 1057 2744 impetum
1089 2699 1129 2734 in
1163 2699 1325 2744 tyranni
1365 2699 1503 2745 copias
1541 2699 1647 2735 feeit.
1697 2698 1813 2734 Illill

260 2755 358 2781 vero
391 2748 430 2781 et
462 2757 506 2782 re
538 2746 817 2792 inexspectata
850 2750 888 2782 et
920 2746 1093 2782 audacia
1126 2746 1300 2781 hostium
1331 2746 1458 2782 territi
1494 2750 1611 2791 terga
1639 2746 1756 2783 dede-

260 2796 365 2837 runt,
391 2793 608 2839 multisque
634 2795 761 2830 caesis
789 2795 958 2829 victoria
986 2805 1108 2839 penes
1134 2794 1314 2829 urbanos
1342 2794 1426 2829 fuit.
1478 2792 1536 2829 Ac
1565 2798 1673 2830 terra
1699 2795 1757 2830 sie
1771 2794 1816 2830 12

260 2843 394 2876 actum
433 2844 494 2877 est
531 2851 621 2876 cum
655 2841 862 2877 desertore
894 2842 1078 2887 marique
1112 2841 1235 2877 nihilo
1262 2841 1414 2877 melius.
1465 2841 1566 2878 Nam
1593 2842 1754 2887 tyranni
1772 2842 1816 2877 13

260 2898 399 2934 naves,
437 2898 528 2925 cum
560 2889 715 2936 regiam
749 2890 915 2925 classem
958 2894 1100 2926 contra
1131 2899 1175 2925 se
1205 2890 1266 2926 ire
1299 2889 1505 2933 vidissent,
1538 2900 1618 2926 non
1645 2890 1755 2926 resti-
