2054 3282
389 268 459 309 306
787 267 967 311 ZONAR.
995 272 1128 309 EPIT.
1155 270 1226 310 XV
1254 273 1308 319 14,
1337 268 1487 310 19—33'.

392 395 603 448 γυημένην
650 395 782 448 ἀνδρί,
832 394 1050 443 διαζεύξας
1095 395 1224 436 αὐτοῦ
1272 395 1475 449 ἅθέσμως
1521 401 1582 450 τῷ
1626 396 1883 452 Σταυρακίῳ

388 463 614 510 συνέζευξε.

328 535 375 569 20
508 530 785 584 Πανοπερμιά
835 530 879 571 δὲ
925 531 1196 585 παντοδαπῆς
1239 532 1390 577 κακίας
1433 530 1555 578 οὗτος
1597 533 1815 587 τυγχάνων
1858 535 1883 576 ὁ

387 599 662 652 αὐτοκράτωρ
704 599 754 639 οὐ
794 599 967 639 διέλιπεν
1007 599 1108 639 ἄλλα
1154 598 1216 640 ἐπ’
1257 600 1394 645 ἄλλοις
1436 601 1493 646 εἰς
1536 601 1756 655 συντριβὴν
1798 605 1883 644 τῶν

326 671 369 706 21
385 666 590 720 ὑπηκόων
621 667 927 720 ἒπινοούμενος.
991 667 1142 720 ὀλίγων
1175 665 1211 708 δ’
1246 668 1625 723 ἐπιμνησθήσομαι,
1669 669 1718 710 τὰ
1748 670 1918 712 πολλὰὸ

383 738 568 788 παρεῶν,
602 731 652 774 ἵν’
687 734 749 779 ὡς
780 735 827 775 ἐκ
858 735 1046 788 πλήρους
1076 735 1206 776 πίθου
1241 740 1372 789 γεῦμα
1400 740 1526 777 ταῦτα
1548 741 1632 783 τοῖς
1652 741 1702 792 τῇ
1725 738 1881 793 ἱστορίᾳ

113 806 309 841 ΡΙΙῙ23Λ
325 807 370 841 22
385 803 699 855 ἐντυγχάνουσιν
731 803 898 843 ἔσοιντο.
961 803 1255 857 στρατεύεσθαι
1286 803 1382 849 τοὺς
1414 805 1603 859 ἀπόρους
1633 806 1680 846 ἔκ
1701 809 1786 847 τῶν
1806 807 1879 848 θε-

382 870 530 923 μάτων
561 871 755 911 ἐθέσπισε
786 871 856 911 καὶ
887 870 1002 924 παρὰ
1034 875 1119 912 τῶν
1151 872 1394 926 ὁμοχώρων
1426 873 1532 914 ὅπλα
1564 890 1606 914 τε
1637 874 1777 920 αὐτοῖς
1807 891 1880 930 χο-

383 938 600 992 ρηγεῖσθαι
638 938 709 979 καὶ
751 939 1006 993 ἀναλώματα
1045 940 1116 981 καὶ
1153 940 1200 981 τὰ
1238 944 1323 982 τῶν
1355 941 1532 995 ἀπόρων
1561 942 1653 996 τέλη
1686 942 1782 989 τοὺς
1812 944 1930 985 εὗ-Ι)
1949 946 2006 982 ΙΙΙ
2019 947 2054 983 3“ι

323 1011 369 1046 23
382 1010 618 1060 ποροῦντας
650 1007 975 1061 εἰσπράττεσθαι,
1022 1009 1046 1049 ὃ
1078 1009 1354 1063 ἀλληλέγγυον
1386 1010 1636 1065 ὠνομάσθη.
1700 1011 1881 1058 ἐπόπτας
1896 1016 1942 1052 10

381 1075 680 1128 προύβάλλετο,
722 1076 988 1130 ἐπισκήπτων
1020 1077 1211 1124 ἕπαύξειν
1242 1081 1353 1131 σφᾶς
1384 1078 1432 1118 τὰ
1465 1079 1656 1133 δημόσια,
1700 1080 1879 1122 ἀπαιτεῖ-

382 1143 482 1183 σθαι
522 1143 567 1183 δὲ
606 1143 676 1183 καὶ
717 1144 822 1196 ὑπὲρ
854 1149 1118 1198 χαρτιατικοῦ
1151 1145 1215 1186 ἐπὶ
1246 1151 1307 1199 τῷ
1339 1147 1558 1200 νομίσματι
1590 1148 1668 1189 δύο
1699 1149 1878 1202 κεράτια.

323 1212 426 1252 24οἳ
458 1211 528 1252 καὶ
567 1211 614 1251 τὰ
653 1212 824 1265 κρείττω
862 1216 947 1253 τῶν
984 1213 1192 1267 ἀκινήτων
1231 1215 1278 1255 ἐκ
1309 1218 1394 1255 τῶν
1427 1215 1640 1257 δεσποτῶν
1671 1217 1877 1270 ἀφαιρού-

322 1285 368 1320 25
379 1296 497 1333 μενοι
540 1285 601 1333 τῷ
646 1280 838 1334 δημοσίῳ
882 1282 1114 1335 ἅφώριζον.
1188 1283 1336 1324 τούτου
1381 1283 1451 1324 καὶ
1489 1284 1514 1337 ἡ
1554 1288 1628 1325 τοῦ
1671 1289 1878 1326 καπνικοῧ

381 1348 562 1394 ἐπίθεσις
594 1349 776 1403 ἐννόημα
808 1350 1016 1403 κάκιστον,
1051 1351 1307 1405 ἐπαχθέντος
1336 1356 1421 1397 τοῖς
1448 1356 1533 1393 τῶν
1555 1353 1787 1407 ἐκκλησιῶν
1807 1354 1878 1395 καὶ
1895 1356 1938 1391 15

380 1417 600 1471 πτωχείων
628 1418 935 1472 γηρωκομείων
956 1435 997 1459 τε
1019 1419 1089 1459 καὶ
1109 1420 1404 1474 μοναστηρίων
1425 1421 1645 1474 παροίκοις
1665 1421 1736 1462 καὶ
1757 1422 1876 1463 παντὶ

379 1573 401 1608 3
426 1574 499 1612 οἵας
524 1574 667 1618 κερδῶν
691 1574 842 1614 ἐπινοίας
870 1575 1048 1620 (ἀφορμὰς
1067 1576 1110 1619 Ε)
1137 1575 1268 1611 ε’πενόει
1296 1577 1316 1611 ὁ
1339 1576 1502 1622 βασιλεὺς
1528 1579 1743 1623 Νικηφόρος
1765 1579 1785 1613 o‘
1806 1579 1875 1615 ἀπὸ

378 1626 531 1666 γενικῶν
563 1622 625 1658 OE

452 1752 471 1786 1
498 1751 607 1798 αὐτὴν
633 1751 668 1786 D
795 1752 818 1787 4
844 1753 1004 1799 διέλιπεν]
1033 1754 1121 1790 Noli
1149 1756 1331 1801 cogitare
1358 1755 1407 1791 de
1434 1755 1614 1801 διέλειπεν,
1642 1767 1678 1792 V.
1705 1757 1757 1792 ad
1782 1756 1875 1794 XIV

451 1800 507 1844 20,
534 1800 556 1834 9
669 1800 703 1835 5.
731 1801 752 1835 6
777 1801 983 1845 παραλιπὼν
1008 1801 1049 1837 τὰ
1073 1803 1183 1838 πολλὰ
1211 1803 1253 1845 O,
1281 1803 1319 1838 τὰ
1345 1804 1456 1838 πολλὰ
1480 1804 1687 1848 παραλιπὼν
1713 1804 1798 1850 W*p

451 1846 471 1882 7
498 1848 630 1882 ἔσοιντο
655 1847 702 1892 Α,
729 1849 866 1883 ἕποιντο
893 1849 934 1893 Ε,
962 1850 1075 1884 ἔσοιτο
1104 1850 1200 1896 pr
1378 1852 1400 1886 9
1425 1852 1643 1896 ἀποροῦντας
1668 1855 1798 1887 mutat
1824 1863 1874 1888 ex

449 1895 684 1939 εὐποροῦντας
710 1896 757 1941 D,
785 1906 885 1931 corr.
902 1896 969 1935 Dw
1069 1899 1113 1932 10
1138 1898 1362 1943 ἀλληλέγγιον
1390 1900 1475 1942 (Sic)
1501 1900 1534 1933 A
1634 1901 1672 1934 11
1701 1901 1875 1946 προυβάλ-

449 1943 527 1977 λετο
552 1942 693 1986 ARDi,
717 1944 956 1989 προύβάλλετο
981 1944 1109 1990 BSwp‚
1135 1947 1354 1991 προυβάλετο
1383 1946 1428 1990 D,
1457 1958 1492 1981 V.
1522 1947 1573 1982 ad
1600 1947 1672 1983 XV
1699 1948 1754 1990 12,
1784 1948 1826 1983 17

495 1991 657 2032 ἕπαύξειν
683 1996 776 2036 σφᾶς
802 1992 947 2037 Asswp,
985 1993 1198 2034 ε’παύξεσθαι
1226 1994 1456 2035 (ἕπαύξασθαι
1484 1995 1512 2029 B
1528 1994 1561 2036 P)
1587 1995 1671 2040 παρ’
1697 1995 1814 2030 αὐτῶν
1841 1995 1873 2031 Ο

497 2077 588 2119 post
612 2075 766 2119 δημόσια
792 2075 884 2110 add.
911 2075 989 2120 τέλη
1018 2075 1048 2111 O
1214 2077 1257 2111 1⁸2
1281 2057 1480 2122 χαρτιαῑέιοῢ
1507 2078 1548 2122 Ε,
1574 2083 1768 2123 χαρτιακοῦ
1797 2078 1826 2114 C

450 2120 494 2156 16
519 2124 782 2167 γηρωκομείων
807 2122 888 2167 AR,
914 2125 1162 2168 γηροκομείων
1189 2124 1393 2171 wapDz',
1421 2137 1457 2160 v.
1476 2125 1568 2161 XIV
1589 2127 1643 2171 ll,
1662 2126 1714 2161 14,
1742 2126 1874 2162 XVIII

448 2169 565 2215 24,.1,
603 2168 797 2215 Stephani
824 2171 922 2206 thes.
948 2172 1044 2217 ling.
1079 2182 1140 2218 gr.
1168 2172 1205 2207 II
1232 2184 1268 2218 p.
1295 2173 1366 2208 610
1381 2173 1428 2216 D,
1467 2173 1672 2219 Ducangii
1704 2174 1872 2220 glossar.

449 2217 554 2252 med.
581 2222 620 2252 et
646 2218 715 2253 inf.
742 2228 879 2264 graec.
908 2229 943 2264 p.
970 2219 1040 2254 248

315 2365 363 2401 20
495 2364 595 2402 Cum
615 2367 648 2402 is
667 2367 886 2413 imperator
904 2368 1079 2404 colluvio
1099 2368 1299 2414 quaedam
1319 2379 1367 2404 ac
1385 2370 1544 2404 sentina
1563 2370 1738 2405 omnium
1759 2370 1873 2406 vitio·

375 2423 464 2448 rum
491 2418 607 2457 esset,
634 2415 713 2449 alia
734 2418 858 2460 atque
876 2415 955 2450 alia
974 2416 1026 2451 ad
1045 2416 1248 2452 subiectos
1267 2417 1499 2452 atterendos
1527 2418 1772 2452 comminisci
1790 2428 1870 2452 non

315 2460 360 2496 21
377 2461 537 2506 destitit,
578 2472 748 2507 quorum
780 2463 983 2508 plerisque
1014 2464 1168 2499 omissis
1195 2474 1418 2509 paucorum
1445 2466 1686 2500 mentionem
1713 2466 1871 2509 faciam,

376 2513 541 2554 gustum
574 2513 730 2545 tantum
766 2514 969 2555 tamquam
1003 2511 1051 2546 de
1079 2511 1197 2556 pleno
1225 2511 1331 2547 dolio
1359 2512 1576 2547 lectoribus
1603 2513 1871 2557 praebiturus.

315 2556 362 2591 22
377 2556 522 2601 Inopes
549 2558 852 2602 provinciarum
877 2559 1048 2594 militare
1074 2559 1189 2593 iussit
1215 2559 1344 2604 iisque
1371 2569 1395 2593 a
1421 2559 1596 2594 finitimis
1622 2570 1734 2594 arma
1753 2563 1791 2595 et
1809 2561 1873 2595 sti-

376 2603 525 2648 pendia
555 2605 740 2649 praeberi
768 2608 807 2640 et
832 2606 996 2652 inopum
1025 2607 1242 2651 vectigaIIa
1269 2617 1292 2641 a
1318 2606 1586 2652 locupletibus
1614 2608 1735 2653 exigi,
1767 2618 1872 2652 quae

315 2650 363 2686 23
377 2652 609 2687 constitutio
633 2652 890 2698 allelengyon
917 2658 976 2688 est
1003 2653 1216 2699 appellata.
1268 2653 1521 2699 Designabat
1548 2658 1585 2690 et
1612 2655 1871 2700 inspectores,

378 2699 523 2742 quibus
549 2699 770 2744 mandavit,
807 2704 852 2735 ut
878 2696 1042 2746 publiea
1069 2701 1286 2746 vectigalia
1313 2705 1512 2747 augerent
1539 2706 1578 2737 et
1604 2713 1677 2747 pro
1705 2702 1872 2737 chartia-

315 2745 363 2779 24
377 2746 455 2780 tieo
494 2747 535 2780 in
573 2748 735 2792 singula
771 2749 1010 2783 nomismata
1049 2748 1144 2783 bina
1186 2749 1337 2784 ceratia
1381 2753 1604 2794 poscerent.
1654 2750 1713 2784 Illi
1752 2751 1872 2784 etiam

316 2792 363 2827 25
377 2793 525 2827 fundos
545 2795 716 2839 optimos
735 2792 919 2840 q'uosque
938 2795 1108 2831 dominis
1129 2800 1288 2841 ereptos
1308 2797 1403 2831 fisco
1423 2797 1700 2841 assignabant.
1742 2797 1872 2832 Huius

377 2841 585 2876 inventum
620 2843 836 2887 pessimum
869 2847 929 2878 est
962 2844 1082 2878 etiam
1115 2844 1271 2889 capniei
1303 2845 1504 2890 impositio
1537 2845 1720 2889 paroeeis
1750 2845 1872 2880 eccle-

377 2887 539 2932 siarum,
578 2891 927 2936 monasteriorum,
965 2901 1186 2937 earumque
1220 2891 1392 2935 aedium,
1432 2892 1473 2927 in
1506 2892 1652 2937 quibus
1685 2892 1749 2927 vel
1776 2902 1872 2938 pau-

377 2944 493 2982 peres
520 2936 584 2971 vel
612 2947 729 2973 senes
754 2938 979 2985 alebantur,
1018 2939 1198 2975 mandati
1225 2942 1264 2975 et
1291 2940 1419 2975 cuivis
1450 2949 1599 2984 eorum,
1639 2940 1706 2987 qui
1738 2949 1872 2988 neque
