1968 3302
383 186 788 240 CONSTANTIN'VS,
816 183 1094 238 CONSTANQ
1121 183 1491 231 CONSTANTIVS.
1644 185 1690 230 2'9

192 321 351 364 ἐκείνου
399 319 596 375 ῆρκότων
637 318 686 360 τὰ
731 319 830 374 ξίφη
874 318 946 360 καὶ
989 316 1319 372 διαχειρίσασθαι
1365 316 1493 359 αὐτὸν
1539 316 1688 371 ώρμη-
1704 317 1735 353 Β

191 391 344 433 κότων.

306 458 360 501 ‘O
380 457 671 502 Κωνστάντιος
704 455 749 497 δὲ
779 456 874 510 περὶ
904 455 978 510 τὴν
1008 454 1121 510 ἑῴαν
1153 455 1378 510 διατρίβων
1399 459 1483 500 τοῖς
1503 453 1691 509 Πέρσαις
1704 457 1749 493 17

0 528 381 582 511119οἐμάχετο,
420 526 641 579 Σαπώρου
679 529 752 565 τοῦ
785 525 949 572 ἔθνους,
989 525 1052 571 ὡς
1082 525 1248 579 εἴρηται,
1288 523 1597 579 βασιλεύοντος·
1643 524 1691 570 ὃς

6 595 19 598 ,.
156 596 348 650 5Ναρσῆ
377 595 455 649 μὲν
486 594 538 649 ἦν
569 594 671 647 υἱός,
705 594 756 634 οὐ
787 594 927 647 μέντοι
959 593 1004 642 ἐξ
1035 593 1241 647 ἐπισήμου
1268 592 1476 646 γυναικός.
1540 592 1587 633 ἐκ
1610 590 1690 646 γὰρ
1705 595 1751 630 18

191 670 264 720 τῆς
293 663 594 719 πρωτευούσης
624 666 708 703 τῶν
740 662 869 703 αὐτοῦ
902 665 1094 716 γαμετῶν
1114 666 1222 716 τρεῖς
1243 662 1431 716 ἐγένοντο
1452 666 1513 715 τῷ
1534 660 1691 716 Ναρσῇ

190 733 348 781 παῖδες,
395 732 679 786 Ἀὅαρνάρσης
716 731 787 772 καὶ
813 731 1049 785 Ὃρμίσόας
1080 731 1151 773 καὶ
1181 731 1314 785 τρίτος
1345 731 1494 784 ἕτερος.
1556 730 1689 771 τελευ-
1707 734 1751 769 19

191 804 390 858 τήσαντος
423 801 468 843 δὲ
498 799 679 855 Ναρσοῦ
711 800 735 841 ὁ
766 800 1048 858 πρεσβύτερος
1079 803 1164 841 τῶν
1195 803 1322 854 τριῶν
1353 799 1514 840 τούτων
1538 798 1690 854 Ἀὂαρ-

191 872 350 926 νάρσης
379 875 452 925 τῆς
483 870 617 924 ἀρχῆς
649 868 848 922 διάδοχος
879 868 1056 921 γέγονεν.
1120 867 1241 922 ὠμὸς
1273 867 1319 909 δὲ
1349 867 1440 909 λίαν
1472 867 1692 922 τυγχάνων
1705 873 1752 909 20

134 952 180 987 10
192 941 262 982 καὶ
294 939 457 994 ἀπηνὴς
487 938 716 980 κάντεῦθεν
746 937 1001 991 μισούμενος
1032 936 1112 978 ὕπὸ
1134 940 1220 977 τῶν
1240 935 1439 990 [Ῐερσῶν,
1470 940 1543 990 τῆς
1573 936 1691 990 βασι-

192 1009 302 1055 λείας
335 1009 615 1050 ἐκπέπτωκεν.

311 1077 521 1132 Εἷρήσθω
555 1076 601 1117 δέ
631 1092 666 1116 τι
697 1074 767 1117 καὶ
797 1079 870 1130 τῆς
901 1075 1061 1116 ἐκείνου
1094 1077 1310 1128 γνωμικῆς
1341 1073 1561 1128 ὠμότητος
1582 1074 1691 1128 γνώ-
1706 1080 1751 1116 21

193 1162 332 1202 ρισμα.
394 1146 527 1200 σκηνή
559 1161 659 1186 ποτε
690 1150 751 1199 τῷ
781 1143 906 1198 πατρὶ
937 1143 1066 1184 αὐτοῦ
1090 1142 1337 1197 διεκομίσθη
1361 1142 1408 1183 ἐκ
1432 1142 1694 1197 Βαβυλῶνος
1706 1151 1753 1187 22

195 1217 396 1270 δέρμασιν
442 1214 661 1269 ἐγχωρίοις
705 1213 1005 1266 ποικιλώτερον
1051 1212 1315 1266 εἰργασμένη.
1377 1211 1529 1265 ταύτην
1573 1211 1691 1252 ε’κτα-
1706 1221 1753 1256 23
1781 1219 1811 1257 C

137 1294 181 1330 15
194 1285 341 1326 θεῖσαν
379 1284 470 1338 ἄρτι
507 1283 728 1338 θεώμενος
766 1282 790 1323 ὁ
826 1280 1006 1335 Ναρσῆς
1051 1280 1243 1335 ἠρώτησε
1285 1279 1357 1320 τὸν
1389 1279 1693 1334 Ἂόαρνάρσην,

193 1353 360 1395 παιδίον
390 1354 446 1394 ἔτι
476 1352 744 1406 τυγχάνοντα,
777 1351 815 1392 εἶ
842 1350 1008 1404 ἀρέσκει
1039 1350 1157 1403 αὐτῷ
1188 1349 1213 1403 ἡ
1247 1349 1394 1403 σκηνή.
1458 1348 1483 1389 ὁ
1516 1348 1561 1390 δὲ
1593 1349 1693 1390 ᾶπε-
1708 1358 1754 1394 24

193 1422 375 1476 κρίνατο,
421 1422 459 1462 εἰ
493 1420 688 1475 κρατήσει
724 1423 797 1474 τῆς
834 1418 1055 1473 βασιλείας,
1100 1418 1272 1472 κρείττω
1315 1417 1467 1471 ταύτης
1509 1418 1695 1472 ποιήσειν

192 1491 239 1538 ἒξ
269 1491 518 1545 ἀνθρώπων
551 1489 690 1543 δορᾶς.
754 1489 866 1530 οὕτω
898 1487 1100 1542 νηπιόθεν
1130 1486 1318 1541 ἐνέφαινε
1348 1485 1423 1540 τὴν
1454 1486 1667 1541 ὠμότητα.

0 1558 25 1714 ἒ
194 1633 216 1669 5
240 1632 321 1679 περὶ
347 1637 407 1679 τῆς
432 1631 520 1678 πρὸς
545 1631 688 1678 Πέρσας
713 1631 831 1677 μάχης
859 1635 919 1666 τοῦ
945 1630 1204 1666 Κωνσταντίου.
1231 1629 1292 1664 καὶ
1315 1628 1395 1673 περὶ
1416 1629 1608 1674 Ὁρμίσὸου
1634 1633 1695 1665 τοῦ

193 1681 336 1727 Πέρσου
356 1680 386 1716 C
483 1680 505 1716 8
530 1681 610 1725 περὶ
623 1680 815 1725 Ὁρμίσὸου
833 1684 894 1714 τοῦ
911 1679 1057 1724 Πέρσου
1075 1677 1106 1712 Ε
1199 1678 1242 1713 18
1268 1679 1462 1723 σημείωσαι
1478 1677 1642 1723 ὠμότητα
1660 1677 1696 1713 Α

0 1714 22 1902 ἓ,
267 1823 285 1857 1
313 1821 353 1858 τὰ
378 1823 465 1868 ξίφη
492 1822 658 1867 ἦρκότων
683 1821 863 1866 (ᾐρκότων
891 1820 1005 1863 CDw)
1032 1819 1131 1866 pr
1307 1819 1329 1854 6
1355 1823 1533 1864 γυναικῶν
1559 1818 1694 1865 DEwp

15 1868 18 1886 ·’
313 1876 362 1915 τῷ
378 1881 451 1906 om.
466 1869 495 1906 C
560 1870 581 1904 ’ἴ
607 1869 830 1914 ἀδαρνάρσης
845 1869 885 1914 C,
911 1869 1112 1913 ἀὸαρνάσης
1127 1867 1173 1912 Ι),
1199 1867 1403 1912 ἀδανάρσης
1417 1866 1694 1913 ARwapDz',

0 1952 14 1966 ,Α
265 1929 302 1954 v.
319 1929 376 1953 vs.
391 1921 431 1975 ⁸2,
443 1918 497 1952 15.
540 1918 628 1952 Den
645 1916 842 1953 Hormizd
857 1917 1086 1952 ilberlebten
1101 1918 1127 1951 3
1140 1916 1273 1952 Siilme
1299 1926 1375 1951 von
1403 1914 1538 1950 sei‘ner
1563 1917 1695 1950 ersten

0 1974 18 2023 ᾗ·
266 1977 381 2011 Frau
396 1976 663 2011 Adharnarsc
687 2004 694 2011 .
715 2004 722 2011 .
743 2003 768 2020 .‚
812 1975 1009 2012 Hormizd
1036 1975 1123 2010 und
1149 1973 1214 2010 ein
1249 1975 1554 2021 Uwyevamzter:
1581 1974 1697 2010 Noel·

3 2026 8 2027 ⁷
266 2025 375 2060 dekii
407 2023 555 2059 Tabam·
581 2035 618 2070 p.
637 2025 679 2060 51
709 2035 801 2059 ann.
821 2025 843 2058 3
962 2024 1125 2069 ὁρμίξδας
1152 2023 1194 2065 Ε,
1222 2034 1258 2058 v.
1278 2026 1566 2069 argumentum
1591 2034 1647 2057 vs.
1663 2023 1696 2066 8,

266 2071 362 2107 XIII
388 2073 421 2116 5,
439 2072 496 2107 26.
515 2073 572 2107 30.
591 2072 646 2107 32.
677 2073 731 2116 13,
748 2072 769 2108 7
866 2072 888 2107 8
914 2070 1160 2117 πρεσβύτερος]
1190 2070 1250 2106 De
1274 2072 1551 2116 comparativo
1581 2081 1616 2105 v.
1644 2071 1697 2105 ad

267 2119 363 2155 XIII
390 2120 424 2164 3,
450 2120 472 2155 6
574 2120 796 2165 ἀὸαρνάρσης
823 2119 902 2164 CD,
928 2119 1128 2164 ἁδανάρσης
1154 2117 1421 2164 ARwapDi
1537 2118 1581 2153 14
1609 2122 1697 2165 post

266 2168 392 2213 ταύτην
418 2167 510 2203 add.
536 2167 599 2203 οὖν
626 2168 723 2214 pr
831 2167 874 2202 15
899 2167 1126 2212 ἀόαρνάρσην
1147 2166 1190 2211 O,
1216 2165 1697 2212 ddarriyovyvAEwapDi

266 2217 312 2252 18
337 2216 507 2262 ὑπέφαινε
534 2216 564 2251 Ε

315 2357 421 2393 Dum
447 2357 547 2393 haee
573 2361 775 2404 geruntur
803 2356 1062 2394 Constantius
1090 2357 1129 2392 in
1158 2355 1322 2392 Oriente
1349 2366 1439 2391 cum
1467 2355 1600 2392 Persis
1627 2356 1755 2402 pu-17

195 2406 360 2452 gnabat‚
389 2416 561 2452 quorum
588 2416 673 2449 rex,
700 2410 745 2441 ut
772 2405 921 2441 dietum
949 2409 1018 2449 cst,
1051 2408 1138 2440 erat
1165 2404 1304 2450 Sapor,
1345 2405 1413 2449 qui
1441 2407 1528 2439 erat
1554 2403 1696 2439 Narsei

195 2454 310 2498 filius,
349 2464 430 2489 non
458 2458 590 2489 tamen
618 2464 668 2489 ex
696 2454 818 2489 nobili
847 2454 1014 2488 muliere
1042 2456 1290 2498 procreatus.
1342 2451 1442 2487 Nam
1469 2451 1648 2488 Narseus
1674 2453 1756 2488 e18

197 2502 379 2548 principe
406 2512 536 2537 uxore
563 2506 644 2537 tres
672 2502 771 2536 lilios
797 2504 1043 2547 susceperat,
1072 2499 1346 2535 Adarnarsem
1376 2504 1415 2534 et
1439 2499 1696 2534 Hormisdam

198 2555 238 2585 et
264 2551 425 2584 tertium
453 2549 667 2594 quendam.
720 2549 922 2584 Defuncto
951 2553 1085 2584 autem
1114 2548 1266 2583 Narseo
1287 2547 1541 2582 Adai-narses
1567 2548 1696 2583 maior
1712 2548 1756 2583 19

198 2601 299 2632 natu
322 2599 427 2633 inter
453 2597 526 2632 hos
553 2601 633 2633 tres
660 2598 775 2643 regni
803 2607 1013 2632 successor
1040 2597 1180 2631 extitit.
1233 2595 1312 2631 Sed
1340 2595 1578 2631 crudelitate
1605 2605 1696 2631 eum
1710 2596 1758 2631 20

202 2649 306 2680 osset
331 2645 454 2680 nimia
481 2648 520 2680 et
546 2645 839 2680 inhumanitate
866 2645 1041 2689 indeque
1068 2644 1201 2678 Persis
1229 2643 1334 2686 odio,
1373 2653 1501 2689 regno
1534 2642 1695 2679 excidit.

321 2692 444 2729 Cuius
471 2693 719 2728 crudelitatis
746 2693 897 2738 dignae
924 2696 1147 2727 memoratu
1175 2691 1378 2737 specimen
1406 2690 1610 2736 quoddam
1638 2694 1698 2726 est
1710 2692 1756 2727 21

202 2741 462 2776 narrandum.
514 2740 749 2776 Tentorium
782 2740 1001 2786 aliquando
1036 2740 1139 2785 patri
1173 2740 1259 2774 eius
1290 2739 1453 2774 allatum
1482 2742 1542 2774 est
1567 2738 1757 2785 Baby-22

202 2789 294 2824 lone
320 2789 492 2835 pellibus
520 2789 638 2823 liuius
665 2792 798 2823 terrae
825 2789 921 2823 satis
949 2789 1061 2822 varie
1089 2791 1286 2822 ornatum.
1338 2787 1455 2828 Quod
1483 2786 1602 2822 modo
1631 2796 1697 2822 ex·
1710 2786 1756 2823 23

202 2841 359 2872 tensum
392 2846 482 2872 cum
508 2835 686 2872 Narseus
722 2837 1074 2882 contemplaretur,
1114 2836 1276 2881 rogavit
1302 2833 1588 2878 Adarnarsem‚
1628 2844 1696 2880 pu-

201 2895 314 2920 erum
342 2885 486 2928 adhuc,
525 2895 620 2920 num
647 2885 825 2932 placeret
852 2886 888 2919 ei
920 2884 1147 2919 tentorium.
1198 2882 1300 2918 Tum
1328 2882 1392 2919 ille
1419 2882 1627 2929 respondit
1653 2893 1696 2918 se
1710 2882 1755 2921 24
