1968 3302
292 256 362 296 114
689 254 872 297 ZONAR.
898 254 1031 295 EPIT.
1058 254 1155 294 XIII
1181 254 1238 304 24,
1265 252 1395 294 8—24.

292 382 527 437 ναξάμενος
559 380 680 423 ἀετὸν
713 381 795 435 ὁρᾷ
828 380 1223 434 διαπεπετασμέναις
1253 383 1340 426 ταῖς
1369 380 1538 436 πτέρυξι
1568 382 1793 424 κατασκιά-
1843 412 1851 421 ,

290 451 413 499 ζοντα
452 450 524 492 τὸν
555 449 807 504 Μαρκιανόν
845 449 916 490 καὶ
952 448 1023 490 τὸν
1059 449 1106 490 ἐκ
1145 453 1218 503 τῆς
1256 449 1431 504 ἡλιακῆς
1467 450 1631 497 ἀκτῖνος
1667 451 1794 506 ἀφαι-

254 525 276 560 9
291 519 500 573 ρούμενον
522 519 739 560 καύσωνα.
793 517 1023 571 θαυμάσας
1045 516 1121 558 οὗν
1142 517 1280 572 ἠρέμα
1304 517 1499 567 ὁιυπνίζει
1519 518 1590 560 τὸν
1612 519 1796 574 ἀδελφὸν

229 593 276 629 10
289 587 360 629 καὶ
400 587 446 628 τὸ
483 587 629 629 καινὸν
670 586 952 627 ὑποδείκνυσι·
997 586 1191 632 κάκεῖνος
1230 584 1306 627 οὗν
1346 586 1636 642 ἐξεπέπληκτο.
1700 588 1793 630 360-

291 656 418 710 ξάτην
449 655 526 697 οὖν
557 655 628 696 καὶ
659 655 795 709 ἄμφω
826 654 887 696 τὼ
919 655 1047 708 ἄνδρε
1077 655 1286 709 βασιλείας
1317 654 1418 696 εἶναι
1455 655 1710 710 σημαντικὸν
1746 656 1830 699 τό5

229 731 273 766 11
289 724 373 766 ὑπὸ
416 728 490 765 τοῦ
535 724 657 764 ἀετοῦ
697 722 867 777 γεγονὸς
905 724 961 769 εἷς
999 722 1266 778 Μαρκιανόν,
1315 723 1386 765 καὶ
1431 725 1678 780 ὃιεγερθέντι
1720 730 1794 768 τοῦ

287 793 423 834 ὕπνου
456 792 574 846 αὐτῷ
612 791 687 846 τὴν
724 792 934 846 βασιλείαν
977 792 1396 846 προκαταγγέλλουσι,
1441 793 1511 834 καὶ
1553 795 1794 849 μεμνῆσθαι

289 861 430 902 αὐτῶν
462 861 647 908 ἀξιοῦσιν
678 860 745 902 ὅτε
775 860 955 908 τεύξεται
986 865 1058 915 τῆς
1090 861 1242 915 ἀρχῆς·
1277 861 1346 902 καὶ
1378 861 1517 908 δόντες
1538 862 1655 916 αὐτῷ
1675 863 1792 918 νομί-

229 937 274 972 12
289 945 425 984 σματα
461 929 651 970 διακόσια
685 930 847 971 ἀπιέναι
879 929 1062 984 ἀφῆκαν.
1126 928 1251 975 αὖθις
1283 928 1359 971 οὗν
1381 929 1456 971 σὺν
1468 930 1648 985 ’Ἀσπαρι
1669 946 1792 986 στρα-

287 999 511 1053 τευόμενος
533 998 639 1040 κατὰ
663 997 927 1053 Οὗανόήλων
955 998 1142 1052 πόλεμον
1174 999 1388 1053 ἀραμένῳ,
1422 999 1688 1054 αἰχμάλωτος
1718 999 1843 1042 σὺνΙ)
1862 1006 1920 1042 III

242 1074 272 1109 B
289 1068 442 1121 ἑτέροις
478 1067 679 1113 πλείστοις
716 1067 935 1121 ἑαλωκώς,
981 1067 1024 1108 ἒν
1064 1067 1171 1122 αὗλῇ
1208 1083 1281 1108 τινι
1311 1067 1414 1121 μετὰ
1446 1071 1531 1108 τῶν
1563 1084 1792 1123 συναιχμα-

228 1144 274 1179 13
287 1136 437 1178 λώτων
473 1136 757 1190 πεφρούρητο.
821 1136 992 1177 ἄνωθεν
1032 1135 1076 1177 δὲ
1116 1136 1140 1177 ὁ
1179 1139 1264 1177 τῶν
1302 1135 1564 1191 Ούανὸήλων
1607 1136 1794 1191 ἀρχηγὸς

229 1213 274 1247 14
287 1205 520 1259 προκύψας
551 1205 771 1246 ἐπεσκόπει
801 1204 898 1250 τοὺς
930 1205 1237 1260 αἰχμαλώτους,
1270 1205 1341 1246 καὶ
1373 1206 1455 1259 ὁρᾷ
1486 1206 1678 1252 κάκεῖνος
1702 1222 1791 1248 κοι-

286 1274 490 1328 μώμενον
521 1273 593 1315 τὸν
623 1273 890 1326 Μαρκιανόν,
935 1273 1006 1314 καὶ
1037 1272 1157 1315 ἀετὸν
1189 1274 1359 1315 ἄνωθεν
1391 1275 1519 1315 αὐτοῦ
1553 1274 1793 1329 ὃιηρμέναις

229 1350 274 1386 15
287 1346 375 1388 ταῖς
405 1342 573 1396 πτέρυξι
605 1341 725 1383 σκιὰν
757 1342 874 1396 αὐτῷ
906 1342 1201 1396 ἐργαζόμενον.
1264 1343 1458 1388 κάκεῖνος
1478 1343 1614 1384 τοίνυν
1635 1344 1692 1389 εἰς
1712 1344 1790 1398 βα-
1806 1351 1851 1387 15

287 1411 438 1452 σιλείαν
474 1411 613 1452 τείνειν
649 1411 696 1452 τὸ
735 1411 878 1465 ὅραμα
917 1411 1137 1452 οἰωνίσατο
1180 1411 1251 1452 καὶ
1293 1412 1678 1466 μεταπεμψάμενος
1720 1411 1792 1453 τὸν

287 1479 543 1534 Μαρκιανὸν
574 1473 783 1534 ἀπῄτησεν
815 1479 955 1534 αὐτόν,
989 1481 1027 1521 εἶ
1053 1479 1317 1534 βασιλεύσειε,
1349 1480 1408 1534 μὴ
1435 1480 1629 1534 πολεμεῖν
1651 1479 1789 1522 Οὒαν-

193 1585 200 1594 .
228 1557 273 1595 17
288 1548 446 1604 δήλοις·
479 1552 553 1590 τοῦ
587 1548 632 1590 δὲ
664 1548 926 1603 συνθεμένου
959 1548 1162 1590 ἀπέλυσεν
1193 1548 1320 1591 αὐτὸν
1345 1553 1417 1603 τῆς
1439 1549 1614 1603 εἱρκτῆς.
1678 1549 1790 1590 οὕτω

284 1616 363 1672 μὲν
395 1615 471 1659 οὗν
501 1617 587 1672 πρὸ
617 1621 789 1672 μακροῦ
821 1617 895 1672 τὴν
919 1617 1128 1672 βασιλείαν
1156 1617 1273 1671 αὐτῷ
1294 1618 1600 1672 προεσήμαινεν
1622 1617 1646 1659 ὁ
1669 1617 1789 1663 θεός·

227 1695 273 1732 18
285 1685 374 1728 τότε
407 1683 444 1728 δ’
478 1686 536 1733 εἷς
567 1686 691 1741 ἔργον
723 1686 977 1742 ἕκβεβήκασι
1008 1685 1057 1727 τὰ
1089 1686 1473 1741 προσημαινόμενα.
1535 1685 1607 1728 καὶ
1643 1686 1789 1728 αὐτίκα
1804 1694 1852 1730 20

357 1839 380 1876 2
405 1840 670 1887 ἀφαιρούμενον
695 1839 775 1886 ΑΕ,
814 1840 1008 1876 κολούοντα
1033 1840 1078 1884 B,
1117 1840 1303 1877 κωλύοντα
1328 1840 1410 1886 RW,
1449 1841 1641 1876 κωλύονπα
1668 1839 1717 1886 p*

357 1889 380 1924 3
406 1890 565 1930 διύπνιζε
590 1889 622 1924 Ε
744 1889 767 1924 8
792 1888 923 1934 αὐτῶν]
951 1889 1058 1924 αὐτὸν
1083 1887 1151 1925 OD
1265 1889 1298 1924 8.
1326 1889 1348 1924 9
1374 1889 1578 1927 διακοσίους
1602 1889 1790 1934 χρυσίνους

358 1936 503 1983 Cpr,
530 1938 756 1982 τριακοσίους
772 1938 960 1982 χρυσίνους
978 1936 1010 1971 Β
1098 1937 1119 1972 9
1145 1935 1208 1972 οὖν
1222 1935 1268 1981 A,
1295 1936 1334 1971 δὲ
1347 1936 1445 1982 pr
1534 1937 1579 1971 10
1603 1937 1790 1981 ἀραμένων

357 1984 439 2029 EW,
465 1986 689 2020 inferentes
720 1986 788 2021 Πό
815 1985 882 2020 lat.
1006 1984 1051 2019 12
1077 1985 1201 2029 ἄρχων
1227 1985 1258 2019 Ε
1381 1984 1426 2019 ]3
1450 1985 1665 2028 προκύπτων
1691 1983 1788 2030 pr

358 2032 404 2067 14
429 2033 537 2068 αὐτοῦ
565 2043 640 2068 om.
658 2032 756 2078 pr
856 2032 901 2067 15
927 2032 1140 2068 κᾶκεῖνονΕ
1227 2033 1272 2067 16
1299 2033 1417 2067 τείνειν
1445 2043 1519 2067 om.
1535 2032 1570 2067 D
1658 2032 1703 2067 18
1728 2039 1789 2067 τοῦ

358 2079 398 2116 δὲ
423 2081 641 2126 συνθεμένου
667 2079 748 2125 AE,
775 2080 836 2116 καὶ
861 2081 1075 2126 συνθέμενον
1102 2080 1199 2126 pr
1299 2080 1343 2115 19
1373 2080 1468 2115 αὐτῶ
1494 2083 1584 2126 post
1609 2080 1673 2115 οὖν
1700 2080 1730 2114 Ε

284 2234 425 2261 somno
457 2234 556 2261 vero
590 2235 690 2271 prae
724 2225 868 2261 ceteris
901 2224 1100 2260 Tatianus
1134 2224 1335 2260 excitatus
1367 2223 1544 2269 aquilam
1578 2223 1691 2260 videt
1724 2233 1791 2260 ex-

284 2274 423 2319 pansis
455 2273 529 2309 alis
560 2273 747 2309 umbram
779 2273 1044 2319 praebentem
1069 2271 1276 2308 Marciano
1310 2274 1349 2307 et
1380 2272 1474 2307 solis
1499 2271 1704 2309 tollentem
1730 2282 1790 2306 ar-

248 2321 436 2359 edorem.
493 2320 729 2356 Admiratus
760 2322 886 2367 igitur
917 2321 1061 2356 leniter
1104 2320 1386 2366 expergefacit
1423 2320 1590 2355 fratrem
1629 2322 1669 2355 et
1704 2329 1789 2355 rem

225 2372 271 2407 10
285 2379 436 2405 novam
464 2369 650 2413 ostendit,
686 2370 743 2404 ita
769 2373 813 2404 ut
839 2369 906 2404 ille
932 2378 1096 2414 quoque
1122 2372 1278 2404 terrore
1303 2370 1596 2413 percuteretur.
1646 2366 1790 2412 Itaque

283 2419 458 2462 uterque
482 2419 596 2452 ratus
621 2417 681 2462 iis,
718 2427 824 2462 quae
850 2416 987 2462 aquila
1013 2417 1174 2452 fecisset
1199 2415 1418 2460 Marciano,
1456 2415 1641 2461 portendi
1667 2415 1789 2460 impe·

226 2467 270 2503 11
284 2465 400 2509 rium,
427 2465 719 2511 praenuntiant
753 2465 790 2500 ei
816 2475 838 2500 e
864 2475 1004 2500 somno
1037 2465 1214 2499 excitato
1241 2473 1414 2509 regnum
1441 2466 1480 2498 et
1513 2465 1707 2508 petentes,
1743 2466 1789 2498 ut

285 2513 346 2548 sui
373 2523 527 2548 memor
553 2516 660 2548 esset
683 2522 819 2548 rerum
850 2513 1012 2558 potituS,
1041 2512 1146 2546 datis
1170 2512 1302 2546 numis
1328 2510 1512 2545 ducentis
1539 2511 1787 2547 dimiserunt.

226 2563 271 2598 12
287 2559 432 2596 Denuo
460 2571 550 2595 cum
585 2561 660 2595 sub
688 2559 845 2606 Aspare
872 2559 1065 2595 Vandalis
1091 2559 1240 2594 bellum
1272 2558 1473 2593 inferente
1514 2560 1657 2603 captus
1697 2567 1787 2593 cum

285 2608 374 2643 aliis
412 2608 594 2653 plurimis
631 2609 673 2643 in
711 2607 806 2642 aula
845 2607 1022 2653 quadam
1055 2617 1146 2642 cum
1179 2607 1267 2642 aliis
1300 2607 1470 2652 captivis
1503 2605 1786 2649 custodiretur,

226 2657 271 2692 13
286 2656 406 2691 etiam
420 2655 696 2692 Vandalorum
716 2655 801 2690 dux
821 2655 995 2700 desuper
1013 2665 1056 2690 se
1075 2654 1288 2690 demittens
1308 2654 1573 2699 captivosque
1598 2656 1786 2698 spectans

226 2705 272 2740 14
286 2703 396 2738 videt
415 2703 592 2748 aquilam
612 2703 787 2738 diductis
806 2703 879 2738 alis
897 2702 1083 2738 umbram
1101 2703 1317 2737 facientem
1335 2701 1540 2736 Marciano
1560 2701 1785 2736 dormienti.

226 2753 271 2788 15
285 2749 354 2786 Ille
380 2751 506 2796 igitur
532 2751 585 2786 ad
609 2761 782 2797 regnum
808 2751 1012 2796 pertinere
1039 2750 1259 2795 augurium
1283 2749 1517 2794 auspicatus
1535 2748 1786 2783 Marcianum

226 2800 271 2836 16
285 2799 496 2834 arcessivit
522 2802 562 2834 et
588 2809 680 2834 cum
707 2801 850 2845 pactus
876 2801 993 2842 esset,
1020 2807 1073 2833 ne
1098 2797 1163 2832 ille
1190 2807 1262 2832 rex
1290 2797 1422 2831 factus
1448 2796 1596 2831 bellum
1621 2799 1786 2841 gereret

226 2848 270 2884 17
285 2855 376 2881 cum
401 2845 605 2891 Vandalis,
645 2857 667 2882 e
694 2846 878 2882 custodia
905 2845 1063 2881 dimisit.
1113 2844 1174 2880 Ita
1205 2845 1331 2890 igitur
1364 2846 1458 2879 ante
1490 2843 1660 2878 multum
1691 2846 1786 2879 tem·

285 2894 395 2941 poris
432 2903 561 2939 regno
602 2894 796 2930 divinitus
827 2893 1125 2941 praenuntiato,
1165 2894 1251 2928 tum
1287 2892 1463 2938 auguria
1494 2901 1539 2927 re
1570 2891 1658 2937 ipsa
1691 2893 1787 2927 sunt

225 2943 272 2984 18
286 2942 559 2991 comprobata.
610 2941 744 2990 Atque
771 2942 906 2981 statim
931 2941 1133 2979 arcessitis
1158 2939 1353 2977 fratribus
1379 2939 1616 2987 hospitibus,
1643 2939 1713 2987 qui
1735 2938 1785 2978 de
