2054 3282
1968 0 2054 235 Ἰ

2036 159 2038 167 ,

2041 236 2052 251 ,Ι

365 228 435 266 284
757 226 938 264 ZONAR.
965 226 1095 263 EPIT.
1122 224 1194 262 XV
1219 224 1252 269 9,
1279 223 1406 269 7-10,
1434 222 1466 260 7.

330 350 642 405 8πεποιηκότος
673 350 812 405 εὐχήν.
874 346 1127 403 τεθνηκότος
1157 347 1202 388 δὲ
1221 350 1295 387 τοῦ
1317 345 1576 401 πατριάρχου
1598 345 1763 402 Νικήτα
1784 351 1858 390 τοῦ

366 420 575 474 ἓκτομίου,
609 421 655 465 ὃς
686 419 738 473 ἦν
768 417 1055 471 προεδρεύσας
1080 421 1152 470 τῆς
1174 414 1659 462 Κωνσταντινουπόλεως
1680 417 1747 471 ἔτη
1769 432 1857 459 τεσ-

366 489 682 543 σαρεσκαίδεκα,
730 490 1017 541 χειροτονεῖται
1063 484 1322 539 πατριάρχης
1365 483 1540 530 Παῦλος
1584 484 1608 525 ὁ
1652 485 1858 540 Κύπριος,

366 557 633 611 ᾶναγνώστης
666 557 727 597 ὢν
759 555 829 596 καὶ
860 554 1110 608 ὀρθόδοξος.

329 626 351 662 9
484 625 642 679 Εὑρὼν
681 625 727 665 δέ
761 638 871 669 τινας
907 626 992 663 τῶν
1025 622 1242 676 ἐπισήμων
1273 625 1347 663 τοῦ
1378 622 1579 663 παλατίου
1609 626 1697 669 ταῖς
1727 618 1895 671 θείαιςὸ

365 693 492 735 εἰκόσι
535 693 818 746 προσκύνησιν
863 692 1162 745 ἀπονέμοντας,
1206 690 1280 745 τὴν
1324 691 1549 746 ἀλωπεκῆν
1589 691 1751 739 ἀποδὺς
1787 691 1859 735 τὸν

365 762 477 807 ἒντὸς
508 760 798 815 κρυπτόμενον
830 759 1100 814 ἕδημοσίευσε
1131 759 1273 801 λέοντα
1299 759 1495 813 ὠμότατά
1517 775 1559 800 τε
1580 760 1732 807 αὐτοὺς
1754 762 1858 803 αι’κι-

364 830 544 884 σάμενος
575 829 646 870 καὶ
679 827 744 870 διὰ
773 833 845 883 τῆς
867 829 1025 882 ἀγορᾶς
1047 829 1090 869 ἓν
1113 828 1247 882 ἀτίμῳ
1268 833 1420 883 πομπῇ
1440 829 1721 883 περιαγαγών,
1753 830 1858 884 πρό-

363 914 482 951 τερον
512 898 704 951 ψιλώσας
735 896 887 943 αὐτοὺς
917 900 1002 938 τῶν
1038 900 1204 951 τριχῶν,
1251 897 1387 943 οὕτως
1426 898 1482 943 εἷς
1520 897 1566 938 τὸ
1604 898 1860 952 πραιτώριον

321 966 604 1019 Οέναπέθετο,
643 966 751 1007 ὅπου
783 966 885 1012 τινὲς
917 967 1058 1007 αὐτῶν
1088 964 1159 1006 καὶ
1189 964 1264 1019 τὴν
1295 965 1439 1020 ψυχὴν
1469 971 1531 1019 τῷ
1562 966 1698 1020 κυρίῳ
1729 967 1858 1021 παρέ-
1875 962 1920 998 10

306 1035 352 1071 10
364 1035 501 1076 θεντο.
564 1035 753 1089 πέμπτον
786 1034 822 1075 δ’
856 1034 1012 1081 ἀνύσας
1045 1039 1117 1089 τῆς
1138 1035 1364 1088 αὗταρχίας
1386 1034 1572 1076 ἐνιαυτὸν
1594 1035 1858 1090 ἐτελεύτησεν.
1873 1033 1909 1068 D
1927 1033 1985 1069 ῙῙῙ
1999 1033 2054 1070 35⁶2

306 1104 348 1139 11
364 1103 557 1156 ἐρασθεὶς
589 1103 668 1157 γὰρ
699 1107 772 1144 τοῦ
805 1103 1049 1157 στέμματος,
1082 1103 1186 1157 ὅπερ
1212 1103 1236 1143 0e
1258 1102 1499 1157 Μαυρίκιος
1529 1109 1591 1157 τῷ
1620 1104 1714 1158 θεῷ
1745 1104 1789 1145 ἐν
1808 1108 1859 1159 τῇ

362 1173 520 1227 μεγάλῃ
566 1172 763 1226 ἐκκλησίᾳ
805 1173 994 1226 ἀνέθετο,
1039 1171 1109 1213 καὶ
1152 1175 1274 1213 τοῦτο
1318 1171 1463 1226 λαβὼν
1501 1172 1572 1213 καὶ
1607 1176 1658 1227 τῇ
1693 1173 1858 1228 κεφαλῇ

361 1242 638 1296 περιθέμενος
659 1240 788 1287 εὕθὺς
810 1241 976 1296 ἐλήφθη
1001 1241 1182 1296 σφοδρῷ
1202 1245 1384 1295 πυρετῷ,
1408 1240 1479 1282 καὶ
1501 1239 1624 1288 οὗτος
1646 1239 1772 1282 αὐτὸν
1787 1245 1860 1296 τῆς

364 1311 478 1366 ζωῆς
509 1311 755 1365 ὑπεξήγαγε.
1874 1306 1918 1343 15

365 1464 383 1498 1
410 1464 489 1509 περὶ
513 1469 743 1509 πατριαρχῶν
770 1464 832 1500 ΟΕ
960 1465 982 1500 5
1008 1466 1058 1499 ὅτι
1086 1464 1142 1500 διὰ
1168 1464 1226 1503 τὰς
1251 1465 1349 1510 ἁγίας
1375 1465 1514 1503 εἰκόνας
1539 1465 1560 1499 0‘
1582 1465 1688 1500 Λέων
1713 1464 1861 1500 ἒκόλασὲ

363 1525 457 1552 τινας
476 1515 582 1554 (τινας
600 1516 690 1558 post
708 1513 787 1559 ἀρχ.
807 1513 852 1557 Ε)
871 1517 942 1548 τῶν
960 1512 1142 1558 ἀρχόντων
1161 1511 1223 1548 ΟΕ
1323 1512 1364 1547 11
1392 1512 1531 1558 τελευτὴ
1550 1518 1610 1548 τοῦ
1628 1512 1778 1552 Λέοντος
1797 1512 1860 1549 ΟΕ

435 1655 457 1691 2
485 1654 642 1701 Ικτομίου
670 1655 698 1692 Ο
796 1657 838 1701 ἣν
861 1656 896 1690 D
994 1655 1320 1701 τεσσαρεσκαίδεκα]
1348 1667 1385 1690 V.
1413 1656 1466 1691 ad
1492 1667 1527 1700 p.
1550 1656 1607 1700 97,
1634 1657 1656 1692 8
1752 1656 1774 1692 5
1799 1662 1860 1692 τοῦ

434 1705 600 1740 παλατίου
624 1703 768 1750 AEwp,
795 1705 832 1739 ἒν
853 1710 922 1743 τοῖς
941 1705 1125 1750 βασιλείοις
1144 1704 1174 1739 O
1272 1705 1292 1738 ὁ
1315 1704 1404 1739 λέων
1430 1704 1521 1738 add.
1549 1706 1643 1740 ante
1667 1704 1704 1739 ἔν
1728 1710 1800 1744 τοῖς
1823 1706 1856 1751 β.

436 1751 478 1796 Β,
506 1755 594 1797 post
613 1752 649 1787 ἓν
667 1758 738 1791 τοῖς
754 1754 788 1798 β
808 1752 887 1796 CD,
914 1758 1005 1797 post
1029 1753 1196 1788 παλατίου
1223 1751 1308 1797 W*p
1407 1752 1429 1786 6
1454 1752 1619 1796 νέμοντας
1637 1752 1668 1787 Ε
1765 1752 1858 1787 ἀλω-

433 1799 548 1844 πεκὴν
573 1799 720 1845 Apr,
749 1810 850 1835 corr.
876 1799 933 1835 ‚Di
1037 1800 1170 1838 ἀποδῢς
1199 1798 1281 1845 wssp
1309 1800 1445 1834 invitis
1471 1798 1541 1834 AR
1650 1800 1672 1835 7
1698 1799 1860 1842 ὧμότατά

435 1862 470 1882 τε
489 1847 568 1892 AR,
591 1847 749 1892 ὠμότατε
766 1847 834 1892 W*,
861 1847 970 1883 unde
989 1848 1150 1892 ὠμότατοι
1168 1846 1216 1893 p*
1316 1848 1362 1882 10
1385 1847 1647 1892 ε’γκατὲκλεισεν
1668 1846 1775 1883 OWO
1793 1848 1859 1883 lat.

483 1895 545 1941 τὴν
571 1895 695 1941 ψυχὴν
721 1901 770 1940 τῷ
797 1896 912 1940 κυρίῳ
939 1894 1084 1940 AEwp,
1112 1895 1171 1933 τὰς
1196 1894 1315 1940 ψυχὰς
1341 1896 1390 1934 εἷς
1418 1901 1538 1939 χεῖρας
1565 1895 1698 1940 (χείρας
1722 1894 1773 1936 D)
1800 1901 1860 1931 τοῦ

436 1944 526 1983 (om.
542 1943 593 1987 D)
613 1944 740 1988 κυρίου
760 1942 791 1978 Ο
815 1944 883 1979 WO
901 1943 965 1978 lat.
1067 1944 1109 1977 ll
1128 1943 1247 1978 ἀνύων
1267 1942 1298 1978 O
1395 1942 1584 1987 ἅρταρχίας
1604 1943 1634 1977 Ε
1733 1943 1779 1978 12
1796 1957 1861 1988 μα-

434 1992 572 2036 βρίκιος
591 1991 622 2025 Ε
718 1996 769 2035 τῷ·
795 1991 872 2035 θεῷ
898 2002 971 2026 om.
991 1991 1100 2036 pr,
1129 2001 1165 2025 v.
1195 2001 1285 2025 ann.
1313 2001 1424 2035 sequ.
1524 1991 1579 2025 12.
1607 1991 1651 2026 13
1675 1991 1712 2026 ἓν
1737 1996 1780 2035 τῇ
1802 2005 1861 2036 με-

435 2039 521 2084 γάλῃ
549 2039 719 2083 ἐκκλησίᾳ
745 2039 887 2073 ἀνέθετο
913 2037 1057 2083 AEwp,
1098 2039 1135 2072 ἐν
1166 2044 1208 2082 τῇ
1238 2038 1371 2083 μεγάλῃ
1404 2038 1576 2083 ἐκκλησίᾳ
1613 2038 1795 2083 (ἐκκλησία
1820 2044 1862 2084 τῆ

433 2086 566 2131 μεγάλη
594 2086 645 2130 D)
673 2086 889 2131 προςὲφερεν
915 2086 1082 2130 ἀνάθημα
1109 2085 1237 2130 (οἰναθίι
1264 2086 1307 2128 Β)
1335 2091 1385 2130 τῷ
1409 2087 1485 2130 θεῷ
1505 2086 1535 2121 O
1635 2086 1679 2121 13
1697 2089 1787 2131 post
1803 2087 1861 2122 λα·

434 2133 511 2179 βὼν
537 2133 628 2168 add.
653 2134 792 2169 ἐκεῖθεν
818 2133 885 2170 CD
985 2134 1030 2168 14
1055 2135 1169 2173 οὕτως
1196 2133 1227 2169 Ο
1326 2133 1372 2169 15
1396 2134 1587 2179 ἕπεξήγαγε
1613 2134 1709 2180 Ewp

366 2286 405 2318 et
430 2284 471 2318 in
496 2284 585 2329 ipsa
611 2284 814 2329 paschatis
842 2283 1043 2319 dominica
1069 2283 1192 2318 filium
1220 2293 1338 2318 suum
1365 2293 1515 2318 corona
1542 2283 1713 2327 ornavit,
1750 2283 1863 2318 solle-

329 2327 525 2366 Smnibus
552 2332 741 2377 precibus
760 2342 784 2366 a
802 2332 1032 2377 patriarcha
1052 2331 1236 2376 peractis.
1287 2330 1513 2376 Nicephoro
1541 2331 1772 2375 patriarcha
1799 2341 1862 2365 ca-

366 2381 491 2414 strato
507 2382 678 2421 mortuo,
706 2390 796 2414 eum
817 2380 1012 2414 ecclesiae
1028 2379 1263 2424 Cpolitanae
1290 2389 1362 2423 per
1388 2388 1516 2413 annos
1536 2378 1861 2422 quattuordecim

365 2427 620 2471 praefuisset,
646 2427 797 2462 Paulus
819 2426 991 2473 Cyprius
1018 2426 1248 2472 patriarcha
1275 2426 1448 2471 eligitur,
1475 2426 1543 2471 qui
1569 2426 1695 2461 lector
1721 2426 1796 2460 fuit
1822 2428 1862 2460 et

367 2473 630 2509 orthodoxus.

330 2517 352 2552 9
485 2521 582 2557 Cum
610 2525 744 2557 autem
764 2532 951 2567 proceres
970 2521 1166 2567 quosdam
1193 2521 1345 2555 aulicos
1371 2520 1529 2555 divinas
1544 2521 1742 2565 imagines
1769 2520 1862 2556 ado-

366 2571 502 2604 rantes
515 2569 855 2614 deprehendisset,
886 2572 1010 2605 exuta
1037 2569 1203 2614 vulpina
1230 2568 1332 2613 pelle
1358 2568 1581 2602 latitantem
1608 2569 1682 2602 sub
1710 2578 1757 2603 eo
1784 2568 1862 2602 leo-

366 2626 457 2650 nem
483 2617 524 2650 in
562 2620 747 2662 apertum
779 2617 945 2662 protulit
978 2627 1130 2662 eosque
1157 2615 1429 2651 crudelissime
1456 2616 1711 2650 excruciatos
1749 2616 1862 2660 igno·

367 2664 619 2708 miniosoque
645 2665 876 2710 spectaculo
912 2675 984 2709 per
1010 2665 1141 2699 forum
1171 2663 1477 2705 circumductos,
1519 2673 1609 2697 cum
1636 2664 1746 2707 prius
1773 2663 1862 2708 pilis

367 2711 572 2753 nudasset,
599 2713 640 2746 in
667 2713 870 2757 praetorio
906 2712 1103 2757 deposuit,
1142 2711 1213 2746 ubi
1241 2721 1379 2745 eorum
1405 2710 1568 2754 quidam
1595 2711 1768 2745 animam
1797 2710 1863 2745 do-

227 2755 282 2790 10.
311 2755 353 2790 11
368 2758 475 2792 mino
514 2759 779 2794 tradiderunt.
831 2759 979 2801 Quinto
1018 2759 1174 2804 imperii
1214 2768 1319 2793 auno
1359 2758 1468 2792 obiit.
1518 2756 1718 2792 Adamata
1758 2758 1863 2793 enim

369 2815 530 2849 corona,
558 2817 679 2850 quam
693 2806 911 2842 Mauricius
927 2807 1003 2842 deo
1030 2807 1071 2841 in
1085 2816 1236 2851 magna
1251 2805 1421 2840 ecclesia
1437 2809 1706 2848 consecrarat,
1733 2815 1864 2850 eaque

370 2853 490 2897 capiti
517 2863 590 2888 suo
610 2855 863 2889 commodata
890 2855 1023 2890 statim
1041 2853 1266 2890 vehementi
1295 2852 1398 2888 febri
1425 2855 1484 2888 est
1511 2855 1731 2900 correptus,
1759 2862 1864 2899 quae

370 2899 479 2935 vitae
505 2900 624 2936 finem
653 2902 689 2937 ei
716 2902 858 2940 attulit.
