2054 3282
376 263 446 300 310
743 258 923 298 ZONAR.
951 257 1081 295 EPIT.
1108 255 1179 292 XV
1206 256 1261 302 15,
1290 255 1440 302 12—-16‚
1467 255 1499 292 3.

376 385 631 440 ἀφυλάκτως
662 383 945 436 κοιμωμένων
977 380 1175 421 ἁπάντων
1221 377 1294 433 (μὴ
1335 378 1414 433 γὰρ
1453 379 1505 420 ἄν
1540 395 1638 421 ποτε
1668 378 1869 434 τολμῆσαι

377 454 575 507 συμμίξαι
616 453 754 498 αὐτοῖς
790 450 886 496 τοὺς
924 449 1171 503 βαρβάρους
1202 448 1247 496 ἒξ
1278 447 1478 494 ἀπονοίας
1507 447 1662 502 πολλῆς
1693 446 1865 502 ᾤοντο)·

319 523 362 558 13
377 522 447 563 καὶ
478 523 624 563 αὐτίκα
657 519 762 562 κατὰ
794 524 866 573 τῆς
897 518 1106 572 βασιλείου
1139 520 1296 571 σκηνῆς
1333 516 1600 570 ὡρμήκεσαν,
1645 517 1716 558 καὶ
1753 517 1867 559 ἀναι-

319 590 362 625 14
376 594 501 643 ρεῖται
531 589 609 643 μὲν
631 589 654 630 ὁ
676 587 942 642 Νικηφόρος,
974 585 1021 627 τὸ
1054 583 1090 627 δ’
1126 585 1245 630 ὅπως
1277 584 1483 639 ἠγνόηται.
1544 585 1699 639 λέγεται
1731 585 1870 628 δὲκαὶ

326 659 360 694 D
375 658 490 712 παρὰ
522 661 606 699 τῶν
639 657 805 698 οἰκείων
835 655 1106 709 ἀναιρεθῆναι
1128 656 1153 709 ἢ
1175 653 1595 708 πρωτουργησάντων
1615 653 1689 708 τὴν
1709 654 1868 696 ἐκείνου
1882 653 1906 690 5

376 726 543 781 σφαγὴν
575 727 600 780 ἢ
632 729 717 766 τῶν
744 724 822 778 μὲν
845 724 1080 779 βαρβάρων
1102 723 1447 776 καταρξαμένων,
1478 725 1564 764 τῶν
1586 721 1631 764 δὲ
1647 722 1870 777 Ῥωμαίων

318 795 362 830 15
377 794 774 848 ἕπεξεργασαμένων
811 792 883 834 τὸν
920 792 1054 847 φόνον
1091 791 1163 832 τὸν
1198 795 1272 832 τοῦ
1305 791 1546 844 ἀλάστορος.
1608 791 1871 845 τιτρώσκεται

378 863 423 905 δὲ
453 863 523 904 καὶ
555 863 579 904 ὁ
610 861 876 915 Σταυράκισς
912 860 1067 915 μεταξὺ
1105 863 1178 901 τοῦ
1219 860 1343 914 ὤμου
1386 863 1459 900 τοῦ
1505 859 1641 907 δεξιοῦ
1684 859 1756 900 καὶ
1795 863 1871 901 τοῦ

375 933 574 985 τένοντος,
619 930 690 972 καὶ
729 931 992 984 ἀναιροῦνται
1028 928 1172 970 πολλοὶ
1207 927 1284 982 μὲν
1315 931 1400 969 τῶν
1431 929 1474 969 ἒν
1505 929 1743 982 ὑπεροχαῖς,
1786 931 1871 970 τῶν

377 1001 420 1042 ἕν
450 1000 561 1048 τέλει,
593 1003 678 1041 τῶν
710 1000 753 1041 ἓν
785 999 1056 1053 στρατηγίαις,
1093 1001 1178 1039 τῶν
1210 998 1254 1038 ἕν
1285 997 1507 1051 ἀξιώμασι,
1546 1000 1631 1038 τῶν
1663 997 1701 1039 δ’
1733 997 1872 1043 ἄλλως
1886 994 1932 1029 10

377 1069 718 1122 στρατευομένων
749 1067 820 1108 καὶ
850 1070 935 1109 τῶν
967 1071 1038 1121 τῆς
1069 1067 1284 1121 βασιλικῆς
1314 1065 1541 1120 ὑπηρεσίας
1571 1065 1642 1107 καὶ
1672 1068 1757 1107 τῶν
1786 1065 1870 1107 λοι-

319 1138 363 1172 16
375 1140 471 1178 πῶν
501 1136 778 1190 θεραπόντων
810 1135 909 1177 οὐδὲ
941 1135 1178 1190 ἀριθμητοί.
1243 1134 1509 1187 διαρπάζεται
1541 1133 1586 1175 δὲ
1617 1133 1814 1188 ξύμπασα
1843 1134 1870 1188 ἡ

376 1209 449 1247 τοῦ
481 1205 686 1260 βασιλέως
718 1204 931 1259 ἀποσκευὴ
965 1203 1035 1245 καὶ
1067 1205 1180 1245 ἅπαν
1203 1203 1250 1245 τὸ
1271 1206 1356 1244 τῶν
1372 1202 1596 1257 Ῥωμαίων
1617 1202 1870 1257 χαράκωμα,

376 1273 447 1315 καὶ
483 1273 725 1327 περιγίνεται
761 1277 845 1319 τοῖς
881 1273 1114 1327 βαρβάροις
1150 1272 1221 1314 καὶ
1258 1272 1437 1317 πλοῦτος
1474 1271 1626 1326 συχνὸς
1661 1271 1732 1313 καὶ
1763 1271 1871 1313 ὅπλα

322 1344 363 1379 17
376 1341 509 1383 πολλὰ
546 1341 617 1383 καὶ
656 1342 780 1387 ἵππος
811 1342 951 1395 μυρία.
1012 1341 1132 1395 μόλις
1165 1339 1200 1382 δ’
1235 1340 1311 1382 οὖν
1342 1341 1366 1382 ὁ
1397 1340 1662 1394 Σταυράκιος
1691 1340 1870 1393 περισώ-
1888 1336 1932 1372 15

379 1412 487 1460 ζεται
517 1410 588 1452 καὶ
620 1410 733 1456 ὅσοις
765 1411 789 1464 ἡ
824 1410 897 1458 νὺξ
927 1410 1109 1464 παρέσχε
1141 1410 1284 1450 λαθεῖν
1315 1409 1476 1464 λόχμας
1506 1409 1684 1451 ὑποδῦσι
1710 1408 1780 1451 καὶ
1801 1408 1870 1463 ἕλη

377 1558 400 1593 4
426 1557 599 1603 ἀναίρεσις
625 1557 798 1604 βασιλέως
825 1559 1042 1605 Νικηφόρου
1069 1559 1100 1593 Ε

449 1695 472 1730 3
498 1695 702 1739 ὡρμίκεσαν
728 1695 775 1738 D,
804 1706 904 1730 corr.
933 1696 1001 1734 Dw
1121 1696 1144 1731 4
1171 1696 1216 1741 δ’]
1244 1696 1283 1731 δὲ
1309 1696 1344 1731 D
1470 1696 1492 1731 5
1516 1695 1610 1740 παρὰ
1635 1700 1704 1730 τῶν
1730 1696 1873 1731 οἰκείων

450 1742 668 1788 AEwap,
694 1742 777 1787 παρ’
804 1744 947 1779 οἰκείων
974 1744 1005 1779 Ο
1160 1748 1250 1790 post
1275 1745 1386 1788 ἀναιρ.
1413 1744 1505 1779 add.
1532 1744 1751 1788 ἐπιθεμένων
1776 1744 1873 1788 αὐτῷ

451 1790 510 1826 διὰ
533 1792 635 1835 μίσος
661 1793 775 1836 (μῖσος
798 1793 875 1836 wp)
901 1791 962 1827 καὶ
989 1791 1085 1837 pr
1186 1792 1218 1827 6.
1235 1793 1255 1827 7
1281 1793 1302 1837 ἢ
1322 1797 1393 1827 τῶν
1409 1791 1473 1836 μὲν
1490 1791 1686 1837 βαρβάρων
1703 1793 1874 1836 καταρξα-

449 1838 568 1883 μένων
593 1839 953 1884 (προκαταρξαμένων
971 1839 1164 1885 Ewap)‚
1191 1845 1261 1875 τῶν
1287 1839 1325 1875 δὲ
1350 1840 1522 1883 ῥωμαίων
1547 1839 1874 1884 ε’πεξεργασαμὲνων

450 1885 596 1931 AEwp,
634 1886 656 1932 ἢ
682 1886 1011 1932 ἐπεξεργασαμένων
1043 1888 1186 1923 ceteris
1214 1888 1367 1923 omissis
1393 1887 1436 1931 R,
1475 1885 1873 1931 ὗπαρεξερῖγασαμένων

449 1933 545 1978 αὐτῷ
571 1933 629 1969 διὰ
652 1935 769 1978 μίσος·
807 1934 867 1969 καὶ
894 1935 915 1969 o‘
937 1935 1290 1980 πρωτουργησάντων
1317 1935 1389 1980 τὴν,
1427 1935 1523 1970 αὐτῶ
1550 1934 1597 1977 I),
1636 1934 1698 1979 τὴν
1723 1934 1798 1970 del.
1825 1934 1872 1978 D,

452 1984 587 2016 cetera
614 1981 688 2017 del.
715 1981 784 2020 Dw
811 1985 850 2017 et
875 1982 916 2016 in
943 1993 1071 2027 marg.
1096 1993 1145 2018 ex
1166 1983 1196 2017 Ε
1224 1982 1314 2017 add.
1342 1983 1364 2028 ἢ
1390 1987 1460 2017 τῶν
1484 1982 1549 2027 μὲν
1573 1982 1766 2027 βαρβάρων
1789 1996 1873 2026 προ-

451 2029 739 2074 καταρξαμένων,
765 2034 836 2064 τῶν
861 2029 900 2065 δὲ
923 2030 1096 2074 ῥωμαίων
1121 2031 1452 2075 ἔπεξεργασαμένων
1573 2029 1595 2064 9
1620 2030 1811 2075 ὗποροχαῒς
1837 2030 1872 2064 D

453 2076 498 2111 10
522 2076 634 2117 ἀξίαις
664 2076 694 2112 Ο
795 2077 839 2111 12
865 2077 903 2112 δὲ
929 2078 1094 2122 ξύμπασα
1120 2077 1265 2123 ΑΕκνρ,
1293 2079 1352 2112 καὶ
1380 2078 1542 2122 ξύμπασα
1569 2077 1608 2119 C,
1636 2078 1800 2121 ξύμπασα
1826 2077 1872 2121 D,

451 2124 616 2168 σύμπασα
642 2123 672 2158 Β
699 2124 765 2166 (de
791 2126 921 2159 forma
947 2125 1110 2170 ξύμπασα
1136 2137 1173 2160 V.
1201 2126 1253 2160 ad
1280 2125 1375 2160 XIII
1402 2125 1433 2169 5,
1458 2125 1492 2165 1)
1591 2125 1636 2160 15
1661 2124 1694 2159 δ’
1711 2124 1774 2160 οὖν
1791 2123 1873 2166 ΑΟ,

450 2176 534 2254 Ξοῢν
555 2171 657 2254 ἕνη)
769 2172 813 2207 16
838 2172 1014 2218 λόγχομας
1042 2173 1071 2208 E
1173 2174 1320 2209 ὑποδῦσι
1349 2171 1532 2219 OswpDi,
1559 2173 1707 2208 ὑποδύσι
1733 2171 1779 2217 A,
1806 2172 1874 2208 ὑπὸ

472 2233 528 2254 υσι

379 2359 612 2394 cohortatus
639 2362 772 2395 castra
791 2359 1064 2395 Romanorum
1092 2365 1215 2396 noctu
1241 2361 1408 2403 invadit,
1437 2361 1621 2395 omnibus
1648 2360 1874 2394 dormienti-

378 2408 454 2442 bus
488 2407 575 2442 sine
609 2407 792 2442 excubiis
831 2410 979 2452 (neque
1015 2409 1120 2443 enim
1155 2409 1195 2442 in
1228 2412 1341 2443 tanta
1377 2407 1658 2452 desperatione
1694 2417 1873 2452 unquam

321 2451 365 2486 13
379 2464 551 2489 ausuros
578 2465 714 2490 secum
740 2455 938 2490 barbaros
966 2456 1160 2501 congredi
1188 2455 1418 2501 putaba11t);
1455 2458 1493 2490 et
1521 2455 1652 2489 statim
1677 2454 1717 2488 in
1744 2454 1874 2488 taber-

378 2501 567 2536 naculum
587 2503 745 2547 regium
774 2504 880 2538 facto
908 2503 1061 2548 impetu
1079 2503 1329 2548 Nice-phorus
1355 2503 1510 2538 occisus
1538 2505 1607 2544 est,
1636 2512 1715 2546 quo
1738 2505 1872 2536 autem

320 2546 363 2581 14
380 2553 509 2594 pacto,
549 2550 773 2594 ignoratur.
825 2549 968 2585 Fertur
1003 2551 1107 2585 enim
1134 2561 1158 2584 a
1185 2551 1266 2585 suis
1305 2551 1552 2592 interfectus,
1592 2549 1678 2584 sive
1709 2549 1873 2584 eaedem

379 2596 549 2631 hominis
589 2597 694 2632 illius
731 2598 952 2642 pestilentis
991 2598 1222 2643 auspicatis,
1259 2598 1345 2632 sive
1371 2608 1394 2631 a
1421 2597 1606 2631 bai-baris
1644 2597 1872 2631 incohatam

320 2641 364 2676 15
379 2645 591 2679 exsecutis.
643 2644 888 2679 Vulneratur
920 2649 959 2680 et
985 2644 1220 2680 Stauracius
1252 2645 1356 2680 inter
1382 2645 1591 2679 humerum
1621 2644 1808 2679 dextrum
1835 2648 1874 2678 et

378 2691 575 2735 iugulum,
603 2692 911 2736 caedunturque
937 2693 1048 2727 multi
1076 2693 1151 2727 viri
1180 2692 1433 2733 excellentes,
1460 2692 1572 2726 multi
1600 2692 1872 2736 magistratus,

378 2738 491 2773 inulti
516 2739 640 2774 duces
670 2744 709 2774 et
735 2739 1002 2785 dignitatibus
1031 2739 1216 2783 illustres,
1250 2740 1429 2782 meg-arii
1459 2750 1556 2773 vero
1584 2739 1736 2781 milites,
1770 2739 1874 2782 regii

321 2783 364 2818 16
380 2786 544 2820 comites
555 2786 703 2831 aliique
714 2787 881 2822 ministri
893 2787 1217 2822 innumerabiles.
1249 2787 1445 2832 Diripitur
1463 2787 1696 2821 universum
1715 2786 1874 2831 regium

379 2833 687 2868 instrumentum
715 2838 754 2868 et
780 2837 907 2869 totum
927 2834 1199 2870 Romanorum
1222 2835 1383 2869 vallum.
1428 2834 1594 2868 Barbari
1614 2834 1772 2878 magnis
1793 2834 1873 2878 opi·

321 2878 365 2913 17
381 2879 455 2914 bus
474 2883 567 2915 sunt
593 2882 719 2926 potiti,
746 2882 879 2916 inultis
906 2882 1027 2916 armis
1054 2883 1250 2927 equisque
1270 2882 1458 2927 plurimis.
1494 2880 1728 2916 Stauracius
1748 2890 1874 2924 aegre

380 2927 516 2962 evadit
553 2932 591 2963 et
624 2929 758 2973 ceteri,
795 2939 1060 2975 quoscunque
1091 2940 1174 2965 nox
1210 2929 1323 2974 texit,
1360 2930 1400 2964 in
1429 2928 1611 2970 dumetis,
1645 2928 1873 2974 paludibus,
