2054 3282
465 253 824 294 AGARENORVM
851 250 1202 293 INCVRSIONES.
1250 249 1436 293 NASAR.
1630 249 1698 290 431

207 378 402 421 ναυτικὸν
431 382 522 421 κατ’
555 378 708 427 αὐτῶν,
751 382 1041 434 ναυαρχοῦντα
1076 377 1149 419 τὸν
1179 377 1334 431 Νάσαρ
1364 378 1472 432 ἔχον.
1532 376 1738 418 πολλῶν3

209 445 247 490 δ’
280 448 328 489 ἐκ
358 451 444 490 τῶν
473 447 566 501 περὶ
593 446 668 502 τὴν
688 447 864 501 εἰρεσίαν
883 447 1128 489 πονούντων
1149 445 1496 499 ἀποδρασάντων,
1527 445 1572 486 αἱ
1590 445 1702 499 τριή-

207 532 294 570 ρεις
323 515 431 570 ἦσαν
462 515 664 570 ἡμίκενοι·
698 514 763 557 διὸ
794 515 865 557 καὶ
895 515 920 556 ὁ
952 515 1165 570 ναύαρχος
1195 514 1275 557 οὐκ
1307 514 1443 567 ἔκρινε
1474 513 1559 555 δεῖν
1589 513 1702 555 οὕτω

209 584 410 638 συμμίξαι
439 587 523 629 τοῖς
553 583 777 637 πολεμίοις,
818 580 905 624 ἀλλ’
939 583 1137 637 ἀναφέρει
1166 586 1228 637 τῷ
1257 582 1419 637 βασιλεῖ
1443 580 1490 623 τὸ
1521 582 1703 636 συμβάν,

173 652 279 693 ὁκαὶ
311 653 350 694 οἱ
379 651 639 694 λειποτάκται
670 651 917 706 ζητηθέντες
946 650 1050 706 ταχὺ
1080 651 1404 705 κατεσχέθησαν.
1466 651 1531 692 ἵνα
1564 649 1610 691 δὲ
1633 649 1740 691 καὶ4

208 720 348 775 φόβον
378 720 584 774 ἐμποιήσῃ
621 725 683 773 τῷ
721 725 906 774 ναυτικῷ
941 719 1011 761 καὶ
1047 719 1209 774 μηδένα
1253 718 1413 773 κολάσῃ
1457 717 1702 773 χριστιανόν,

207 789 427 843 τριάκοντα
470 791 556 830 τῶν
599 788 643 829 ἓν
685 788 863 842 εἱρκταῖς
901 788 1240 842 φρουρουμένων
1272 786 1519 841 Ἀγαρηνῶν
1553 786 1703 841 ἐκβλη-

207 857 335 912 θῆναι
378 856 533 898 κελεύει
575 856 738 910 νυκτός,
781 855 852 897 καὶ
895 860 1127 910 περιχρῒσαι
1162 855 1240 910 μὲν
1277 855 1435 910 ἀσβόλῃ
1474 853 1547 901 τὰς
1585 855 1705 910 ὄψεις
1719 861 1749 896 Β

210 925 363 976 αὐτῶν,
408 925 470 971 ὡς
500 926 553 966 ἂν
586 924 647 979 μὴ
687 925 1037 979 ἒπιγινώσκοιντο,
1081 923 1164 965 εἶτα
1208 924 1278 965 καὶ
1314 923 1556 965 αἰκίσασθαι
1594 926 1706 978 σφᾶς

151 999 199 1035 10
209 993 281 1036 καὶ
326 993 392 1034 διὰ
435 997 508 1048 τῆς
551 994 710 1047 ἀγορᾶς
750 996 1015 1046 περιαγαγεῖν
1058 992 1473 1047 ἀνασκολοπισθῆναί
1511 1008 1552 1034 τε
1595 992 1703 1033 ἀπα-

210 1063 388 1117 χθέντας
417 1062 475 1107 εἷς
506 1060 842 1116 Πελοπόννησον.
905 1059 956 1101 οὗ
989 1061 1215 1115 γενομένου
1247 1061 1287 1102 οἱ
1316 1064 1390 1102 τοῦ
1424 1060 1573 1102 στόλου
1603 1066 1741 1102 ναν-5

209 1130 314 1173 τικοὶ
345 1130 737 1184 ἒξεδειματώθησαν
767 1129 838 1171 καὶ
871 1130 983 1170 οὕτω
1014 1133 1098 1175 τοῖς
1129 1129 1325 1174 ἐναντίοις
1349 1129 1536 1183 ἐπῆλθον
1557 1128 1706 1174 νυκτὸς

209 1199 281 1241 καὶ
310 1198 511 1252 τρόπαιον
540 1199 710 1253 ἤραντο,
741 1201 827 1239 τῶν
846 1198 924 1252 μὲν
945 1197 1236 1251 ἀπολομένων,
1267 1201 1354 1239 τῶν
1376 1198 1421 1239 δὲ
1442 1197 1706 1239 ἑαλωκότων.

210 1267 292 1310 εἶτα
324 1267 395 1309 καὶ
426 1268 484 1313 εἰς
516 1266 707 1308 Σικελίαν
738 1267 935 1321 διέβησαν
966 1266 1035 1308 καὶ
1067 1265 1140 1312 τὰς
1177 1266 1266 1307 ἐκεῖ
1296 1266 1448 1320 πόλεις,
1494 1266 1587 1307 ὅσαι
1623 1269 1742 1311 τοῒς6

151 1342 197 1377 15
211 1336 521 1392 Καρχηδονίοις
552 1335 759 1390 διέφερον,
792 1335 1018 1377 ἐκάκωσάν
1048 1350 1090 1376 τε
1120 1334 1191 1375 καὶ
1222 1334 1527 1389 ἐξεπόρθησαν.

331 1404 415 1446 Καὶ
454 1405 495 1446 οἱ
532 1404 580 1446 ἐκ
615 1403 880 1459 μεσημβρίας
917 1403 963 1444 δὲ
985 1403 1165 1458 Ἄραβες
1201 1403 1471 1458 ἔσχολακέναι
1505 1401 1577 1444 τὸν
1603 1401 1705 1444 Ῥω·
1721 1410 1742 1446 7

21 1477 66 1534 ,D
84 1478 137 1516 IV
150 1479 198 1515 33
209 1473 366 1529 μαϊκὸν
394 1473 606 1528 μαθόντες
636 1471 796 1525 στόλον,
827 1471 877 1513 τὰ
907 1476 979 1526 τῆς
1002 1471 1201 1526 Φοινίκης
1221 1470 1292 1512 καὶ
1313 1475 1386 1526 τῆς
1405 1470 1568 1525 Συρίας
1589 1470 1708 1512 ναυσὶ

212 1628 255 1663 11
282 1628 332 1662 ὅτι
357 1627 523 1672 ἐνίκησαν
553 1627 589 1662 οἱ
606 1627 775 1671 Ῥωμαῖοι
806 1624 886 1664 τοὺς
908 1623 1118 1670 Ἀγαρηνούς
1149 1625 1186 1659 ἐν
1216 1630 1258 1670 τῇ
1288 1625 1465 1670 ναυμαχίᾳ
1501 1624 1707 1669 (ἕν-ναυμ.

212 1685 288 1712 om.
314 1674 361 1720 E)
388 1674 453 1711 ΟΕ
591 1674 635 1709 16
661 1675 711 1709 ὅτι
738 1678 809 1708 τῶν
834 1678 894 1708 τοῦ
913 1674 1043 1709 -στόλου
1068 1673 1117 1712 εἷς
1142 1672 1336 1718 οἰκοδομὰς
1359 1672 1647 1718 ἀσχολουμένων,
1676 1673 1713 1706 οἱ

207 1723 383 1769 Ἅγαρηνοὶ
408 1722 523 1761 ἀδεῶς
548 1721 589 1758 τὰ
612 1721 764 1767 παράλια
789 1721 945 1756 ἐκάκουν
970 1720 1000 1757 C

285 1872 303 1908 1
330 1872 441 1917 νάσαρ
467 1869 539 1907 ΑΒ
565 1870 679 1908 Cedr.
707 1869 897 1916 (scylitz.)
925 1869 961 1905 II
988 1881 1024 1916 p.
1039 1868 1120 1915 229,
1138 1869 1172 1914 9,
1198 1869 1288 1914 ἅσαρ
1315 1868 1357 1914 Β,
1383 1868 1514 1914 νάρσαν
1539 1868 1707 1915 Ewap

284 1921 306 1955 4
332 1921 500 1965 συμμῖξαι
530 1919 626 1965 Ewp
723 1917 746 1953 ἶ)
770 1918 988 1953 λειποτάκται
1015 1917 1087 1953 AR
1113 1916 1157 1959 (C
1174 1931 1203 1952 ει
1226 1918 1265 1953 in
1285 1917 1379 1962 ras.)
1406 1928 1480 1963 wp,
1506 1916 1708 1952 λιποτάκται

285 1965 354 2012 Di,
369 1978 407 2002 v.
421 1967 473 2002 ad
487 1966 559 2002 XV
577 1968 630 2011 18,
647 1966 688 2001 11
788 1966 809 2002 7
828 1969 922 2001 ante
935 1965 1036 2011 ἀγαρ.
1053 1965 1145 2000 add.
1159 1965 1396 2010 αἰχμαλώτων
1410 1964 1507 2010 pr
1604 1965 1628 2000 8
1651 1978 1708 1998 πε-

284 2016 439 2060 ριχρίσαι
457 2013 605 2067 Apr,
625 2024 726 2050 corr.
744 2011 801 2048 Di
877 2012 942 2058 μὲν
961 2023 1037 2049 orn.
1056 2012 1092 2047 D
1165 2012 1187 2047 9
1204 2013 1265 2048 καὶ
1283 2023 1358 2048 om.
1378 2012 1473 2058 Ewp
1550 2012 1592 2047 11
1610 2012 1708 2047 πελο-

282 2064 457 2107 πόννησον
482 2061 584 2106 RDz,
609 2062 849 2106 πελοπόνησον
876 2060 1049 2106 ABpr
1180 2060 1224 2095 12
1248 2061 1362 2099 οὕτως
1389 2059 1436 2104 D,
1464 2070 1565 2095 corr.
1592 2059 1659 2097 Dw

333 2110 546 2148 ὑπεναντίοις
571 2107 607 2144 D
713 2108 756 2143 14
782 2108 937 2154 διέβισαν
963 2107 1010 2153 D,
1037 2118 1139 2143 corr.
1166 2106 1235 2145 Dw
1343 2109 1408 2143 ὅσα
1436 2107 1484 2152 D,
1512 2117 1613 2142 corr.
1641 2106 1707 2143 Dw

288 2157 332 2193 15
345 2158 580 2202 καρχηδόνιος
596 2156 642 2200 D,
659 2167 761 2191 corr.
777 2155 843 2193 Dw
940 2156 1146 2200 διέφθειρον
1159 2154 1207 2199 D,
1223 2166 1324 2190 corr.
1342 2154 1410 2192 Dw
1509 2155 1564 2190 14.
1581 2154 1625 2189 15
1639 2160 1708 2193 τοῖς

286 2206 330 2241 Κ.
357 2204 533 2251 διέφερον]
561 2215 597 2239 v.
618 2204 658 2240 C.
678 2202 720 2238 B.
740 2203 906 2238 Hasium
935 2203 987 2238 ad
1007 2201 1131 2238 Leon.
1149 2202 1262 2238 Diae.
1290 2213 1325 2248 1).
1346 2202 1416 2238 494
1430 2212 1479 2238 ss.
1508 2207 1547 2238 et
1565 2202 1706 2238 Zonar.

285 2252 398 2288 XVII
425 2252 458 2297 7,
482 2252 540 2288 37.
566 2251 623 2296 23,
649 2252 703 2287 10.
731 2250 861 2286 XVIII
887 2250 944 2295 22,
974 2251 1017 2285 19

213 2407 284 2440 est.
335 2401 414 2439 Sed
453 2412 544 2438 cum
582 2404 640 2438 tot
667 2411 718 2438 ex
751 2400 973 2447 remigibus
1016 2400 1155 2446 fugam
1196 2400 1407 2446 cepissent,
1446 2403 1492 2435 ut
1529 2399 1748 2436 triremesss

213 2452 471 2487 semivacuae
485 2453 630 2493 essent,
649 2449 880 2485 navarchus
898 2449 953 2484 ita
968 2458 1057 2482 cum
1074 2448 1254 2483 hostibus
1268 2457 1349 2483 non
1365 2447 1710 2492 congrediendum

213 2508 301 2534 esse
328 2503 440 2534 ratus
466 2507 603 2533 casum
640 2497 749 2533 illum
775 2496 828 2532 ad
866 2506 1005 2542 regem
1042 2496 1166 2531 refert
1202 2499 1242 2531 et
1280 2495 1507 2531 desertores
1533 2495 1710 2540 inquisiti

213 2556 262 2581 ac
287 2546 366 2582 cito
397 2545 544 2591 reperti
583 2549 688 2580 sunt.
738 2543 791 2581 Ut
826 2548 960 2579 autem
994 2547 1188 2579 terrorem
1227 2543 1427 2578 incuteret
1464 2543 1599 2578 nautis
1638 2543 1747 2579 nec4

213 2593 336 2629 ulium
375 2597 510 2629 tamen
548 2591 818 2628 Christianum
857 2591 1054 2637 supplicio
1092 2591 1285 2633 afficeret,
1324 2590 1491 2635 triginta
1528 2590 1712 2635 captivos

214 2641 429 2687 Agarenos
462 2650 626 2675 carcere
663 2645 786 2675 noctu
821 2642 1026 2675 extractos
1052 2638 1222 2684 fuligine
1247 2639 1403 2683 inungi,
1441 2647 1492 2672 ne
1518 2646 1712 2683 agnosco·

215 2693 367 2732 rentur,
393 2688 614 2734 flagrisque
639 2697 780 2724 caesos
806 2696 878 2732 per
904 2687 1035 2721 sorum
1063 2685 1309 2721 circumduci
1337 2689 1377 2721 et
1401 2686 1440 2720 in
1466 2684 1712 2730 Peloponne-

214 2746 302 2772 sum
330 2735 547 2782 perductos
584 2736 685 2782 palis
723 2733 831 2779 affigi
865 2734 990 2769 iussit.
1041 2735 1129 2775 Quo
1155 2734 1262 2769 sacto
1289 2732 1481 2768 classiarii
1510 2733 1749 2778 perterritis)

215 2783 348 2819 hostes
365 2788 488 2819 noctu
506 2784 690 2830 aggressi
710 2782 990 2828 profligarunt,
1009 2781 1096 2816 aliis
1114 2781 1254 2825 caesis,
1273 2780 1360 2816 aliis
1379 2780 1516 2826 captis.
1555 2779 1712 2816 Deinde
1726 2781 1748 2817 6

215 2831 254 2867 in
280 2830 454 2867 Siciliam
493 2840 658 2876 quoque
683 2830 902 2866 transvecti
938 2829 1059 2864 urbes
1086 2827 1488 2874 Carthaginiensibus
1514 2828 1713 2863 obnoxias

216 2881 419 2915 vexarunt
444 2881 485 2914 et
510 2881 733 2914 vastarunt.

333 2925 519 2963 Ceterum
557 2936 582 2962 a
607 2925 774 2963 meridie
799 2924 967 2970 Arabes,
1006 2924 1170 2970 cognito
1197 2923 1404 2959 Romanae
1443 2923 1580 2960 classis
1619 2923 1748 2970 otio,7
