2054 3282
360 225 432 266 560
754 226 934 267 ZONAR.
962 224 1094 265 ΕΡῘΤ.
1121 224 1231 265 XVII
1257 227 1290 274 8,
1320 225 1469 266 10-23.

301 354 345 389 11
358 350 522 405 βραχὺν
560 350 634 405 τὴν
672 351 833 406 ἡλικίαν
863 350 1116 406 ὠνόμαζον·
1163 351 1211 396 ὃς
1249 350 1380 391 καίτοι
1418 351 1633 405 πατρίκιος
1669 349 1856 405 τιμηθεὶς

301 423 346 458 12
359 419 521 473 ἀπέδρα
558 420 680 461 πάλιν
717 419 787 460 καὶ
817 418 925 472 πρὸς
955 418 1027 459 τὸν
1057 418 1266 473 Σαμουὴλ
1298 418 1568 472 ἀπελήλυθεν.
1631 415 1697 459 εἴτ’
1731 417 1856 464 αὖθις

300 491 345 526 13
357 486 463 528 κατὰ
489 487 657 542 Βιδίνης
682 487 706 528 ὁ
737 486 929 541 βασιλεὺς
960 486 1245 540 ἐξεστράτευσε
1276 486 1347 528 καὶ
1377 486 1451 540 τὴν
1481 487 1600 528 πόλιν
1632 487 1749 539 αἱρεῖ.
1812 487 1856 528 ἐν

358 555 448 609 ὅσῳ
487 555 532 597 δὲ
570 556 721 609 ταύτην
763 554 996 608 ἐπολιόρκει
1029 554 1052 595 ὁ
1084 554 1287 609 βασιλεύς,
1332 555 1481 596 ἔπεισιν
1513 555 1536 595 ὁ
1567 554 1775 609 Σαμουὴλ
1805 558 1855 609 τῇ

351 623 689 676 Ἀδριανουπόλει
733 622 898 676 ἀθρόον
936 622 1006 663 καὶ
1043 623 1321 677 πανηγύρεως
1358 622 1476 669 ἐκτὸς
1506 623 1753 677 τελουμένης
1782 622 1892 668 τάςὸ

356 707 398 732 τε
437 691 640 745 ἐμπορίας
676 691 786 731 λείαν
822 691 1022 745 πεποίητο
1061 691 1132 732 καὶ
1176 691 1460 745 αἰχμαλώτων
1502 691 1668 746 πλῆθος
1710 691 1855 745 λαβὼν

253 763 343 799 014
356 759 619 814 ὑπενόστησε.
686 759 755 813 τὴν
792 759 964 813 Βιδίνην
1004 759 1049 800 δὲ
1086 756 1160 813 ὑφ’
1201 759 1348 801 ἑαυτὸν
1386 759 1410 800 ὁ
1445 759 1636 814 βασιλεὺς
1678 759 1853 813 ποιησά-

355 843 482 882 μενος
513 827 584 868 naz
615 827 948 882 ἐπανερχόμενος
979 827 1181 881 κατέλαβε
1211 828 1326 882 παρὰ
1355 833 1417 882 τῷ
1436 828 1562 881 Ἄξιῴ
1581 832 1762 882 ποταμῷ
1782 827 1854 869 τὸν

355 895 564 950 Σαμουὴλ
596 895 886 950 αὕλιζόμενον·
919 895 943 936 ὁ
966 895 1210 950 Βαρδάριος
1236 897 1372 942 οὕτως
1402 896 1517 950 παρὰ
1549 900 1634 942 τοῖς
1663 895 1853 942 παλαιοῖς

298 969 342 1005 15
357 964 615 1018 ὠνομάζετο.
676 963 835 1005 πολλοῦ
872 963 917 1005 δὲ
948 968 1021 1005 τοῦ
1052 967 1246 1018 ποταμοῦ
1279 965 1447 1018 ῥέοντος
1478 964 1646 1019 ἀμελῶς
1677 965 1717 1006 οῖ
1745 964 1851 1019 βάρ-
1869 971 1914 1004 10

355 1033 480 1086 βαροι
511 1032 847 1086 κατεσκήνωντο·
887 1033 939 1074 οὗ
972 1032 1051 1087 γὰρ
1083 1033 1134 1074 ἄν
1164 1048 1264 1074 ποτε
1296 1033 1529 1088 δυνηθῆναι
1561 1033 1752 1088 διαβῆναι
1782 1032 1854 1074 τὸν

297 1106 341 1141 16
354 1101 547 1155 ποταμὸν
563 1101 736 1155 ἤλπιζον
752 1100 798 1142 τὸ
815 1100 1054 1155 Ῥωμαϊκὸν
1074 1101 1301 1155 σύνταγμα.
1362 1101 1500 1155 πόρου
1524 1101 1569 1143 δὲ
1591 1101 1854 1155 γνωσθέντος

357 1166 408 1209 δι’
433 1170 562 1210 αὐτοῦ
585 1169 610 1209 ὁ
631 1169 823 1223 βασιλεὺς
855 1170 970 1224 διέβη
1003 1169 1074 1210 καὶ
1104 1169 1150 1210 τὸ
1183 1169 1475 1223 στρατόπεδον,
1507 1169 1577 1211 καὶ
1606 1169 1752 1211 πολλοὶ
1774 1169 1853 1223 μὲν

354 1241 440 1278 τῶν
472 1237 737 1292 Βουλγάρων
769 1237 1002 1286 ἀπώλοντο,
1035 1238 1059 1280 ὁ
1092 1238 1137 1279 δὲ
1167 1237 1375 1292 Σαμουὴλ
1408 1238 1562 1291 διέδρα,
1601 1243 1673 1292 τῆς
1703 1238 1851 1279 τούτου

297 1313 341 1348 17
355 1311 512 1361 σκηνῆς
555 1306 626 1347 καὶ
668 1311 741 1361 τῆς
784 1306 1056 1361 παρεμβολῆς
1100 1307 1265 1362 ἁπάσης
1305 1307 1608 1361 διαρπαγείσης.
1669 1307 1740 1348 καὶ
1777 1306 1851 1361 τὴν
1868 1312 1911 1347 15

353 1375 472 1416 πόλιν
505 1375 550 1416 6&
580 1379 666 1416 τῶν
696 1375 901 1416 Σκοπίων
932 1376 957 1416 ὁ
987 1375 1178 1430 βασιλεὺς
1208 1375 1464 1430 παρειλήφει,
1505 1375 1702 1417 δοθεῖσαν
1735 1377 1851 1430 αὐτῷ

353 1443 469 1497 παρὰ
491 1442 712 1497 Ῥωμανοῦ
744 1448 818 1485 τοῦ
842 1445 935 1485 υἱοῦ
957 1443 1126 1499 Πέτρου
1148 1448 1221 1485 τοῦ
1244 1445 1446 1498 ἄρξαντος
1467 1447 1552 1485 τῶν
1573 1444 1848 1499 Βουλγάρων,

304 1510 393 1567 Βῷ
425 1513 450 1567 ἡ
482 1513 633 1567 ταύτης
664 1512 832 1567 φυλακὴ
865 1512 981 1568 παρὰ
1012 1516 1086 1554 τοῦ
1118 1512 1326 1567 Σαμουὴλ
1358 1513 1661 1566 ἕιωτεπὶστευτο.

428 1737 446 1772 1
473 1742 516 1784 τῆ
540 1737 660 1783 ἡλικία
685 1736 717 1772 Β
862 1737 885 1773 2
910 1736 967 1773 τὸν
994 1748 1068 1773 om.
1097 1735 1126 1773 C
1279 1737 1302 1773 3
1328 1740 1380 1780 (V.
1408 1748 1465 1773 VS.
1491 1736 1527 1777 7)
1552 1738 1690 1783 βιδίνης
1713 1735 1848 1783 Asswp

425 1786 637 1830 Ephraem.
664 1785 769 1830 2917,
795 1785 920 1821 Nicet.
941 1785 1122 1821 Choniat.
1151 1796 1186 1831 p.
1211 1785 1292 1828 588,
1317 1786 1371 1829 ll,
1396 1786 1541 1831 β*δίνης
1563 1785 1605 1828 Ε,
1630 1786 1779 1831 βυδίνης
1803 1785 1848 1829 R,

424 1834 572 1879 βιδύνης
598 1832 713 1869 Cedr.
740 1833 930 1879 (Seylitz.)
957 1833 996 1867 II
1022 1844 1059 1878 p.
1083 1833 1166 1875 454,
1193 1834 1240 1868 20
1358 1833 1382 1867 4
1407 1834 1511 1878 ταύτη
1538 1832 1569 1867 Β
1690 1833 1848 1879 σαμουὴλ

427 1880 499 1923 Cw,
524 1880 687 1927 βασιλεὺς
714 1880 743 1916 C
839 1881 862 1916 5
887 1881 1172 1925 ἀνδριανουπόλει
1198 1879 1234 1914 D
1321 1881 1342 1916 7
1366 1881 1504 1926 βιδίνην
1529 1880 1676 1926 Apr,
1701 1881 1849 1926 βυδίνην

426 1928 506 1972 CD,
532 1939 569 1963 V.
597 1939 655 1964 VS.
681 1928 704 1963 3
799 1929 820 1962 ὁ
842 1930 922 1974 βασ.
950 1931 1044 1963 ante
1070 1928 1133 1973 ὑφ’
1160 1928 1196 1963 D
1301 1928 1323 1963 9
1348 1929 1461 1966 οὕτως
1487 1927 1530 1972 O,
1557 1928 1657 1967 οὗτος
1683 1928 1728 1972 A,
1755 1929 1847 1963 οὕτω

426 1974 592 2022 EwpDi‚
619 1987 656 2011 V.
684 1976 736 2011 ad
763 1975 860 2011 XIII
886 1976 918 2021 6,
948 1977 992 2011 16
1111 1976 1227 2011 11.12
1252 1976 1395 2034 ἤλπιζον
1421 1977 1581 2021 διαβῆναι
1610 1976 1765 2011 omissis
1790 1975 1848 2010 τὸν

423 2059 580 2104 ποταμὸν
606 2062 645 2095 et
671 2059 709 2094 τὸ
728 2060 839 2104 Ῥωμ.
858 2060 1033 2104 σύνταγμα
1059 2059 1095 2093 D
1195 2059 1238 2095 17
1264 2037 1289 2094 σῖ
1310 2058 1350 2103 C,
1374 2058 1469 2103 παρὰ
1496 2058 1567 2103 Cw,
1594 2070 1632 2094 V.
1659 2059 1710 2093 ad
1737 2058 1848 2094 XVII

425 2108 457 2152 7,
488 2108 531 2142 16
628 2110 719 2153 post
745 2107 841 2152 παρὰ
867 2107 959 2142 add.
986 2113 1046 2142 τοῦ
1073 2106 1102 2142 C
1206 2111 1300 2143 ante
1325 2108 1403 2141 υἱοῦ
1433 2117 1507 2141 om.
1534 2112 1594 2141 τοῦ
1620 2106 1687 2142 CD

295 2330 336 2364 11
354 2331 515 2375 captus3
542 2329 611 2375 qui
632 2328 816 2375 quamvis
843 2327 1000 2374 patricii
1021 2328 1219 2375 dignitate
1238 2331 1404 2363 ornatus
1429 2331 1543 2372 esset,
1570 2331 1705 2363 tamen
1731 2327 1845 2362 aufu-

294 2378 339 2412 12
352 2378 412 2422 git
445 2381 567 2422 atque
601 2377 654 2412 ad.
681 2376 906 2412 Samuelem
939 2376 1068 2411 rediit.
1119 2376 1276 2411 Deinde
1302 2386 1375 2411 rex
1402 2375 1584 2410 Bidinam
1616 2378 1844 2421 expugnat3

294 2425 339 2460 13
354 2434 474 2469 quam
508 2424 603 2459 dum
640 2424 808 2467 obsidet,
848 2423 1009 2469 Samuel
1041 2423 1346 2469 Adrianopolim
1379 2424 1510 2458 subito
1547 2423 1713 2466 invadit,
1753 2432 1843 2457 eum

352 2473 443 2507 festi
470 2472 549 2507 diei
569 2472 780 2507 celebritas
800 2475 916 2507 extra
933 2472 1095 2506 moenia
1114 2472 1350 2516 agitaretur,
1377 2471 1659 2515 mei-cibusque
1678 2469 1843 2515 direptis

296 2520 338 2555 14
353 2530 401 2554 ac
433 2520 614 2565 plurimis
649 2520 777 2564 captis
810 2519 979 2564 recedit3
1018 2528 1136 2564 quem
1167 2528 1239 2554 rex
1266 2518 1410 2552 Bidina
1436 2521 1554 2563 capta
1592 2517 1753 2552 rediens
1791 2517 1843 2552 ad

352 2566 498 2601 Axium
527 2567 695 2602 fluvium
722 2566 957 2611 (Bm-darius
983 2567 1040 2601 sie
1067 2566 1159 2601 olim
1187 2566 1411 2607 dicebatur)
1450 2565 1596 2599 stativa
1630 2565 1840 2600 habentem

294 2615 338 2650 15
353 2614 629 2659 deprehendit.
678 2614 717 2649 Is
745 2624 834 2649 cum
863 2613 1102 2656 exundaret,
1135 2613 1296 2648 barbari
1323 2618 1454 2648 castra
1480 2613 1735 2657 negligenter
1760 2616 1843 2647 tue-

352 2662 511 2704 bantur,
538 2663 615 2696 rati
634 2661 906 2697 Romanorum
925 2662 1147 2696 exercitum
1167 2661 1335 2695 fiuvium
1354 2670 1433 2694 non
1457 2670 1544 2694 esse
1567 2661 1840 2695 transiturum.

293 2710 337 2744 16
352 2708 431 2745 Sed
458 2709 564 2744 vado
592 2719 616 2744 a
642 2719 740 2754 rege
765 2709 961 2754 indagato
990 2708 1259 2753 traductoque
1279 2708 1471 2750 exercitu,
1499 2707 1631 2742 multis
1655 2707 1842 2753 Bulgaris

352 2758 490 2800 caesis,
518 2755 715 2792 Samuelis
740 2757 958 2791 tentorium
985 2760 1023 2791 et
1050 2758 1182 2790 castra
1209 2756 1398 2790 universa
1426 2755 1582 2799 direpta
1614 2758 1717 2799 sunt,
1756 2756 1842 2800 ipse

294 2804 336 2839 17
352 2804 524 2849 aufugit.
577 2803 655 2839 Sed
695 2807 733 2838 et
766 2802 932 2849 Scopias
969 2804 1111 2838 urbem
1149 2803 1305 2848 accepit
1339 2813 1412 2837 rex
1448 2813 1472 2836 a
1504 2801 1696 2847 Romano,
1735 2802 1842 2837 Petri

350 2850 622 2896 Bulgarorum
650 2851 741 2886 olim
768 2852 959 2896 principis
986 2851 1077 2895 filio,
1104 2850 1304 2894 traditam,
1333 2850 1397 2885 cui
1417 2851 1503 2885 eius
1521 2850 1632 2884 urbis
1659 2850 1842 2886 custodia

351 2909 376 2934 a
401 2897 587 2935 Samuele
614 2899 825 2936 commissa
852 2902 950 2935 erat.
