2054 3282
529 264 599 302 562
900 263 1081 302 zoNAR.
1109 262 1239 300 EPIT.
1264 262 1375 301 xvn
1401 265 1434 310 8,
1459 263 1588 310 23-9,
1614 262 1647 300 7.

470 391 517 426 24
529 387 944 442 αποτεθησαυρίσθαι
981 387 1107 439 αὐτῷ.
1169 385 1241 427 τὸν
1273 385 1352 440 γὰρ
1385 386 1509 427 ἄλλον
1540 385 1830 440 χρηματισμὸν
1861 386 1940 427 οὐκ
1972 385 2024 427 ἄν

528 471 586 501 τις
616 453 687 496 ὑπ’
721 454 906 509 ἀριθμὸν
939 455 1104 495 δύναιτο
1137 455 1318 508 ἀγαγεῖν,
1363 455 1410 499 ὃς
1445 457 1530 495 τῶν
1560 454 1742 508 ταμείων
1773 454 1890 508 αὐτῷ
1919 454 2022 508 πλη-

530 524 761 577 ρωθέντων
792 522 875 564 ὑπὸ
908 527 984 577 γῆν
1014 521 1063 562 τὰ
1092 521 1214 563 λοιπὰ
1239 522 1529 576 ἐθησαύρισεν,
1560 521 1698 568 ἕλικας
1719 522 1875 575 ὀρύξας
1895 522 2023 576 λαβυ-

413 597 443 631 Β
471 597 516 631 25
531 591 766 644 ρινθώδεις.
829 590 899 631 καὶ
930 590 1151 644 ὑπερχειλῆ
1187 589 1265 644 μὲν
1301 589 1408 644 ἦσαν
1438 590 1573 631 λίθων
1602 590 1840 631 πολυτελῶν
1869 593 1954 632 τῶν
1983 605 2026 632 τε

532 659 672 699 ἄλλων
703 658 773 699 καὶ
804 662 889 699 τῶν
920 659 1097 712 λευκῶν,
1140 658 1201 704 οἷς
1232 659 1446 707 ἷδιάζουσα
1478 658 1621 713 κλῆσις
1652 658 1692 699 οἱ
1721 659 1944 713 μάργαροι,
1975 657 2054 699 τάξ

472 733 518 767 26
533 728 718 781 κιβώτια.
779 731 839 780 τῷ
873 727 918 768 δὲ
949 727 1006 772 εἰς
1037 731 1184 781 χρῆσιν
1217 727 1295 767 οὐκ
1320 726 1440 781 ἦσαν,
1473 726 1575 767 ἀλλὰ
1597 726 1766 780 βραχεῖς
1786 743 1888 773 τινες
1909 727 2026 780 αὐτῷ

531 794 606 848 τὴν
636 795 866 849 πορφύραν
897 795 1119 849 ἐκόσμουν,
1152 792 1201 836 ἵν’
1225 796 1312 849 ἔχοι
1333 795 1601 849 τούπίσημον,
1632 793 1739 849 ᾗπερ
1762 795 1805 836 ἐν
1825 795 2026 849 προόδοις

533 863 732 917 ἐκέχρητο
770 862 842 904 καὶ
881 860 939 904 ὅτ’
974 864 1219 917 ἐχρημάτιζε
1249 864 1444 917 πρέσβεσι
1476 863 1546 903 καὶ
1578 863 1644 904 ὅτε
1674 862 1760 904 τινὰ
1793 863 1919 918 ἄλλην
1951 863 2024 918 δη-

471 937 516 972 27
530 932 685 986 μοτελῆ
722 931 843 972 ἐτέλει
879 932 1122 986 πανήγυριν.
1185 933 1224 973 οἱ
1257 929 1294 973 δ’
1327 931 1442 972 ἄλλοι
1478 935 1562 977 τοῖς
1599 931 1781 985 ταμείοις
1811 932 2024 973 ἐναποκεί-

471 1006 517 1042 28
529 1015 648 1053 μενοι
685 1000 821 1054 ἄχθος
863 999 970 1054 ἦσαν
1014 1000 1195 1041 ἐτώσιον.
1257 999 1309 1054 ἦν
1347 997 1383 1041 δ’
1424 1000 1467 1040 ἐν
1508 999 1586 1053 μὲν
1627 999 1827 1054 πολέμων
1865 1003 2054 1054 καιροῖςῙ

530 1068 718 1114 ποικίλος
756 1084 814 1114 τις
854 1067 925 1109 καὶ
955 1067 1029 1122 τὴν
1061 1068 1236 1122 γνώμην
1265 1067 1374 1122 πρὸς
1403 1067 1500 1114 τοὺς
1530 1067 1613 1109 ὑπὸ
1644 1071 1760 1122 χεῖρα
1791 1068 2027 1123 πολυειδής,

531 1137 575 1177 ἐν
614 1133 650 1177 δ’
693 1137 882 1191 ἠρεμίαις
921 1136 992 1177 καὶ
1031 1137 1254 1191 εἰρηνικαῖς
1296 1136 1589 1177 καταστάσεσιν
1631 1136 1915 1190 ἀρχικώτερος
1956 1137 2028 1178 καὶ

529 1204 603 1250 τὰς
634 1204 763 1258 ὀργὰς
795 1205 980 1259 ἐταμίευε
1001 1204 1072 1246 καὶ
1093 1205 1243 1250 ταύτας
1269 1205 1458 1259 συνέχων
1478 1201 1578 1258 παρ’
1602 1205 1740 1258 ἑαυτῷ
1761 1204 2028 1259 ἐδημοσίευεν

249 1281 444 1318 W111180
470 1281 516 1316 29
532 1273 576 1314 ἐν
619 1278 782 1327 καιροῖς
828 1273 900 1314 καὶ
947 1273 1222 1314 ἀνταπεδίδου
1269 1277 1352 1319 τοῖς
1399 1273 1697 1327 ἁμαρτήσασιν.
1760 1273 1823 1314 ὢν
1867 1273 1913 1314 δὲ
1953 1273 2028 1328 τὴν

418 1349 446 1385 C
472 1350 519 1384 30
535 1342 711 1396 γνώμην
742 1341 913 1395 στερρὸς
945 1342 995 1382 οὗ
1028 1341 1188 1396 ῥᾳδίως
1219 1341 1386 1396 ἠλλοίου
1418 1340 1466 1382 τὰ
1494 1340 1683 1389 δόξαντα.
1746 1340 1810 1382 διὸ
1831 1340 1902 1382 καὶ
1921 1341 2054 1395 πρὸς]

533 1411 608 1455 οὓς
639 1411 691 1450 ἂν
722 1411 839 1464 ἔτυχε
869 1410 1031 1464 μήνιμά
1062 1426 1097 1451 τι
1126 1411 1308 1464 τρέφων,
1355 1410 1405 1450 οὐ
1436 1409 1539 1464 ταχὺ
1569 1409 1812 1464 μετήλλαττε
1841 1409 1888 1451 τὸ
1919 1409 2054 1464 ἦθος]

472 1486 516 1521 31
533 1478 686 1523 αὐτοῖς.
749 1478 851 1519 ἀλλὰ
889 1482 1015 1519 ταῦτα
1052 1478 1131 1533 μὲν
1169 1477 1453 1532 παραστατικὰ
1490 1482 1563 1519 τοῦ
1602 1478 1740 1532 ἤθους
1775 1477 1923 1519 τούτου
1953 1482 2027 1519 τοῦ

534 1546 859 1600 αὐτοκράτορος,
892 1547 918 1601 ἡ
943 1544 979 1587 δ’
1004 1547 1159 1601 ἱστορία
1188 1547 1354 1600 ἐχέσθω
1375 1550 1461 1587 τῶν
1483 1543 1546 1587 ἐπ’
1570 1547 1699 1587 αὐτοῦ
1719 1547 2028 1600 πεπραγμένων

533 1614 604 1655 καὶ
637 1614 862 1668 διηγείσθω
894 1615 943 1655 τὰ
976 1615 1139 1670 ἐφεξῆς.

493 1686 520 1728 9
648 1682 701 1724 eO
735 1687 807 1737 τῆς
843 1683 1058 1737 Αἰγύπτου
1098 1684 1324 1739 κατάρχων
1366 1682 1439 1730 τὰς
1480 1682 1589 1737 πρὸς
1623 1682 1858 1737 Ῥωμαίους
1899 1683 2054 1730 λύσαςξ

535 1787 582 1823 20
605 1789 656 1823 ὅτι
683 1790 719 1823 οἱ
736 1788 914 1834 Ἆγαρηνοὶ
940 1788 998 1824 τὸν
1025 1789 1115 1834 (om.
1143 1790 1187 1829 Ε)
1213 1789 1249 1824 ἐν
1272 1787 1501 1834 Ἰερουσαλὴμ
1526 1788 1694 1824 καθεῖλον
1718 1789 1802 1823 ναόν
1827 1787 1890 1824 ΟΕ

606 1885 630 1919 3
654 1884 886 1930 ἕθησαύριζεν
912 1886 996 1927 (-ιζε
1020 1884 1066 1927 Β)
1094 1884 1125 1920 O
1240 1885 1261 1920 7
1286 1885 1505 1930 ἀνεκόσμουν
1530 1884 1614 1930 w*p
1641 1884 1777 1919 invitis
1802 1882 1872 1919 AR
1961 1884 2024 1930 ἔχη

606 1932 743 1978 DEwp
848 1932 886 1967 τὸ
910 1933 1080 1977 ἐπίσημον
1107 1932 1136 1968 C
1233 1933 1255 1968 8
1280 1933 1366 1967 ἄλλα
1393 1931 1421 1968 C
1518 1932 1539 1967 9
1564 1932 1710 1967 ἐπετέλει
1736 1931 1772 1966 D
1871 1931 1916 1966 10
1940 1932 1989 1976 ἅχ-
2016 1958 2024 1967 .

605 1979 664 2024 ἒτ.]
692 1980 807 2015 Hom.
835 1980 877 2015 Il.
903 1980 1035 2015 XVIII
1064 1980 1132 2015 104
1225 1981 1391 2024 πολέμων
1415 1978 1496 2023 ΑΟ,
1521 1980 1665 2024 πολέμω
1691 1979 1733 2022 Ε,
1757 1979 1911 2024 πολέμου
1938 1979 2024 2024 W*p

607 2028 650 2062 11
678 2027 916 2073 πρὸς-χεῖρα
935 2039 1009 2063 om.
1026 2027 1132 2063 OIVO
1146 2028 1212 2063 lat.
1312 2028 1356 2062 12
1382 2027 1414 2062 δ’
1429 2027 1510 2071 AR,
1535 2028 1571 2061 δι’
1582 2026 1650 2070 W*‚
1677 2027 1722 2062 δι’
1738 2027 1784 2072 p*
1882 2026 1928 2061 14
1951 2027 2024 2062 ἕνα·

604 2076 749 2110 πεδίδου
775 2075 812 2110 D
910 2075 1132 2121 ἁμαρτήμασι
1160 2075 1195 2109 D
1294 2075 1338 2110 17
1364 2075 1480 2113 αὐτοῖς
1508 2085 1582 2110 0111.
1609 2074 1644 2108 D
1743 2074 1788 2110 18
1813 2073 1870 2109 ὑπ’
1896 2074 1932 2108 D

475 2164 521 2199 24
534 2167 728 2202 talentum
746 2167 834 2202 auri
852 2167 893 2202 in
912 2167 1110 2203 thesauris
1128 2167 1328 2203 habuisse.
1370 2166 1511 2212 Neque
1530 2167 1634 2202 enim
1649 2166 1814 2202 alterius
1827 2167 2026 2212 pecuniae

534 2214 639 2249 ullus
664 2225 858 2250 numerus
884 2218 1016 2260 potest
1041 2215 1143 2258 iniri,
1172 2215 1280 2259 quod
1307 2214 1568 2250 conclavibus
1591 2214 1752 2259 repletis
1778 2224 1867 2249 eam
1893 2217 2025 2250 terrae

474 2259 521 2294 25
535 2262 755 2297 mandabat
769 2263 1019 2297 anfractibus
1033 2263 1159 2297 instar
1173 2262 1391 2307 labyrinthi
1406 2262 1574 2306 effossis3
1602 2265 1779 2297 ceterum
1794 2265 1833 2297 et
1848 2262 2024 2297 cistellae

535 2309 680 2355 plenae
700 2312 815 2344 erant
840 2310 1008 2355 gemmis
1039 2320 1129 2344 cum
1156 2310 1242 2344 aliis
1268 2312 1352 2344 tum
1379 2309 1561 2344 candidis
1587 2309 1671 2353 illis,
1699 2319 1804 2354 quae
1830 2309 2024 2354 peculiari

475 2354 521 2390 26
535 2357 697 2392 nomine
722 2358 970 2402 margaritae
997 2357 1197 2392 dicuntur.
1247 2357 1389 2402 Neque
1427 2366 1524 2392 vero
1557 2357 1604 2391 iis
1641 2357 1842 2399 utebatur,
1882 2357 2023 2402 paucis

535 2405 715 2450 exceptis
742 2405 794 2439 ad
820 2405 998 2450 insignia
1015 2415 1222 2450 purpurae
1241 2404 1489 2447 exornanda,
1517 2414 1608 2448 qua,
1636 2413 1726 2438 cum
1746 2403 1934 2449 prodibat
1951 2407 2023 2450 aut

534 2452 679 2497 legatis
705 2452 979 2497 respondebat
1004 2457 1075 2486 aut
1103 2452 1203 2487 alios
1225 2452 1407 2497 publicos
1426 2452 1548 2486 festos
1567 2451 1651 2486 dies
1672 2451 1912 2495 celebrabat,
1938 2454 2023 2486 ute·

403 2497 459 2533 27.
474 2497 520 2532 28
534 2499 665 2534 batur.
715 2499 910 2544 Reliquae
943 2500 985 2534 in
1018 2499 1279 2534 conclavibus
1314 2499 1453 2533 inutile
1489 2498 1647 2543 pondus
1679 2499 1877 2534 iacebant.
1927 2499 2023 2533 Erat

534 2550 670 2581 autem
715 2546 806 2582 belli
848 2547 1097 2592 temporibus
1137 2547 1302 2591 ingenio
1344 2547 1458 2580 vario
1497 2550 1535 2580 et
1579 2546 1786 2591 multiplici
1825 2546 2022 2581 adversus

534 2594 749 2638 subiectos,
776 2594 898 2629 rebus
924 2594 1148 2639 tranquillis
1170 2597 1209 2629 et
1227 2594 1380 2639 pacatis
1399 2593 1691 2638 vehementior3
1717 2594 1817 2628 iram
1843 2593 2021 2628 dissimu-

533 2641 644 2676 labat
669 2641 780 2686 apud
805 2651 848 2676 se
874 2651 1130 2687 suppressam
1154 2641 1224 2676 sed
1244 2642 1455 2676 occasione
1475 2640 1568 2675 data
1587 2641 1819 2685 proferebat
1838 2643 1877 2676 et
1901 2640 2022 2676 delin-

473 2687 519 2722 29
534 2689 750 2733 quentibus
777 2689 906 2724 vicem
932 2689 1139 2724 reddebat.
1191 2688 1371 2733 Cumque
1398 2689 1593 2733 pertinaci
1620 2693 1724 2723 esset
1750 2689 1925 2733 ingenio,
1956 2688 2021 2723 de-

473 2735 520 2769 30
533 2738 643 2770 creta
661 2746 735 2771 sua
754 2736 862 2770 haud
881 2736 998 2771 facile
1016 2736 1209 2771 mutabat.
1260 2735 1529 2777 Quamobrem
1548 2736 1580 2770 si
1601 2736 1746 2780 quibus
1770 2736 1896 2770 iratus
1923 2739 2019 2779 erat,

472 2783 516 2816 31
532 2783 579 2817 iis
618 2793 699 2818 non
737 2784 856 2819 facile
894 2783 1144 2828 placabatur.
1200 2783 1333 2828 Atque
1370 2783 1470 2817 haec
1505 2782 1556 2816 ad
1595 2782 1860 2817 declarandos
1901 2783 2020 2817 huius

531 2831 785 2875 imperatoris
810 2841 942 2866 mores
967 2831 1074 2866 dicta
1099 2834 1210 2875 sunt3
1240 2840 1349 2865 nunc
1376 2830 1426 2864 ad
1453 2839 1516 2865 res
1543 2830 1617 2865 sub
1645 2840 1691 2865 eo
1718 2833 1854 2875 gestas
1881 2840 2019 2865 secun-

532 2877 627 2912 dum
654 2877 835 2913 ordinem
860 2878 1096 2913 referendas
1123 2878 1250 2913 oratio
1277 2877 1429 2913 redeat.

649 2925 682 2961 9.
731 2923 911 2971 Aegypti
937 2926 1124 2971 princeps
1154 2925 1285 2961 soluto
1312 2924 1584 2960 Romanorum
1616 2925 1781 2961 foedere
1813 2929 1852 2960 et
1877 2924 2018 2961 Hiero-
