2054 3282
321 231 390 270 672
696 230 876 271 zoNAR.
905 228 1036 269 EPIT.
1062 228 1193 269 xvm
1220 232 1252 278 6,
1278 229 1383 278 4-7‚
1410 230 1442 268 9.

285 356 460 397 ὅλιπεῖν.
523 355 606 397 εἷτα
638 359 710 397 τοῦ
743 356 827 396 ὕειν
858 371 899 396 τε
931 354 1001 395 καὶ
1031 357 1105 396 τοῦ
1137 354 1267 408 νίφειν
1299 354 1364 395 ε’πὶ
1388 353 1542 408 μικρὸν
1562 352 1813 395 παυθέντων

95 429 179 465 PII
193 429 306 466 271A
319 428 392 479 τῆς
421 425 630 479 βασιλείου
663 427 821 477 σκηνῆς
851 422 1066 477 προῆλθεν
1095 422 1118 464 ὁ
1147 422 1337 478 βασιλεὺς
1368 422 1439 464 καὶ
1469 421 1552 464 ὑπὸ
1586 422 1690 476 ὃρῦν
1721 421 1813 476 ἔστη

319 493 587 547 παμμεγέθη,
633 492 721 532 ἐκεῖ
758 506 842 532 που
886 492 1090 532 ἑστῶσανι
1138 492 1212 532 καί
1245 507 1347 537 τινες
1382 494 1467 532 τῶν
1507 491 1550 531 έν
1589 490 1816 544 ὑπεροχαῖς

285 568 306 602 6
321 561 447 602 αὐτὸν
476 560 762 613 περιίστανται.
824 560 930 614 βοῆς
953 556 989 600 δ’
1014 560 1058 600 ἒν
1078 564 1140 614 τῷ
1160 559 1278 614 τόπῳ
1301 559 1534 614 συμβάσης,
1565 558 1816 613 μετέστησαν

319 633 390 684 τῆς
423 629 551 682 δρυὸς
584 628 607 668 ὁ
638 628 831 682 βασιλεύς
861 644 902 669 τε
933 628 1004 669 καὶ
1036 628 1075 669 οἱ
1104 628 1197 682 περὶ
1231 627 1370 681 αὐτόν,
1404 628 1428 682 ἡ
1461 627 1496 668 δ’
1523 627 1668 668 αὐτίκα
1701 626 1850 681 ῥιζό-5

285 706 305 741 7
319 698 396 738 θεν
430 697 712 738 ἕκσπασθεῖσα
744 698 978 738 κατέπεσεν.
1040 697 1064 738 ὁ
1097 697 1142 738 δὲ
1174 697 1449 750 αὐτοκράτωρ
1482 695 1727 737 ἐπανελθὼν
1758 695 1815 741 εἰς

318 765 391 820 τὴν
430 765 708 820 μεγαλόπολιν
745 765 816 806 καὶ
854 765 1071 812 ἀποτιννὺς
1108 765 1212 820 ὑπὲρ
1244 770 1315 820 τῆς
1347 765 1554 819 σωτηρίας
1585 763 1735 817 ταύτης
1765 762 1813 804 τὰ

318 834 562 889 χαριστήρια
594 840 656 888 τῷ
687 835 781 888 θεῷ
806 834 908 875 ναὸν
930 834 1044 880 ἐντὸς
1064 838 1149 876 τῶν
1171 834 1391 888 βασιλείων
1413 834 1601 888 ἀνήγειρε
1622 837 1671 887 τῇ
1692 847 1812 886 πρω-

283 902 545 957 8τομάρτυρι
567 902 723 957 Θέκλᾳ·
756 902 862 944 κατὰ
893 903 966 958 τὴν
998 904 1160 958 ἡμέραν
1192 903 1285 957 γάρ,
1319 903 1362 943 ἒν
1383 900 1410 956 ᾗ
1432 902 1596 943 τελεῖται
1618 902 1643 956 ἡ
1665 901 1812 955 μνήμη
1827 907 1862 942 D
1882 907 1935 944 IV
1954 909 2022 945 196

317 971 481 1026 ταύτης,
513 970 585 1012 τὸν
617 971 663 1012 ἐκ
695 976 766 1026 τῆς
799 971 928 1024 δρυὸς
959 972 1134 1025 ἐξέφυγε
1165 971 1372 1015 κίνδυνον.
1828 979 1874 1014 10

219 1049 250 1084 Β
279 1045 301 1088 7
432 1037 538 1081 Ἀλλ’
562 1040 644 1095 ἤδη
676 1041 823 1094 ῥητέον
854 1040 925 1081 καὶ
957 1040 1076 1086 ὅπως
1106 1039 1179 1094 τὴν
1210 1039 1419 1094 βασιλείαν
1450 1039 1645 1092 ἀπέθετο,
1678 1039 1716 1080 εἶ
1742 1038 1814 1080 καὶ

282 1108 376 1163 2μὴ
422 1113 724 1164 συμφωνοῦσιν
765 1109 804 1150 οἱ
847 1109 1180 1163 συγγεγραφότες
1221 1108 1315 1162 περὶ
1359 1109 1501 1149 αὐτοῦ.
1564 1107 1588 1148 ὁ
1618 1107 1696 1162 μὲν
1733 1107 1812 1162 γὰρ

316 1177 447 1223 πολὺς
477 1178 551 1232 τὴν
583 1178 767 1232 γλῶτταν
808 1177 961 1224 Ψελλὸς
998 1178 1042 1218 ἓν
1078 1178 1233 1232 θήραις
1272 1178 1429 1218 ἐκεῖνον
1459 1177 1563 1231 λέγει
1593 1176 1665 1217 τὸν
1694 1177 1812 1231 βασι-

316 1246 388 1287 λέα
411 1247 666 1301 σχολάζοντα
690 1246 761 1288 καὶ
784 1246 981 1301 συχνάκις
1001 1246 1075 1301 τὴν
1098 1246 1235 1294 δεξιὰν
1256 1245 1524 1300 λογχοφόρον
1546 1242 1608 1286 ἔπ’
1633 1246 1814 1299 ἄρκτους

316 1315 387 1356 καὶ
409 1315 513 1361 σύας
534 1316 847 1357 ἕπανατείνοντα
869 1315 1078 1370 βληθῆναι
1098 1315 1297 1369 πνεύματι
1328 1319 1482 1369 ψυχρῷ
1513 1314 1587 1368 τὴν
1617 1314 1812 1368 πλευράν,
1828 1323 1872 1358 15

316 1385 546 1426 κάντεῦθεν
578 1385 734 1439 φρίκην
756 1384 1032 1439 ἕπισυμβῆναι
1054 1384 1170 1438 αὐτῷ
1191 1383 1262 1425 καὶ
1283 1382 1461 1437 πυρετὸν
1483 1384 1529 1424 ἐκ
1551 1386 1623 1424 τοῦ
1645 1382 1812 1436 βάθους

281 1454 612 1509 3ἀναφλεγῆναι,
658 1455 714 1499 εἷς
754 1453 799 1495 δὲ
836 1453 909 1507 τὴν
949 1453 1146 1494 ἐπιοῦσαν
1178 1452 1393 1493 νύττεσθαι
1424 1451 1497 1506 τὴν
1527 1450 1710 1505 πλευρὰν
1740 1451 1812 1492 καὶ

317 1547 336 1582 1
364 1550 461 1587 ὅπως
478 1547 536 1583 τὸν
558 1547 598 1582 ἐκ
625 1552 686 1593 τῆς
712 1547 818 1592 δρυὸς
844 1548 1010 1582 κίνδυνον
1035 1547 1204 1592 ἐξέφυγεν
1229 1547 1249 1581 ὁ
1271 1545 1432 1592 βασιλεὺς
1458 1545 1518 1580 καὶ
1543 1546 1580 1580 οἵ
1601 1545 1681 1590 περὶ
1706 1545 1810 1580 αὐτόν

317 1596 380 1632 CE
574 1597 616 1630 11
643 1597 740 1634 ὅπως
764 1595 826 1641 τὴν
851 1596 1027 1641 βασιλείαν
1054 1595 1204 1630 ἀπέθετο
1230 1595 1250 1629 ὁ
1273 1594 1460 1639 Κομνηνὸς
1486 1593 1545 1628 καὶ
1570 1593 1726 1638 ἐμόνασε,
1753 1593 1810 1628 τὸν

315 1645 458 1679 Λοῦκαν
486 1644 634 1686 (ὃούκαν
662 1643 702 1688 C,
729 1654 766 1679 V.
796 1643 848 1678 ad
874 1643 985 1679 XVII
1013 1643 1067 1687 14,
1096 1643 1156 1687 24)
1182 1642 1493 1687 προχειρισάμενος
1516 1641 1660 1687 βασιλέα
1687 1640 1750 1676 ΟΕ

386 1728 410 1763 2
434 1727 502 1763 ὑπὸ
527 1727 628 1773 δρῦν]
654 1727 813 1773 ὕποὸρᾶν
839 1726 874 1762 D
1011 1727 1035 1762 4
1058 1728 1275 1772 περιίσταντο
1300 1725 1364 1761 BC
1508 1725 1530 1760 6
1554 1725 1746 1761 ε’κπαθεΐσα
1772 1725 1808 1760 D

436 1776 467 1811 δ’
482 1774 640 1821 prDi
738 1776 759 1811 7
783 1775 938 1821 μεγάλην
953 1775 1054 1810 πόλιν
1082 1776 1177 1821 Ewp
1275 1775 1297 1809 8
1323 1780 1373 1818 τῷ
1391 1774 1466 1818 θεῷ
1483 1773 1692 1818 χαριστήρια
1710 1773 1807 1819 pr

436 1827 526 1869 post
550 1837 713 1868 πρωτομ.
737 1824 829 1858 add.
856 1823 935 1868 ἁγία
962 1823 1086 1868 E(wp)
1165 1823 1186 1857 9
1212 1821 1276 1867 γὰρ
1296 1825 1386 1867 post
1404 1821 1492 1857 κατὰ
1510 1820 1573 1857 ΒΟ
1650 1822 1694 1855 10
1720 1824 1809 1867 post

387 1873 552 1907 κίνδυνον
578 1871 670 1906 add.
696 1871 780 1906 ναὸν
805 1870 843 1905 δὲ
867 1869 998 1917 πολλὴν
1024 1875 1285 1915 κατηγοροῦντα
1316 1875 1376 1914 τῆς
1407 1869 1541 1904 ἐκείνου
1571 1870 1809 1914 προαιρέσεως

386 1919 681 1964 μικροπρέπειαν·
709 1920 748 1954 ὃν
773 1920 794 1953 ὁ
817 1919 952 1953 ἐκείνου
974 1918 1140 1954 καθελὼν
1157 1918 1341 1963 ἒξανέψιος
1359 1918 1378 1951 ὁ
1395 1917 1625 1962 αὐτοκράτωρ
1644 1917 1807 1962 ι’ωάννης,

387 1969 408 2001 ὁ
432 1972 491 2002 τοῦ
517 1967 656 2008 ἀλεξίου
681 1968 765 2011 υἱός,
804 1967 945 2012 σφόδρα
971 1966 1246 2011 μεγαλοπρεπῶς
1271 1965 1511 2011 ἀνεδομήσατο
1539 1965 1587 2003 εἷς
1613 1965 1723 2009 ὄνομα
1749 1969 1808 1999 τοῦ

387 2020 547 2060 σωτῆρος
571 2015 676 2060 ἡμῶν
701 2015 804 2059 ιἠσοῢ
828 2019 972 2059 χριστοῦ
998 2014 1138 2060 Bpr‚
1166 2025 1202 2048 v.
1231 2015 1356 2059 praef.
1474 2014 1515 2047 11
1544 2016 1634 2058 post
1658 2012 1808 2047 ἀπέθετο

387 2063 480 2098 add.
498 2063 599 2101 οὗτος
616 2063 637 2097 ὁ
653 2063 813 2101 ἵσαάκιος
835 2061 964 2107 Bpr
1042 2062 1085 2096 12
1112 2066 1376 2106 συμφρονοῦσιν
1403 2059 1574 2106 CswpDi
1649 2060 1692 2095 13
1719 2063 1808 2106 post

385 2111 539 2156 γλῶτταν
565 2110 657 2145 add.
683 2111 703 2145 ὁ
727 2110 930 2156 σοφώτατος
957 2109 1064 2155 Ewp‚
1094 2120 1131 2144 v.
1147 2110 1199 2144 ad
1213 2109 1344 2144 XVIII
1357 2109 1427 2153 3‚2
1526 2108 1569 2142 14
1594 2107 1654 2143 καὶ
1681 2118 1755 2143 om.
1772 2107 1807 2142 D

388 2159 432 2194 15
458 2159 677 2194 ἀνατείνοντα
703 2158 733 2192 Β
833 2158 887 2193 16.
905 2158 948 2195 17
974 2156 1366 2202 κάντεῦθεν-πλευρὰν
1393 2167 1467 2191 om.
1482 2156 1518 2190 D
1601 2156 1646 2190 16
1671 2157 1808 2201 φρίκην

387 2217 462 2242 om.
490 2205 519 2242 C

278 2292 494 2327 5iumenta
528 2300 662 2326 rerum
696 2289 1018 2325 necessariarum
1056 2289 1228 2335 penui-Ia
1266 2288 1568 2324 laboraverunt.
1619 2287 1807 2324 Ceterum

315 2340 453 2385 pluvia
489 2342 527 2374 et
556 2339 652 2373 nive
679 2338 897 2383 paullisper
923 2337 1075 2380 sedata,
1114 2347 1187 2372 rex
1214 2337 1478 2371 tabernaculo
1510 2346 1698 2381 egressus
1730 2338 1806 2372 sub

314 2397 506 2431 magnam
533 2386 738 2431 quandam
765 2395 959 2430 quercum
992 2386 1033 2419 in
1060 2386 1244 2430 proximo
1273 2384 1479 2426 concessit,
1519 2385 1806 2420 circumstanti-

277 2436 389 2471 6bus
417 2444 629 2480 procerum
657 2433 910 2478 quibusdam.
963 2431 1058 2468 Orto
1086 2435 1221 2467 autem
1248 2442 1295 2467 eo
1323 2433 1410 2467 loco
1441 2432 1616 2477 fragore,
1656 2435 1695 2467 et
1721 2433 1806 2477 ipse

313 2493 386 2518 rex
413 2486 452 2517 et
479 2483 540 2517 sui
567 2481 661 2516 inde
688 2481 971 2522 discesserunt,
998 2484 1121 2525 atque
1147 2480 1268 2515 arbor
1294 2480 1427 2515 statim
1446 2480 1638 2514 radicitus
1664 2479 1806 2515 evulsa

277 2531 298 2567 7
314 2530 500 2565 concidit.
550 2529 752 2564 Reversus
779 2529 904 2573 igitur
922 2528 1142 2573 imperator
1163 2528 1204 2562 in
1223 2538 1412 2573 magnam
1430 2527 1571 2562 urbem
1591 2527 1643 2561 ad
1667 2531 1806 2572 grates

314 2578 365 2613 ob
392 2577 563 2612 salutem
590 2580 799 2621 acceptam
832 2575 907 2610 deo
941 2575 1231 2620 persolvendas
1269 2576 1375 2610 intra
1410 2574 1603 2620 palatium
1630 2574 1804 2610 Theclae

276 2626 619 2671 8prot0martyris
646 2624 788 2659 aedem
822 2623 1010 2666 condidit,
1051 2623 1160 2668 quod
1186 2632 1233 2658 eo
1261 2622 1335 2666 die,
1375 2632 1453 2667 quo
1481 2622 1586 2657 illius
1612 2623 1805 2658 memoria

313 2673 553 2715 celebratur,
579 2671 677 2706 illud
703 2671 926 2716 periculum
954 2671 1165 2716 effugerat.

431 2721 463 2755 7.
513 2720 630 2755 Nunc
655 2719 753 2753 illud
781 2718 994 2753 dicendum
1022 2722 1092 2762 est,
1123 2717 1463 2763 quemadmodum
1488 2727 1658 2763 regnum
1688 2717 1807 2763 depo-

276 2770 298 2804 2
314 2769 449 2811 suerit,
474 2768 547 2802 etsi
565 2767 781 2811 scriptores
801 2766 875 2800 hac
894 2766 944 2801 de
962 2776 1005 2800 re
1024 2777 1105 2801 non
1124 2766 1391 2800 consentiunt.
1441 2765 1540 2800 Nam
1561 2765 1724 2809 Psellus,
1744 2766 1806 2800 vir

312 2817 377 2851 ille
392 2815 752 2860 eloquentissimus,
776 2816 916 2848 narrat
934 2814 1043 2848 illum
1062 2813 1346 2848 venationibus
1366 2813 1555 2856 deditum,
1583 2823 1672 2847 cum
1692 2813 1806 2848 hasta

313 2874 435 2908 saepe
462 2866 501 2898 et
527 2873 643 2897 ursos
671 2865 710 2897 et
735 2872 856 2907 apros
883 2862 1031 2905 feriret,
1066 2861 1215 2906 frigido
1243 2864 1365 2895 vento
1398 2870 1486 2895 esse
1519 2861 1640 2895 ictum
1667 2861 1803 2905 latere,

275 2912 434 2957 3atque
462 2910 556 2947 inde
587 2910 821 2957 perh-ixisse
853 2913 892 2945 et
924 2910 1067 2945 febrim
1102 2919 1154 2944 ex
1190 2909 1269 2944 imo
1309 2908 1556 2944 efferbuisse.
1606 2908 1804 2944 Postridie
