1968 3302
276 201 298 239 4
676 192 856 236 ZONAR.
884 191 1014 232 EPIT.
1043 189 1140 231 XIII
1169 193 1201 239 1,
1230 188 1383 229 13-23.

233 324 439 379 ΟῬώμης
471 323 798 367 ἀναπετάσαντες
830 319 1086 366 εἰσεδέξαντο
1118 316 1189 358 τὸν
1221 315 1540 358 Κωνσταντῒνον
1571 315 1780 370 λαμπρῶς

275 394 346 435 καὶ
383 393 445 438 ὡς
482 390 771 445 ἕλευθερωτὴν
810 388 937 430 αὐτὸν
975 391 1047 440 τῆς
1086 385 1252 431 πόλεως
1295 385 1518 440 εὐφήμουν
1562 383 1633 426 καὶ
1676 384 1776 425 ἀπε-

276 463 493 516 σέμνυνον,
541 460 612 501 καὶ
645 459 795 512 στήλην
833 457 950 510 αὐτῷ
989 456 1032 496 ἐν
1069 459 1118 509 τῇ
1155 459 1228 509 τῆς
1254 454 1422 508 Ῥώμης
1459 454 1596 507 ἀγορᾷ
1634 457 1777 507 στῆσαι

215 536 261 571 14
274 533 430 575 κοινῶς
461 529 735 583 ἐψηφίσαντο.
791 527 814 567 ὁ
848 526 893 566 δὲ
924 525 970 565 τὸ
1008 528 1081 565 τοῦ
1120 527 1303 577 σταυροῦ
1343 526 1515 577 σημεῖον
1555 522 1774 576 ἐγκεχειρι-

275 600 431 654 σμένην
460 598 533 652 τὴν
555 597 706 651 στήλην
728 596 856 636 αὐτοῦ
878 593 1200 647 πλασθήσεσθαι
1223 592 1451 640 διετάξατο·
1484 591 1555 632 καὶ
1586 590 1774 645 δόγματα
1788 601 1811 638 5

104 668 321 709 W11146&
351 667 411 722 μὴ
445 665 699 714 κολάζεσθαι
732 663 798 705 διὰ
830 663 903 717 τὴν
935 662 1167 716 Ιθρησκείαν
1200 660 1297 706 τοὺς
1334 659 1404 701 τὸν
1436 658 1622 713 Χριστὸν
1653 659 1774 714 σεβο-

274 737 429 791 μένους
460 736 522 781 ὡς
552 733 655 775 θεὸν
687 732 999 785 ἐκπεφώνηκεν.

217 810 261 845 15
401 803 525 846 Οὕτω
559 802 605 843 δὲ
635 801 706 842 καὶ
737 805 809 854 τῆς
843 799 1009 846 Ἰταλίας
1040 799 1112 841 καὶ
1143 803 1214 853 τῆς
1240 798 1409 852 Ῥώμης
1441 798 1569 852 αὐτῆς
1601 812 1774 851 προστε-

274 873 419 927 θείσης
450 876 499 926 τῇ
530 870 716 925 βασιλείᾳ
749 869 891 922 αὐτοῦ,
925 868 1052 914 αὐτός
1082 884 1124 909 τε
1149 867 1220 909 καὶ
1241 866 1451 912 Λικίννιος
1479 866 1502 907 ὁ
1525 863 1589 907 ἐπ’
1613 866 1776 921 ἀδελφῇ

217 947 261 982 16
276 940 467 995 γαμβρὸς
504 940 633 980 αὐτοῦ
671 937 1006 991 κατελείφθησαν
1041 936 1234 991 βασιλεῖς.
1298 936 1321 977 ὃ
1354 935 1434 990 γὰρ
1466 934 1676 980 Λικίννιος
1705 934 1777 976 τόν
1791 945 1837 981 10

275 1026 317 1051 τε
349 1013 420 1050 τοῦ
442 1007 686 1061 ΛΙαξιιιιίνου
719 1005 811 1047 υἱὸν
842 1006 913 1047 καὶ
943 1006 1018 1060 τὴν
1049 1006 1262 1059 θυγατέρα
1288 1005 1498 1046 ἀπέκτεινε
1529 1003 1600 1044 καὶ
1631 1001 1902 1046 λοιπὸνΒΙΙΙ
1918 1011 1968 1047 17ι

275 1079 471 1132 ἑκάτερος
501 1077 661 1118 τούτων
693 1075 764 1117 τὸν
795 1076 934 1129 ἕτερον
965 1075 1235 1128 ὑπεβλέπετο·
1269 1074 1375 1127 ᾤετο
1406 1073 1485 1126 γὰρ
1508 1073 1682 1118 ἕκαστος
1702 1075 1776 1113 τοῦ

225 1152 260 1187 D
276 1147 369 1192 ἑνὸς
401 1146 677 1191 ἐπιλείποντος
709 1143 835 1190 αὐτὸς
865 1143 998 1198 μόνος
1024 1143 1193 1184 ἔσεσθαι
1214 1142 1444 1196 μόναρχος,
1477 1141 1536 1195 μὴ
1561 1141 1682 1187 ὄντος
1701 1144 1776 1182 τοῦ

276 1216 668 1270 ἀμφισβητήσοντος
698 1213 791 1267 περὶ
822 1218 894 1268 τῆς
927 1213 1074 1267 ἀρχῆς.

218 1289 262 1325 17
401 1283 454 1326 Οἳ
483 1283 561 1337 μὲν
593 1281 669 1324 οὗν
701 1282 813 1323 οὕτω
851 1281 923 1323 τὸν
954 1280 1166 1322 Λικίννιόν
1203 1295 1330 1334 φασιν
1367 1279 1549 1333 ἐγκρατῆ
1586 1278 1779 1333 γενέσθαι
1794 1288 1838 1324 15

276 1357 349 1408 τῆς
379 1352 423 1394 Γ
418 1353 609 1406 αλλερίου
639 1351 826 1405 μερίδος,
871 1349 1079 1392 κοινωνὸν
1110 1347 1210 1402 παρ’
1245 1349 1405 1389 ἐκείνου
1436 1348 1778 1402 προσληφθέντα,

219 1428 264 1462 18
278 1422 340 1468 ὡς
371 1422 546 1476 εἴρηται·
589 1421 628 1461 οἳ
661 1420 706 1461 δὲ
737 1424 809 1474 τῆς
839 1423 913 1460 τοῦ
946 1418 1266 1460 Κωνσταντίνου
1299 1417 1484 1471 ἀδελφῆς
1515 1416 1615 1470 παρ’
1649 1416 1779 1458 αὐτοῦ

278 1490 522 1544 συζυγείσης
565 1489 696 1542 αὐτῷ,
744 1488 907 1542 λέγουσι
951 1486 1047 1533 τοὺς
1092 1487 1345 1541 στρατιώτας
1381 1491 1442 1540 τῷ
1473 1485 1780 1540 Κωνσταντίνῳ
1964 1495 1968 1518 ¹

278 1559 582 1614 χαριζομένους
613 1557 811 1611 Καίσαρα
849 1556 977 1598 αὐτὸν
1015 1556 1205 1610 ἀνειπεῖν,
1254 1555 1325 1596 καὶ
1355 1552 1455 1608 παρ’
1491 1555 1651 1596 ἐκείνου
1683 1569 1779 1596 στα-

221 1635 265 1669 19
278 1629 397 1684 λῆναι
440 1627 568 1668 αὐτὸν
611 1631 672 1680 τῷ
709 1626 939 1679 ᾹΙαξιμίνῳ
983 1624 1431 1679 ἀντιπαραταξάμενσν,
1479 1622 1710 1678 νενικηκότι
1741 1619 1779 1665 δ’
1794 1632 1841 1669 20

279 1699 438 1740 ἐκεῖνον
470 1696 541 1738 καὶ
572 1695 1003 1749 κατατροπωσα,ιιένῳ
1037 1694 1278 1748 ἐκχωρῆσαι
1299 1697 1372 1748 τῆς
1392 1692 1600 1747 βασιλείας
1621 1692 1781 1746 ἐκείνῳ,

277 1823 300 1858 8
326 1823 376 1858 ὅτι
402 1822 462 1857 καὶ
488 1826 549 1867 τῆς
566 1820 704 1866 Ῥώμης
730 1819 791 1856 καὶ
816 1824 876 1865 τῆς
891 1819 1037 1858 Ἰταλίας
1053 1819 1245 1864 ἐκράτησεν
1272 1819 1292 1853 ὁ
1315 1818 1422 1864 μέγας
1440 1818 1705 1856 Κωνσταντΐνος
1719 1815 1783 1852 ΟΕ

355 1942 377 1978 5
404 1942 518 1988 δόγμα
536 1941 638 1988 pr
738 1942 760 1977 9
786 1944 881 1977 ante
906 1940 990 1975 Λικ.
1020 1939 1111 1975 add.
1138 1941 1158 1975 ὁ
1183 1938 1212 1976 C
1309 1939 1469 1977 Λικίνιος
1488 1938 1624 1984 Bpr
1652 1939 1703 1980 (v.
1730 1937 1784 1972 ad

352 1990 449 2025 XIII
478 1991 509 2033 1,
536 1991 573 2034 6)
769 1990 812 2024 11
837 1991 1054 2035 μαξιμιανοῦ
1081 1988 1149 2026 Dw
1176 1999 1222 2032 w,
1263 1988 1334 2023 sed
1366 1989 1433 2023 Wo
1460 1987 1544 2022 lat:
1574 1985 1783 2021 Maximini

354 2039 399 2074 13
423 2039 532 2083 μόνος
560 2049 635 2074 om.
662 2037 694 2073 E
850 2039 1030 2082 μόναρχος
1056 2037 1196 2072 ἔσεσθαι
1219 2036 1223 2080 Ι
1247 2036 1277 2070 Ε
1442 2035 1485 2069 16
1511 2035 1710 2080 γαλλερίδος
1735 2033 1783 2078 D,

353 2097 455 2122 corr.
481 2086 552 2124 Dw
689 2086 774 2130 παρ’
800 2086 936 2120 ἐκείνου
964 2095 1038 2120 om.
1069 2084 1097 2120 C
1238 2084 1281 2119 17
1308 2083 1454 2130 εἴρηται]
1484 2084 1520 2118 Π
1547 2094 1584 2129 p.
1600 2082 1681 2127 6‘24,
1697 2083 1715 2117 1
1733 2092 1782 2118 SS.

351 2135 399 2170 20
423 2134 520 2179 αὐτῷ
548 2134 596 2179 D,
623 2144 725 2170 corr.
751 2133 820 2172 Dw
942 2134 986 2168 21
1013 2133 1150 2168 ἐκείνου
1179 2132 1276 2178 pr

280 2254 498 2301 tyrannide
523 2254 695 2290 Romani
721 2254 880 2290 liberati
907 2254 1034 2300 portis
1061 2253 1211 2300 apertis
1238 2251 1546 2288 Constantinum
1573 2251 1784 2297 splendide

282 2307 544 2348 exceperunt,
589 2305 635 2337 ut
675 2302 935 2338 liberatorem
977 2303 1091 2338 urbis
1128 2301 1244 2337 laetis
1284 2300 1645 2336 acclamationibus
1684 2299 1784 2335 cele-

224 2350 269 2385 14
282 2352 460 2395 brantes‚
488 2351 651 2386 decreta
678 2351 719 2385 in
746 2351 835 2386 foro
862 2353 1009 2394 statua,
1043 2360 1165 2395 quam
1192 2349 1257 2383 ille
1283 2350 1339 2383 ita
1366 2349 1452 2383 fieri
1479 2348 1606 2392 iussit,
1634 2351 1680 2382 ut
1706 2348 1783 2383 for-

282 2409 389 2434 mam
422 2399 553 2434 crucis
586 2408 712 2433 manu
744 2402 918 2444 teneret3
958 2402 998 2434 et
1029 2398 1171 2434 edictis
1203 2397 1332 2432 vetuit
1364 2406 1444 2440 eos,
1485 2397 1554 2441 qui
1582 2395 1782 2432 Christum

283 2457 356 2492 pro
385 2446 460 2482 deo
488 2446 678 2490 colerent,
707 2446 758 2481 ob
785 2447 1024 2492 religionem
1051 2445 1183 2491 plecti.

224 2493 270 2528 15
402 2493 468 2530 Sic
492 2494 609 2528 Italia
636 2499 675 2529 et
700 2495 788 2539 ipsa
815 2494 943 2529 Roma
970 2494 1057 2529 eius
1083 2493 1252 2538 imperio
1280 2492 1474 2527 adiuncta
1503 2502 1592 2527 cum
1613 2491 1782 2536 Licinio,

225 2541 270 2576 16
285 2542 349 2576 eui
383 2552 497 2577 soror
531 2542 618 2577 eius
652 2547 781 2587 nupta
817 2546 914 2586 erat,
949 2542 1163 2587 imperium
1199 2541 1340 2576 tenuit.
1392 2540 1430 2575 Is
1457 2551 1548 2575 eum
1574 2540 1784 2575 Maximini

285 2593 325 2624 et
350 2589 473 2624 filium
502 2592 541 2624 et
559 2589 678 2623 filiam
701 2589 923 2633 occidisset,
949 2591 1029 2624 iam
1047 2592 1220 2634 uterque
1239 2588 1354 2623 alteri
1372 2591 1595 2633 suspectus,
1624 2587 1783 2624 sublato

285 2637 411 2671 altero
438 2647 481 2671 se
508 2637 636 2671 solum
663 2638 831 2682 imperio
859 2638 1081 2683 potiturum
1108 2636 1290 2682 putabat,
1317 2636 1478 2671 nemine
1505 2636 1582 2671 alio
1611 2636 1652 2671 id
1671 2635 1722 2670 ad
1743 2645 1785 2671 se

285 2684 555 2719 vindicatum.

227 2731 271 2766 17
405 2730 465 2766 Ac
489 2732 672 2766 nonnulli
691 2733 747 2768 sic
767 2734 938 2778 potitum
957 2743 1044 2769 esse
1061 2731 1263 2767 Licinium
1282 2736 1397 2778 parte
1417 2731 1567 2768 Galerii
1586 2734 1785 2776 asserunt,

227 2779 272 2814 18
286 2779 439 2814 socium
467 2779 517 2813 ab
551 2779 616 2814 illo
650 2781 831 2824 ascitum,
871 2785 916 2816 ut
948 2781 1098 2816 dictum
1131 2784 1208 2826 est3
1249 2781 1433 2815 nonnulli
1465 2782 1507 2815 in
1533 2779 1786 2816 Constantini

286 2827 470 2872 gratiam,
505 2837 596 2862 eum
626 2837 806 2863 sororem
833 2830 869 2864 ei
896 2828 1188 2875 despondisset,
1216 2839 1240 2863 a
1266 2828 1459 2864 militibus
1486 2828 1700 2864 Caesarem
1727 2837 1786 2863 sa-

228 2874 457 2910 191utatum
491 2878 529 2910 et
565 2875 616 2910 ab
651 2876 738 2922 ipso
773 2880 914 2912 contra
940 2877 1203 2913 Maximinum
1238 2877 1402 2912 missum
1438 2887 1569 2922 eoque
1604 2877 1710 2912 vieto
1746 2879 1786 2913 et
