1968 3302
308 255 384 292 XX
947 255 1164 291 Praefatio.

428 377 474 420 Si
515 376 678 420 codicis
716 376 785 419 vel
825 376 1024 418 editionis
1056 379 1157 417 nota
1190 374 1311 416 uncis
1342 374 1500 418 lunatis
1532 379 1597 417 est
1628 374 1807 429 inclusa,

309 450 426 492 velut
458 450 574 491 αἰτίω
607 449 648 490 Α
682 449 809 502 (Rw),
858 448 1072 504 scriptura
1111 447 1234 490 huius
1273 447 1368 489 libri
1401 447 1470 489 vel
1503 446 1651 489 horum
1684 447 1808 490 libro-

307 535 400 563 rum
444 521 511 563 vel
552 521 750 563 editionis
796 520 946 562 cadem
993 518 1164 574 quidem
1204 524 1268 561 est
1307 523 1436 573 atque
1479 518 1642 561 codicis
1674 519 1808 573 allati,

308 592 384 635 scd
418 592 472 636 de
504 594 630 636 rebus
663 592 1009 648 orthographicis
1042 605 1276 634 consensus
1307 605 1391 634 non
1425 595 1488 634 est
1521 595 1649 633 totus.

430 664 433 723 Ι
468 670 569 708 nota
600 665 711 720 post
743 666 996 720 scripturam
1030 663 1181 706 addita
1213 663 1427 718 significat
1450 676 1618 706 versum
1653 676 1810 706 exeun-

307 742 406 793 tem,
440 738 550 780 aute
583 738 838 793 scripturam
871 736 1043 779 adiecta
1075 749 1244 779 versum
1277 736 1508 779 ineuntem.

426 827 445 848 ιιι
476 809 689 864 significat
728 810 771 851 in
826 813 1029 851 contextu
1068 809 1208 851 locum
1251 812 1508 864 corruptum,
1553 809 1596 850 in
1635 811 1807 851 annota-

308 881 423 925 tione
457 882 607 924 critica
639 882 830 936 singulas
861 881 1028 923 litteras
1061 894 1220 923 erasas.

428 970 492 991 *ηε*
526 953 741 1009 significat
773 954 815 995 in
849 957 1053 996 contextu
1085 953 1296 995 lacunam.

427 1059 436 1068 .
465 1026 678 1080 significat
700 1026 744 1068 in
767 1025 990 1081 scripturis
1015 1024 1209 1068 codicum
1234 1038 1343 1079 quae
1367 1024 1601 1067 afferuntur
1624 1024 1806 1080 spatium

306 1098 428 1141 unius
460 1098 629 1141 litterae
661 1099 703 1140 in
737 1098 904 1141 lacuna.

425 1171 655 1213 Praeterea
688 1171 754 1213 his
788 1170 1052 1227 compendiis
1084 1171 1148 1213 usi
1182 1183 1346 1213 sumus:

365 1243 512 1285 B-W:
547 1242 723 1285 editoris
756 1243 1055 1285 annotationes
1076 1244 1103 1284 1.

365 1314 450 1356 Di:
485 1315 657 1357 Ioannis
690 1315 884 1358 Zonarae
917 1315 1103 1370 epitome
1136 1313 1423 1356 historiarum.
1487 1312 1637 1355 Edidit
1669 1312 1808 1355 Ludo-

485 1387 605 1429 vicus
638 1386 884 1430 Dindorfins
917 1386 1036 1442 Lips.
1075 1386 1186 1428 1868
1206 1399 1260 1428 ss.
1282 1386 1311 1427 ².

426 1457 633 1509 Quoniam
658 1458 903 1501 Dindorfius
935 1457 1167 1501 secundum
1194 1457 1384 1500 codicem
1409 1457 1446 1499 A
1480 1457 1690 1499 Zonaram
1721 1456 1809 1499 edi-

306 1529 383 1584 dit,
416 1543 493 1586 per
515 1544 560 1573 se
585 1530 847 1586 intellegitur
870 1531 1123 1586 scripturam
1147 1530 1202 1572 ab
1227 1543 1275 1573 co
1300 1542 1546 1585 expressam
1571 1529 1809 1571 consentire

307 1615 402 1644 cum
435 1601 584 1644 codiee
616 1602 670 1656 A,
720 1603 800 1645 nisi
834 1601 936 1656 quid
971 1601 1130 1645 diserte
1163 1601 1338 1643 additur
1370 1601 1438 1643 vel
1472 1599 1684 1654 quaedam
1720 1600 1811 1643 eius

307 1673 469 1716 codicis
501 1674 742 1730 proprietas
774 1675 992 1730 pertinens
1024 1673 1080 1717 ad
1115 1687 1182 1716 res
1220 1672 1580 1728 orthographicas
1619 1672 1809 1715 affertur.

350 1747 491 1789 Dua:
523 1747 737 1802 Ducangii
756 1747 1067 1790 annotationes.
1103 1745 1147 1788 Si
1171 1747 1329 1788 nomini
1348 1745 1509 1787 numeri
1529 1744 1702 1787 Arabici
1720 1744 1809 1787 adi-

522 1819 700 1874 ciuntur,
735 1820 1041 1874 intelleguntur
1074 1820 1260 1874 paginae
1293 1818 1616 1861 annotationum
1639 1817 1808 1860 Ducan-

520 1891 742 1945 gianarum
777 1891 954 1933 editioni
988 1890 1245 1934 additarum.

322 1962 373 2005 G.
407 1962 484 2005 M.:
520 1963 694 2018 Georgii
718 1962 916 2006 Monachi
951 1962 1182 2006 chronicon
1215 1961 1351 2004 edidit
1374 1962 1423 2005 E.
1449 1962 1503 2004 de
1527 1961 1709 2005 Muralto
1733 1962 1810 2003 Pe-

521 2035 675 2090 tropoli
713 2035 837 2077 1859.

325 2106 376 2148 L.
412 2106 487 2149 G.:
521 2106 679 2149 Leonis
713 2107 992 2150 Grammatici
1036 2106 1380 2162 chronographia
1421 2120 1474 2148 ex
1516 2104 1810 2161 recognitione

521 2179 793 2222 Innnanuelis
827 2179 1015 2223 Bckkeri
1050 2180 1224 2222 Bonnae
1261 2180 1389 2221 1842.

307 2250 388 2292 Th.
413 2250 484 2292 M.:
520 2250 752 2293 Theodosii
776 2250 965 2293 Meliteni
990 2251 1061 2305 qui
1084 2251 1216 2293 fertur
1248 2249 1594 2305 chronographia
1618 2281 1627 2291 .
1645 2282 1655 2291 .
1675 2281 1684 2291 .
1710 2248 1806 2290 Edi-

519 2322 583 2365 dit
625 2327 667 2365 et
705 2323 955 2365 reformavit
996 2323 1243 2365 Fridericus
1277 2322 1401 2365 Tafel
1436 2320 1633 2364 Monachi
1677 2320 1804 2362 1859.

426 2490 437 2514 ¹
466 2491 569 2532 Quia
595 2491 732 2527 nullae
759 2491 956 2527 editiones
983 2492 1059 2526 nisi
1077 2491 1219 2534 Wolfii,
1248 2489 1462 2534 Ducangst,
1490 2488 1689 2523 Dindorfii
1716 2491 1810 2523 sunt

306 2551 597 2596 respiciendae,
625 2562 699 2586 nos
726 2551 1006 2597 discrepantiis
1033 2561 1172 2586 earum
1200 2550 1368 2584 adiectis
1388 2550 1427 2583 in
1456 2549 1719 2584 annot-atione
1739 2548 1809 2582 cri-

306 2611 386 2645 tica
412 2615 594 2646 nostrum
620 2622 766 2647 nomen
794 2616 1027 2647 constanter
1055 2612 1141 2646 fere
1168 2611 1392 2653 omisimus3
1418 2620 1511 2643 nam
1531 2609 1709 2643 dubitari
1729 2619 1810 2643 non

307 2673 450 2715 potest,
490 2672 597 2716 quin,
638 2673 962 2717 quotiescunque
1000 2672 1040 2706 in
1080 2674 1218 2706 nostra
1259 2671 1434 2705 editione
1467 2670 1650 2704 Zonarae
1682 2668 1809 2703 verba

308 2729 423 2764 aliter
450 2731 670 2766 constituta
698 2735 791 2766 sunt
817 2735 939 2777 atque
966 2731 1077 2776 apud
1092 2730 1278 2766 Wolfium
1302 2734 1341 2765 et
1361 2730 1622 2774 Dueangium
1651 2731 1690 2763 et
1715 2727 1809 2762 Din-

309 2789 490 2832 dorfiurn,
519 2790 558 2824 id
586 2791 702 2826 nobis
730 2791 894 2836 quidem
923 2791 1132 2826 debeatur.

425 2846 441 2870 2
466 2848 511 2882 In
538 2850 791 2894 marginibus
818 2855 981 2886 nostrae
1009 2850 1196 2886 editionis
1223 2849 1452 2884 addidimus
1480 2858 1670 2884 numeros
1696 2848 1808 2893 pagi-

307 2917 451 2942 narum
479 2908 665 2944 editionis
693 2909 834 2954 Wolfii‚
869 2910 1084 2956 Dueang'ii,
1121 2909 1333 2953 Dindorfii,
1373 2909 1520 2955 quibus
1548 2907 1807 2954 praefiximus

311 2967 467 3002 litteras
491 2967 551 3012 W,
578 2967 620 3012 P,
647 2968 694 3003 D.
