2066 3230
344 246 414 281 728
571 252 580 261 ”
724 246 904 283 ZONAR.
932 248 1061 284 EPIT.
1089 248 1219 284 XVIII
1246 249 1302 293 20,
1330 249 1457 286 7-18.

345 369 502 423 μίτζων
541 369 822 423 κατεχομένου
861 369 1026 423 πύργου
1065 370 1260 424 ἐξωτέρω
1291 371 1409 425 τείχει
1438 371 1702 426 προσέβαλον
1733 371 1838 413 κατὰ

312 441 560 495 8σύνθημα,
606 442 646 482 οἱ
677 438 714 482 δ’
748 441 976 493 ἐφεστῶτες
1009 440 1126 494 αὐτῷ
1155 439 1252 486 τοὺς
1290 440 1629 494 προσβάλλοντας
1665 441 1840 496 ἔβαλλον

313 511 420 553 9καὶ
451 511 647 564 ἀπεῖργον
677 514 750 551 τοῦ
781 510 994 563 προσιέναι
1026 509 1170 563 ἀγχοῦ.
1233 509 1294 554 ὡς
1327 506 1363 550 δ’
1397 508 1480 550 ὑπὸ
1511 512 1597 551 τῶν
1617 509 1840 564 Νεμίτζων

350 581 397 622 ἐκ
433 583 507 621 τοῦ
543 579 708 632 πύργου
747 579 786 619 οἱ
823 578 866 619 ἐν
903 582 964 632 τῷ
1005 578 1123 632 τείχει
1167 578 1402 632 ἐβάλλοντο,
1445 577 1506 632 μὴ
1545 578 1627 620 οἷοί
1653 594 1695 620 τε
1726 579 1841 625 ὄντες

350 648 419 691 καὶ
456 647 564 701 πρὸς
601 646 697 692 τοὺς
736 645 854 692 ἐκτὸς
894 647 1169 688 ἀνθίστασθαι
1205 647 1276 688 καὶ
1312 646 1421 701 πρὸς
1458 646 1554 693 τοὺς
1585 646 1700 694 ε’ντός
1731 647 1877 690 ἀπο-5

350 717 574 772 μάχεσθαι,
619 716 664 763 ἐξ
700 715 958 769 ὑπερδεξίων
995 716 1051 761 εἰς
1090 714 1241 761 αὐτοὺς
1279 715 1580 764 ἀκοντίζοντας,
1625 716 1840 758 ἐνέδωκαν

293 784 340 819 10
351 789 422 839 τῆς
465 784 611 838 ὁρμῆς.
674 784 713 825 οἱ
752 782 797 825 δὲ
839 786 1180 838 τειχομαχοῦντες
1222 784 1413 838 κλίμαξιν
1455 783 1602 826 αὐτίκα
1645 784 1753 839 πρὸς
1794 783 1841 826 τὸ

302 853 482 907 Βτεῒχος
520 851 699 907 ἀνῄεσαν
735 851 806 893 καὶ
841 851 889 892 τὰ
927 852 1102 906 κλεῖθρα
1142 856 1228 894 τῶν
1257 853 1404 894 πυλῶν
1436 852 1694 907 διατεμόντες
1724 853 1841 895 πελέ-

295 922 465 963 11κεσιν
507 921 651 962 ἄνετον
693 924 777 967 τοῖς
820 921 1082 975 συνωμόταις
1124 921 1337 975 παρέσχον
1379 921 1453 976 τὴν
1497 922 1669 963 εἴσοδον.
1739 922 1843 975 ὅπερ

354 989 508 1035 ἰδόντες
540 990 579 1030 οἳ
608 988 680 1030 τὸν
711 988 825 1035 ἐντὸς
854 993 1074 1044 τηροῦντες
1104 990 1337 1044 περίβολον,
1370 990 1598 1044 σύγκλυδες
1619 990 1846 1044 ἅνθρωποι
1861 995 1905 1031 10

354 1058 424 1100 καὶ
454 1058 653 1112 πολέμων
685 1059 725 1099 οἳ
755 1058 937 1105 πλείονες
969 1059 1110 1105 ἀδαεῖς
1140 1061 1166 1113 ἢ
1197 1059 1356 1113 μᾶλλον
1388 1059 1433 1107 ἐξ
1458 1059 1673 1114 ἀγοραίων
1694 1059 1844 1113 ἀθροι-

355 1127 523 1173 σθέντες
553 1126 623 1167 καὶ
659 1126 852 1181 πληθύος
891 1127 1126 1181 δημότιδος,
1171 1128 1211 1169 οῖ
1240 1126 1318 1182 μὲν
1348 1127 1555 1174 κατιόντες
1586 1129 1764 1182 ᾤχοντο,
1809 1128 1848 1169 οἳ

298 1196 343 1231 1‘2
357 1195 402 1237 δὲ
442 1194 513 1236 καὶ
552 1194 725 1242 ἑαυτοὺς
762 1195 1004 1250 ἐπισφαλῶς
1046 1196 1450 1250 κατακρημνίζοντες
1493 1197 1683 1250 ἔφευγον.
1745 1196 1848 1238 ὅθεν

356 1262 461 1305 κατὰ
483 1263 641 1318 πολλὴν
668 1267 742 1305 τοῦ
774 1264 1040 1311 κωλύσοντος
1072 1265 1248 1319 ἐρημίαν
1278 1265 1350 1306 καὶ
1380 1265 1451 1306 τὸν
1483 1264 1597 1311 ἐντὸς
1627 1265 1850 1320 περίβολον

358 1333 398 1374 οἳ
434 1332 529 1386 περὶ
564 1331 660 1378 τοὺς
691 1332 946 1387 Κομνηνοὺς
980 1333 1258 1388 παρειλήφασι
1295 1333 1366 1374 καὶ
1409 1332 1482 1379 τὰς
1524 1333 1672 1375 τούτου
1715 1333 1850 1380 πύλας
1864 1338 1910 1373 15

357 1401 518 1455 ὁμοίως
539 1400 865 1448 ἀναπετάσαντες
893 1401 1024 1456 βατὴν
1053 1402 1128 1457 τὴν
1157 1402 1277 1444 πόλιν
1307 1403 1430 1443 παντί
1457 1418 1540 1444 που
1572 1403 1847 1457 παρέσχοντο·

301 1471 346 1507 13
359 1469 431 1511 καὶ
473 1469 620 1511 αὐτίκα
658 1468 766 1523 πρὸς
806 1469 1041 1525 διαρπαγὴν
1079 1471 1309 1525 χρημάτων
1348 1471 1389 1511 οἷ
1419 1470 1670 1517 εἰσελθόντες
1701 1471 1850 1526 ὡρμή-

363 1588 408 1623 13
433 1588 498 1622 ὅσα
522 1587 583 1623 καὶ
608 1587 663 1622 οἶα
689 1588 844 1633 γεγόνασι
861 1587 957 1632 παρὰ
974 1593 1036 1623 τοῦ
1056 1588 1255 1634 <πλήθους>
1275 1589 1491 1628 εἰσελθόντος
1508 1589 1556 1628 εἶς
1574 1588 1636 1634 τὴν
1655 1588 1851 1633 <μεγάλην>

360 1635 461 1670 πόλιν
487 1634 516 1671 C
554 1635 676 1680 (quae
714 1644 824 1671 nunc
862 1636 1037 1671 evanida
1075 1640 1168 1672 sunt.
1206 1637 1247 1671 in
1283 1636 1433 1681 codice,
1476 1636 1680 1682 supplevit
1711 1636 1854 1681 B-W)‚
1896 1656 1900 1660 -

362 1683 492 1722 ἅλωσις
517 1688 576 1728 τῆς
600 1683 737 1722 πόλεως
762 1682 793 1718 Ε

435 1789 455 1824 1
481 1789 716 1835 προςέβαλλον
743 1788 841 1834 CDz',
869 1790 940 1826 sed
966 1802 1004 1826 v.
1022 1790 1277 1826 Hultschium
1303 1789 1380 1826 Die
1407 1791 1551 1826 erza‘hl.
1578 1789 1701 1836 Zeitf.
1727 1791 1760 1827 b.
1784 1792 1857 1827 Po-

435 1836 564 1884 lybios
591 1837 686 1872 XXI
713 1837 758 1873 15
914 1838 937 1872 2
963 1839 1322 1885 σύνθημα-ἔβαλλον
1349 1850 1424 1874 om.
1451 1839 1482 1874 E
1640 1838 1679 1874 δὲ
1705 1837 1858 1883 prDz'

483 1884 564 1923 τοὺς
587 1885 867 1931 προςβάλλοντας
882 1884 963 1928 AR,
987 1886 1075 1931 πρὸς
1101 1886 1181 1925 τοὺς
1205 1887 1395 1932 βάλλοντας
1422 1886 1469 1930 D,
1495 1885 1576 1926 τοὺς
1600 1886 1687 1931 πρὸς
1711 1887 1857 1932 βάλλον-

435 1946 493 1971 τας
519 1931 605 1978 w*p
703 1932 726 1967 4
751 1936 842 1978 post
868 1939 916 1978 τῷ·
943 1933 1035 1968 add.
1061 1934 1130 1974 ἔξω
1159 1933 1187 1970 C
1297 1934 1318 1969 6
1343 1934 1432 1978 πρὸς
1458 1934 1487 1970 C
1593 1934 1615 1969 9
1639 1936 1858 1979 συνωμόταις

437 1979 468 2015 Ο
495 1979 581 2024 (sed
608 1990 659 2015 ex
686 1982 884 2025 συνωμότες
912 1991 1012 2016 corr.
1038 1981 1084 2025 Β)
1112 1980 1178 2025 Di,
1205 1981 1416 2026 ovvwlpto'tsg
1442 1980 1487 2025 A,
1528 1983 1734 2026 συνομόταις
1760 1982 1856 2027 Ewp

437 2028 483 2062 10
508 2027 651 2072 ἰδόντες]
679 2028 728 2067 ὡς
746 2027 840 2063 εἶδον
858 2027 887 2064 C
984 2029 1054 2073 τὸν]
1079 2034 1148 2064 τῶν
1167 2029 1206 2073 C,
1234 2029 1291 2064 τὸν
1310 2040 1361 2065 ex
1379 2035 1450 2064 τῶν
1468 2040 1569 2065 corr.
1583 2028 1619 2064 A
1715 2034 1857 2074 τηροῦν-

437 2101 491 2126 τες
518 2113 668 2123 .......
694 2088 880 2133 περίβολον
905 2087 933 2124 C
1033 2088 1076 2123 12
1101 2089 1260 2134 πλήθους
1283 2088 1322 2132 C,
1348 2086 1527 2133 πληθείως
1543 2089 1579 2124 D
1678 2089 1723 2124 13
1747 2089 1859 2133 ἀσφα-

437 2135 507 2174 λῶς
534 2134 565 2170 Ε
663 2135 707 2170 17
733 2136 923 2181 ὥρμήκασι
950 2134 1117 2182 prffl,
1153 2137 1364 2182 ὡρμήκασιν
1388 2136 1434 2179 Α,
1462 2148 1499 2172 V.
1527 2137 1578 2172 ad
1604 2136 1701 2172 XIII
1731 2137 1762 2181 1,
1788 2137 1811 2172 ὃ

367 2254 565 2299 passionis
597 2255 816 2290 servatoris
848 2255 973 2290 nostri
1002 2254 1195 2291 Comneni
1227 2256 1268 2291 in
1298 2266 1457 2291 murum
1484 2256 1725 2291 exteriOrem
1751 2265 1773 2291 e
1798 2265 1858 2291 re·-

366 2302 489 2347 gione
515 2301 631 2346 illius,
671 2312 790 2347 quam
817 2301 987 2339 Nemitzi
1013 2303 1219 2348 tenebant,
1254 2314 1304 2339 ex
1333 2304 1553 2349 composito
1581 2304 1766 2339 fecerunt
1790 2303 1859 2338 im-

271 2347 304 2382 8.
331 2347 515 2395 9petum,
543 2359 644 2395 quos
662 2350 883 2386 subeuntes
902 2350 990 2386 telis
1009 2351 1204 2386 arcebant
1231 2351 1476 2387 defensores.
1528 2351 1645 2393 Quod
1671 2353 1806 2386 autem
1833 2361 1857 2385 a

366 2396 556 2432 Nemitzis
581 2397 620 2441 ii,
660 2398 728 2442 qui
754 2399 796 2432 in
821 2399 946 2433 muris
973 2402 1098 2442 erant,
1139 2409 1189 2434 ex
1222 2400 1323 2434 turri
1358 2399 1599 2444 petebantur
1631 2408 1708 2433 nec
1742 2398 1858 2433 simul

368 2445 547 2480 externis
579 2448 618 2480 et
650 2446 819 2482 internis
851 2446 1033 2481 hostibus
1060 2457 1082 2482 e
1108 2447 1317 2492 superiore
1348 2447 1436 2481 loco
1467 2446 1739 2481 iaculantibus
1765 2446 1858 2480 resi-

310 2491 355 2526 10
367 2495 473 2528 stere
499 2494 698 2538 poterant,
725 2494 918 2539 impetum
944 2494 1197 2529 remiserunt.
1248 2494 1324 2536 Qui
1351 2504 1448 2529 vero
1469 2494 1629 2529 moenia
1650 2503 1858 2539 oppugna-

367 2540 477 2582 bant,
503 2539 621 2575 scalis
647 2541 778 2575 statim
805 2551 921 2575 muro
948 2551 1168 2577 conscenso
1197 2545 1488 2587 portarumque
1512 2541 1695 2576 claustris
1721 2541 1858 2586 bipen-

310 2587 351 2622 11
368 2588 487 2623 nibus
505 2588 728 2633 perfractis,
747 2588 918 2624 liberum
938 2589 1156 2627 coniuratis
1175 2590 1401 2635 ingressum
1420 2590 1711 2634 patefecerunt.
1741 2587 1857 2629 Quod

368 2635 591 2680 conspicati
618 2636 687 2681 qui
713 2636 907 2671 interiora
932 2637 1093 2672 moenia
1119 2638 1350 2679 tuebantur,
1377 2646 1585 2672 convenae
1611 2638 1648 2671 et
1666 2635 1760 2671 belli
1778 2635 1858 2680 ple-

367 2683 485 2727 rique
510 2682 633 2718 rudes
660 2693 707 2718 ac
733 2684 867 2729 potius
895 2694 946 2719 ex
973 2684 1304 2719 circumforaneis
1332 2684 1485 2720 collecti
1504 2683 1744 2728 Plebeiaque
1761 2682 1858 2718 mul-

367 2730 550 2775 titudine,
576 2730 643 2765 alii
671 2731 927 2775 descendere,
967 2731 1034 2766 alii
1072 2742 1115 2767 se
1154 2742 1243 2766 cum
1282 2731 1470 2776 periculis
1505 2731 1773 2776 praecipitare
1809 2740 1858 2764 ac

311 2777 355 2812 12
369 2778 508 2823 fugam
543 2788 766 2823 capessere.
817 2778 961 2824 Itaque
994 2778 1187 2815 Comneni
1220 2779 1340 2814 etiam
1371 2779 1564 2814 interiora
1598 2778 1758 2813 moenia
1794 2777 1856 2812 de-

369 2825 598 2860 fensoribus
631 2826 752 2871 plane
784 2836 917 2861 vacua
946 2829 1152 2872 occupant·
1180 2836 1401 2872 eorumque
1433 2826 1558 2871 portis
1585 2825 1722 2860 itidem
1750 2827 1857 2870 pate-

311 2872 356 2906 13
369 2873 487 2907 factis
514 2873 642 2908 cuivis
668 2874 709 2908 in
735 2874 878 2909 urbem
905 2874 1059 2909 aditum
1085 2875 1282 2919 aperiunt,
1310 2874 1442 2908 statim
1464 2873 1515 2908 ad
1543 2873 1788 2918 direptiones
1815 2882 1858 2907 se

371 2923 663 2965 convertentes,
691 2921 841 2966 quippe
867 2921 987 2956 turba
1005 2922 1206 2967 permixta
1225 2932 1274 2956 ex
1295 2921 1530 2965 Thracibus,
1557 2919 1858 2962 Macedonibus,
