2054 3282
302 222 504 260 PHOCAS
531 222 820 260 TYRANNVS.
871 221 1110 260 MAVRICII
1134 221 1240 259 CVM
1264 221 1376 258 SVIS
1403 221 1615 258 CAEDES.
1670 222 1736 258 197

237 345 452 400 ἠρέθιστο·
496 345 567 386 καὶ
606 345 810 400 ἀχθέντος
846 346 903 391 εἰς
938 344 1009 386 τὸν
1039 345 1084 386 ἐν
1115 343 1359 399 Χαλκηδόνι
1389 347 1463 385 τοῦ
1494 343 1736 397 Εὐτροπίου

192 423 203 434 ·
236 413 379 468 λιμένα
415 414 773 469 προανῃρέθησαν
809 414 873 455 ἐπ’
913 414 1061 468 ὄψεσιν
1095 414 1224 455 αὐτοῦ
1262 414 1303 454 οἱ
1331 413 1477 459 παῖδες
1508 413 1649 454 αὐτοῦ.
1711 412 1735 453 ὁ
1749 414 1772 450 8

238 482 284 524 δὲ
313 483 504 529 “δίκαιος
535 482 582 536 εἴ,
621 483 752 536 κύριε,
796 483 868 524 καὶ
898 484 1037 529 εὗθεῖς
1067 484 1112 524 αἶ
1140 482 1293 536 κρίσεις
1324 482 1439 523 σου”
1470 478 1537 535 ἐφ’
1571 481 1736 535 ἑκάστῳ

237 551 479 606 ἐφθέγγετο,
524 553 723 606 γενναίως
754 553 902 606 φέρων
932 552 1006 606 τὴν
1037 551 1278 606 συμφοράν.
1340 550 1468 598 ἔδειξε
1500 550 1546 592 δὲ
1575 549 1771 604 μᾶλλονέ)

199 619 309 674 ὅτὴν
344 624 418 662 τοῦ
455 620 610 675 ἀνδρὸς
647 621 908 675 γενναιότητα
948 621 1019 662 καὶ
1061 620 1108 662 τὸ
1151 621 1294 675 φέρειν
1336 619 1622 674 εὐγνωμόνως
1663 617 1735 659 τὸν

232 688 465 743 πειρασμὸν
496 705 572 727 *²1⁶*
603 690 779 732 ὕστατον
809 691 939 731 αὐτοῦ
969 690 1137 731 παιδίον
1167 689 1238 730 καὶ
1268 689 1521 743 ὕπομάζιον·
1553 692 1626 742 τῆς
1654 687 1733 741 γὰρ
1750 690 1795 725 10
1821 689 1849 726 C

233 757 336 798 αὐτὸ
366 758 632 813 τιθηνούσης,
676 759 740 799 ἵνα
772 758 832 813 μὴ
865 758 998 813 πάντῃ
1030 758 1076 799 τὸ
1109 759 1228 812 γένος
1258 762 1332 799 τοῦ
1364 757 1608 810 ᾹῙαυρικίου
1640 756 1732 804 ἐξό-

232 826 359 880 ληται,
393 826 694 881 ὑποκλεψάσης
725 827 771 868 τὸ
803 826 1119 881 τιθηνούμενον,
1153 826 1400 880 ἀντιδούσης
1432 826 1477 867 δὲ
1506 825 1553 866 τὸ
1580 826 1733 866 οἰκεῖον

231 894 340 948 πρὸς
369 894 444 949 τὴν
474 897 655 950 σφαγήν,
689 897 714 937 ὁ
740 896 979 949 ᾹῙαυρίκιος
1009 895 1055 937 τὸ
1088 896 1238 937 ἑαυτοῦ
1271 895 1491 949 ἐνεχθῆναι
1524 894 1730 948 ἐζήτησεν.

174 962 313 1005 ῙΟεῖτα
346 963 415 1005 καὶ
448 963 574 1010 αὐτὸς
603 964 918 1018 μεγαλοψύχως
950 965 1119 1012 ἐδέξατο
1151 963 1225 1019 τὴν
1256 964 1437 1018 σφαγήν.
1499 963 1653 1016 λέγεται
1687 962 1732 1003 δὲ
1749 965 1852 1001 11.12
1873 965 2030 1001 W11165

231 1032 302 1074 καὶ
331 1031 404 1074 τὸν
439 1033 532 1074 υἱὸν
568 1033 697 1074 αὐτοῦ
735 1032 964 1075 Θεοδόσιον
1002 1033 1174 1074 ἀπιόντα
1217 1032 1327 1086 πρὸς
1356 1031 1561 1086 Χοσρόην
1603 1046 1731 1073 κατα-

232 1101 432 1156 σχεθῆναι
463 1101 534 1142 καὶ
566 1102 748 1156 ἀχθέντα
780 1102 888 1155 πρὸς
910 1102 1071 1144 Φωκᾶν
1102 1102 1375 1156 ἀναιρεθῆναι
1406 1101 1477 1143 καὶ
1507 1101 1581 1156 τὴν
1611 1101 1730 1155 βασί-

230 1169 372 1211 λισσαν
405 1169 723 1212 Κωνσταντῖναν
753 1171 823 1212 καὶ
856 1171 929 1216 τὰς
958 1175 1066 1224 τρεῖς
1096 1171 1333 1224 θυγατέρας
1370 1171 1512 1225 αὐτῆς,
1551 1170 1622 1211 καὶ
1659 1186 1729 1211 τα-
1746 1172 1790 1208 13

230 1242 359 1292 φῆναι
381 1238 424 1279 ἐν
444 1243 505 1292 τῷ
526 1244 620 1293 ναῷ
640 1243 712 1281 τοῦ
735 1239 855 1293 ἁγίου
878 1240 1126 1293 Μάμαντος,
1158 1243 1220 1293 τῴ
1250 1239 1424 1293 πλησίον
1454 1243 1528 1280 τοῦ
1559 1239 1729 1293 τείχους,

175 1312 216 1347 15
231 1308 280 1347 ὃν
319 1307 449 1349 ἔκτισε
486 1307 775 1363 Φαρασμάνης
819 1309 1026 1363 ἐκτομίας,
1073 1308 1138 1350 ἐπὶ
1181 1312 1254 1349 τοῦ
1298 1311 1502 1354 κοιτῶνος
1546 1307 1730 1362 γεγονὼς

225 1375 525 1418 Ἰουστινιανοῧ.
588 1377 886 1432 ἐπεγράφησαν
918 1378 964 1419 δὲ
993 1383 1055 1432 τῷ
1086 1378 1210 1432 τάφῳ
1242 1378 1371 1432 αὐτῆς
1400 1376 1449 1418 τὰ
1476 1377 1728 1431 ἡρωελεγεῒα
1746 1379 1789 1414 14
1816 1379 1851 1414 D

227 1456 375 1487 ταυτα·

300 1606 316 1640 1
347 1606 550 1651 Χαλχηδόνι
571 1606 618 1652 p*
644 1607 781 1643 invitis
800 1606 908 1643 ARw
1006 1608 1177 1653 εὐτρόπου
1196 1607 1227 1643 Ε
1325 1607 1347 1642 3
1372 1607 1483 1653 εὐθὴς
1499 1606 1584 1652 ΑΙ),
1610 1607 1727 1647 εὖθεΐς

300 1652 401 1695 RDi,
427 1654 561 1689 εὐθεῖαι
590 1653 735 1700 wap‚
763 1656 830 1690 sed
862 1667 897 1691 v.
925 1655 1105 1702 Theoph.
1134 1656 1149 1690 I
1178 1667 1214 1701 p.
1241 1655 1322 1697 290,
1349 1655 1372 1691 5
1398 1660 1437 1691 et
1464 1654 1599 1702 Steph.
1627 1656 1725 1691 thos.

298 1701 354 1736 III
384 1712 421 1748 p.
447 1701 586 1737 22893
708 1703 740 1738 5.
768 1704 790 1738 6
816 1704 873 1739 τὸν
896 1704 1103 1749 πειρασμὸν]
1131 1703 1193 1749 τὴν
1219 1703 1408 1748 συμφορὰν
1435 1703 1465 1738 C
1576 1704 1598 1739 6
1623 1715 1642 1736 *
1658 1703 1726 1748 *³121

298 1748 507 1785 Lacunam
524 1750 678 1786 indicat
697 1755 736 1787 et
755 1751 812 1786 τὸν
827 1752 906 1797 περὶ
923 1752 962 1787 τὸ
980 1752 1092 1787 addit
1109 1752 1224 1787 B-W
1315 1751 1376 1787 καὶ
1395 1762 1470 1787 om.
1485 1751 1521 1786 D
1621 1754 1641 1789 7
1668 1757 1727 1786 τοῦ

300 1807 374 1832 om.
400 1796 487 1844 w*p
514 1798 651 1833 invitis
677 1797 747 1834 AR
899 1800 1076 1845 ἑξόλληται
1101 1799 1148 1843 Α,
1174 1799 1333 1845 ἑξόληται
1361 1797 1461 1844 ODi,
1487 1799 1656 1845 ἀπόληται
1684 1800 1726 1842 Ε,

299 1845 466 1881 ἀπόλυται
494 1856 568 1891 wp,
593 1846 769 1886 ἐξόλλυται
796 1849 898 1883 coni.
926 1848 1036 1883 B-W
1059 1848 1144 1883 coll.
1172 1848 1209 1883 II
1236 1860 1272 1894 p.
1299 1848 1379 1892 533,
1407 1848 1464 1889 522,
1491 1859 1528 1882 v,
1556 1848 1608 1882 ad
1635 1847 1726 1882 XIV

299 1894 333 1936 (ἱ,
359 1892 406 1928 22
517 1894 559 1928 11
586 1895 646 1929 καὶ
673 1906 748 1930 om.
776 1895 812 1931 D
937 1896 980 1932 13
1003 1897 1262 1932 κωνσταντίναν
1288 1895 1436 1940 Apr,
1464 1906 1565 1931 corr.
1594 1894 1660 1939 Di,
1688 1907 1724 1931 v.

299 1941 352 1975 ad
378 1940 470 1976 XIV
498 1941 551 1985 ll,
579 1942 601 1976 2
723 1943 767 1978 16
791 1942 1052 1989 ἐπεγράφησαν]
1080 1943 1138 1980 Cf.
1164 1943 1210 1979 L.
1237 1943 1282 1980 G.
1311 1955 1347 1990 p.
1375 1943 1454 1987 144,
1482 1943 1539 1978 22.
1566 1942 1681 1980 Cedr.
1712 1944 1723 1978 l

300 1999 336 2034 p.
363 1988 442 2032 707,
473 1989 526 2024 13.
566 1988 777 2036 Nicephor.
806 1991 953 2028 Callist.
980 1991 1027 2027 H.
1056 1991 1097 2027 E.
1123 1991 1257 2027 XVIII
1281 1992 1339 2027 41.
1378 2002 1497 2027 anon.
1525 1991 1725 2027 Foersteri

297 2047 334 2120 g.
364 2036 426 2081 143
453 2047 489 2073 v.
516 2036 739 2083 Pregerum
766 2039 788 2074 l.
816 2050 847 2075 c.
875 2051 912 2086 p.
927 2040 971 2075 21
1117 2039 1224 2086 αὐτῆς
1250 2039 1295 2084 Α,
1322 2039 1440 2076 αὐτῶν
1465 2038 1576 2086 pr,
1603 2039 1647 2074 L.
1666 2039 1725 2083 G„

329 2084 412 2120 edr.

226 2243 302 2268 nus
328 2233 378 2268 ad
408 2234 573 2269 caedem
600 2234 781 2269 Mauricii
804 2236 994 2270 incitatus
1022 2241 1098 2281 θεῖς
1127 2247 1257 2282 eoque
1284 2238 1323 2272 in
1352 2238 1534 2284 Eutropii
1563 2243 1723 2284 portum

226 2279 519 2317 chalcedonem
548 2282 744 2328 perducto
772 2284 811 2318 in
838 2287 1058 2329 conspectu
1085 2285 1172 2320 eius
1198 2285 1312 2320 liberi
1340 2289 1434 2321 sunt
1460 2286 1593 2321 occisi.
1621 2285 1760 2322 Tum8

225 2328 301 2373 ille,
332 2329 655 2375 quotiescunque
681 2331 828 2375 singuli
850 2336 1059 2375 necantur,
1085 2332 1251 2367 “Iustus
1278 2333 1351 2368 es”
1375 2334 1505 2379 inquit
1530 2334 1724 2370 “domine

225 2380 264 2410 et
290 2380 401 2412 recta
432 2380 526 2412 sunt
551 2377 701 2413 iudicia
728 2378 838 2423 tua'’,
877 2379 1106 2415 calamitate
1131 2381 1289 2415 fortiter
1315 2381 1407 2416 lata.
1459 2380 1518 2416 Ac
1556 2379 1760 2428 genero—9

225 2433 312 2458 sum
342 2424 430 2460 eius
456 2425 530 2459 viri
558 2426 734 2461 animum
764 2426 860 2461 illud
889 2427 929 2461 in
965 2428 1102 2473 primis
1128 2427 1318 2471 declarat,
1355 2429 1474 2474 quod,
1515 2439 1605 2465 cum
1645 2433 1723 2465 stu-

225 2470 368 2507 derent
392 2472 575 2508 ultimum
604 2474 689 2508 eius
714 2474 877 2509 filiolum
905 2474 1037 2509 adhuc
1053 2475 1268 2511 lactantem
1284 2486 1540 2520 conservare,
1568 2478 1723 2524 sapien-

225 2523 285 2554 tei·
323 2518 428 2561 tulit:
470 2530 562 2555 nam
603 2531 692 2556 cum
733 2532 822 2557 eum
863 2523 997 2557 nutrix
1035 2523 1245 2567 suffurata,
1283 2534 1335 2559 no
1362 2523 1542 2559 Mauricii
1571 2526 1723 2561 familia
1740 2524 1784 2559 10

225 2566 407 2602 funditus
434 2567 627 2613 interiret,
654 2579 771 2605 suum
798 2570 962 2605 filiolum
991 2570 1042 2605 ad
1070 2571 1235 2606 caedem
1257 2571 1477 2615 obtulisset,
1504 2571 1723 2609 Mauricius

225 2615 367 2658 oravit,
405 2618 450 2650 ut
475 2625 572 2651 suus
599 2617 725 2662 ipsius
752 2618 976 2653 offerretur.
1030 2618 1186 2654 Deinde
1219 2623 1257 2654 et.
1298 2620 1382 2664 ipse
1410 2629 1559 2662 magno
1587 2622 1721 2657 animo
1739 2621 1779 2656 ll

224 2662 406 2707 iugulum
435 2663 613 2698 carnifici
641 2665 839 2710 praebuit.
891 2665 1034 2701 Fertur
1068 2667 1185 2701 etiam
1214 2667 1318 2701 filius
1345 2667 1432 2702 eius
1459 2667 1721 2712 Theodosius,
1739 2669 1783 2704 1‘2

225 2709 318 2744 dum
358 2709 409 2744 ad
448 2710 664 2747 Chosroem
698 2713 783 2755 iret,
827 2713 1074 2759 interceptus
1114 2714 1418 2760 perductusque
1457 2715 1508 2750 ad
1547 2716 1721 2752 Phocam

225 2757 382 2793 occisus
408 2767 496 2794 esse
533 2769 690 2795 necnon
718 2761 862 2805 reg-ina
889 2761 1154 2797 Constantina
1181 2772 1271 2797 cum
1300 2762 1427 2798 tribus
1455 2763 1624 2807 filiabus,
1653 2765 1720 2810 qui
1739 2765 1782 2799 13

224 2804 264 2839 in
297 2804 398 2841 aede
432 2805 513 2841 divi
540 2805 754 2843 Mamantis
792 2809 925 2844 vicina
959 2810 1170 2845 moenibus
1202 2810 1348 2855 sepulti
1381 2814 1486 2852 sunt,
1525 2822 1548 2846 a
1576 2811 1722 2847 Phara-

223 2861 374 2896 smane,
395 2854 582 2890 eunucho
598 2854 808 2890 Iustiniani
829 2857 1090 2901 cubiculario,
1110 2857 1284 2893 condita.
1336 2857 1519 2904 Reginae
1534 2859 1720 2906 sepulcro
1740 2859 1779 2896 14

223 2899 322 2935 haec
349 2900 481 2946 elegia
508 2905 566 2937 cst
592 2902 806 2949 inscripta:
