2054 3282
413 242 508 290 zoi:
534 249 790 291 REDvo‘rA.
839 247 1128 290 THEODORA
1152 247 1491 288 IMPERATfflX.
1634 247 1703 287 611

210 374 459 430 ἀντέστησάν
495 391 607 422 τινας
645 375 692 417 ἐκ
731 374 946 430 τάφανοῦς
979 374 1080 430 βέλη
1111 373 1203 417 κατ’
1236 373 1378 416 αὐτῶν
1408 373 1603 429 ἀφιέντας
1633 372 1750 415 καὶΒ

209 443 356 491 λίθους
386 445 434 486 ἐκ
473 444 733 499 σφενδονῶν,
777 444 823 493 ἒξ
853 443 917 487 ὧν
949 445 1000 486 οὗ
1030 444 1245 499 βράχιστοι
1275 443 1559 499 ἀνῃρέθησαν.
1621 443 1703 498 ἤδη
1720 445 1765 482 13

211 512 256 554 δὲ
287 512 362 567 τὴν
391 512 581 568 βασιλίδα
614 512 970 567 ἀνακομισθεῖσαν
1000 513 1219 568 στήσαντες
1249 511 1315 554 ἐπὶ
1341 512 1558 566 μετεώρου
1581 511 1625 553 ἒν
1645 516 1707 566 τῷ·

210 581 381 635 θεάτρῳ
402 585 486 627 τοῖς
506 580 793 629 στασιάζουσιν
814 581 1092 635 ἐπεδείκνυον,
1125 582 1190 623 ἵνα
1224 581 1356 636 δῆθεν
1387 581 1528 627 αὐτοῖς
1557 596 1705 622 κατευ-

174 653 197 688 5
210 649 351 703 νασθῇ
382 649 407 690 ὁ
437 648 592 703 θυμός,
637 648 944 704 ἀνακληθείσης
974 654 1046 704 τῆς
1077 650 1279 705 σφετέρας
1311 649 1562 696 δεσπότιδος.
1622 652 1707 696 τοῖς
1722 651 1766 687 14

211 716 258 759 δὲ
299 721 422 758 τοῦτο
462 717 623 771 μᾶλλον
663 717 804 772 ἀνῆψε
839 717 912 759 τὸν
949 717 1093 772 θυμὸν
1129 717 1201 760 καὶ
1232 718 1429 766 ἐξέκαυσε
1459 716 1534 772 τὴν
1565 717 1706 772 ὀργήν.

211 785 274 832 ὡς
295 785 375 840 γὰρ
403 786 768 841 μετημφιεσμένην
799 785 929 841 αὐτὴν
960 787 1231 841 ἕωράκεισαν,
1263 786 1329 828 ἐπὶ
1359 786 1486 828 πλέον
1517 786 1706 840 ἀνερρώ-
1722 789 1766 825 15

211 869 335 909 γεσαν
378 854 435 900 εἰς
476 853 549 895 τὸν
585 853 774 908 πόλεμον
811 854 883 895 καὶ
920 859 993 910 τῆς
1030 854 1290 910 κακοηθείας
1325 853 1397 896 τὸν
1426 857 1707 908 τυραννοῦντα

209 923 456 977 μισήσαντες
492 922 733 977 ἀφίστανται
769 922 848 977 μὲν
887 927 960 978 τῆς
990 923 1201 977 βασιλίδος
1233 922 1374 978 Ζωῆς,
1418 922 1527 977 πρὸς
1559 922 1604 964 δὲ
1634 922 1708 978 τὴν
1723 927 1767 963 16

151 995 199 1030 10
217 989 450 1045 Θεοδώραν
487 989 562 1044 τὴν
598 990 750 1046 ταύτης
788 991 993 1045 σύγγονον
1028 992 1256 1045 τρέπονται,
1301 991 1383 1046 ἤδη
1414 1006 1707 1046 προμετασχη-

209 1059 480 1113 ματισθεῖσαν
510 1059 707 1113 κάκείνην
737 1058 853 1113 παρὰ
884 1063 957 1114 τῆς
988 1059 1185 1114 ἀδελφῆς,
1231 1059 1293 1105 ὡς
1324 1059 1349 1100 ὅ
1379 1059 1504 1113 λόγος
1534 1059 1709 1114 φθάσας

210 1126 384 1175 ἐδίδαξε,
405 1127 481 1168 καί
496 1142 583 1168 τινα
604 1129 691 1168 τῶν
711 1127 839 1182 αὐτῆς
858 1127 1137 1182 θεραπόντων
1158 1127 1474 1182 παραλαβόντες
1493 1127 1709 1183 πατρῴων

210 1196 413 1250 ἀφίκοντο
441 1193 504 1237 ἐπ’
528 1196 674 1250 αὐτήν·
707 1196 778 1237 καὶ
808 1196 961 1251 ταύτην
991 1200 1064 1251 τῆς
1093 1195 1307 1242 κατοικίας
1337 1196 1608 1250 ἐξαγαγόντες
1638 1196 1709 1238 καὶ
1725 1203 1767 1239 17

211 1264 300 1306 οἷον
319 1264 414 1318 περὶ
442 1263 571 1319 αὐτὴν
602 1264 924 1311 συνασπίσαντες
954 1265 1011 1310 εἷς
1040 1263 1087 1306 τὸ
1118 1265 1227 1319 μέγα
1258 1264 1429 1319 τέμενος
1459 1265 1606 1319 ἄγουσι
1636 1269 1710 1320 τῆς

153 1338 199 1374 15
210 1336 285 1374 τοῦ
315 1333 422 1374 θεοῦ
453 1333 580 1387 λόγου
602 1332 780 1388 Σοφίας,
813 1333 884 1374 καὶ
914 1332 1031 1387 παρὰ
1062 1333 1232 1374 πάντων
1263 1336 1348 1374 τῶν
1378 1349 1420 1375 τε
1450 1337 1523 1388 τῆς
1552 1333 1710 1388 βουλῆς

211 1401 283 1443 καὶ
311 1405 398 1444 τῶν
426 1405 500 1444 τοῦ
533 1401 673 1457 δήμου
704 1401 776 1443 καὶ
806 1402 948 1444 αὐτῶν
977 1405 1063 1443 τῶν
1093 1405 1166 1456 τῆς
1197 1401 1419 1456 ἐκκλησίας
1449 1402 1475 1456 ἡ
1499 1400 1708 1456 Θεοδώρα

213 1561 236 1597 9
268 1562 319 1597 ὅτι
343 1561 431 1607 πρὸς
457 1561 519 1607 τὴν
545 1566 604 1608 τῆς
629 1562 735 1607 Ζωῆς
760 1561 919 1608 ἀδελφὴν
946 1561 1009 1608 τὴν
1039 1561 1233 1606 Θεοδώραν
1257 1560 1295 1597 τὸ
1319 1561 1456 1607 πλῆθος
1482 1559 1609 1606 τραπὲν
1634 1560 1709 1597 Αὐ-

212 1609 360 1655 γούσταν
383 1609 493 1655 αὐτὴν
517 1609 751 1655 ἀνηγόρευσεν
776 1610 813 1645 ἐν
837 1615 879 1655 τῇ
908 1609 1043 1655 μεγάλῃ
1076 1609 1245 1654 ἐκκλησίᾳ
1274 1609 1334 1644 καὶ
1359 1611 1410 1644 ὅτι
1436 1609 1485 1648 εἷς
1510 1608 1572 1654 τὴν
1595 1607 1710 1655 μονὴν

212 1662 274 1693 τοῦ
298 1657 472 1693 Στουόίου
507 1658 694 1702 (στουδίων
721 1657 764 1700 Ε)
796 1658 816 1693 ὁ
840 1657 989 1703 Μιχαὴλ
1018 1657 1079 1692 καὶ
1104 1658 1124 1692 ό
1148 1658 1244 1696 θεῖος
1274 1657 1380 1693 αὐτοῦ
1406 1657 1427 1692 ὁ
1447 1657 1711 1696 Κωνσταντΐνος

212 1705 373 1751 ἀπῆλθον
399 1704 472 1747 (καὶ
498 1718 627 1741 κωνστ.
655 1705 676 1740 ὁ
699 1705 735 1740 θ.
761 1705 836 1741 αὐτ,
862 1705 1024 1752 εἷςῆλθον
1050 1705 1097 1747 Ε)
1124 1703 1187 1741 CE

288 1861 306 1896 1
334 1860 419 1900 τινὲς
445 1860 541 1908 Ewp
651 1860 692 1896 ἐκ
718 1860 896 1907 τάφανοῦς
923 1865 1013 1908 post
1037 1861 1203 1907 ἀφιέντας
1228 1859 1293 1897 BC
1396 1859 1555 1905 ἀφιέντες
1581 1858 1629 1906 p*
1654 1860 1711 1895 in-

285 1908 379 1944 vitis
404 1907 512 1944 ARw
538 1911 719 1955 (propter
743 1923 832 1948 τινες
858 1920 882 1944 a
907 1909 998 1945 Duc
1023 1911 1237 1951 mutatum)
1390 1907 1414 1943 2
1437 1908 1479 1943 ἐκ
1505 1908 1711 1953 σφενδονῶν

285 1954 434 2002 Apr,
459 1956 782 2002 ἒκσφενδονοῦντας
808 1955 856 2001 Ι),
881 1956 1106 2003 ἐσφενδόνων
1132 1955 1189 1991 Di
1333 1955 1356 1991 3
1379 1955 1583 2002 βασίλισσαν
1609 1955 1645 1989 D

284 2003 308 2038 4
334 2018 471 2039 κατευν.
497 2004 613 2043 αὐτοῖς
641 2003 702 2040 BC
812 2004 834 2040 7
858 2004 1173 2050 μετημφιασμένην
1199 2003 1230 2039 Ο
1336 2003 1455 2038 πλεῖον
1480 2002 1516 2037 D
1613 2002 1711 2048 ἀνερ-

285 2051 444 2097 ράγησαν
471 2052 566 2098 Ewp
667 2052 712 2087 10
734 2053 1102 2098 προσχηματισθεῖσαν
1127 2051 1276 2097 Bszp
1389 2051 1430 2085 11
1457 2049 1572 2096 λόγος]
1599 2049 1712 2086 XVII

290 2100 344 2144 ll,
370 2099 392 2135 6
505 2099 548 2134 12
572 2099 730 2145 ἐδήλωσε
755 2099 786 2134 Β
898 2100 1075 2144 πατρώων
1102 2102 1196 2135 ante
1221 2099 1327 2144 αὐτῆς
1353 2098 1451 2144 pr
1563 2098 1607 2133 14
1633 2111 1711 2132 συν-

286 2146 537 2188 ασπίζοντεςῙ)
637 2147 680 2182 16
705 2148 765 2183 καὶ
791 2151 886 2183 ante
912 2152 982 2182 τῶν
1009 2158 1084 2183 om.
1098 2146 1180 2191 AR,
1208 2149 1346 2182 tenent
1364 2144 1552 2192 BprDi
1641 2149 1712 2180 τῶν

288 2199 383 2230 ante
408 2200 469 2230 τοῦ
497 2205 572 2230 om.
598 2194 662 2231 BC
765 2199 836 2230 τῶν
861 2198 956 2230 ante
981 2199 1042 2240 τῆς
1069 2205 1144 2230 om.
1171 2193 1207 2229 D
1306 2198 1395 2240 post
1420 2193 1589 2238 θεοδώρα
1619 2193 1711 2228 add.

286 2242 461 2288 αὐγούστα
486 2241 616 2288 13pr
643 2242 689 2285 (B
716 2243 756 2278 in
782 2252 926 2279 rasura
953 2242 1125 2288 amplius
1150 2243 1326 2288 spatium
1354 2241 1660 2287 complectente)

217 2402 257 2435 et
282 2398 481 2435 seditiosis
508 2397 703 2444 quosdam
732 2401 954 2444 opponunt,
982 2398 1050 2443 qui
1077 2408 1127 2433 ex
1156 2396 1313 2433 occulto
1341 2406 1412 2432 eos
1437 2395 1526 2431 telis
1552 2398 1591 2431 et
1617 2395 1712 2442 lapi-

217 2446 336 2482 dibus
370 2456 392 2482 e
426 2446 562 2482 fundis
593 2446 723 2481 missis
756 2450 907 2492 petant,
945 2445 1054 2481 unde
1088 2455 1169 2480 non
1202 2454 1301 2480 sane
1339 2444 1458 2490 pauci
1491 2444 1711 2489 perierunt.

217 2493 415 2540 Reginam
442 2504 539 2529 vero
568 2494 645 2528 iam
674 2493 880 2529 reductam
908 2498 1031 2539 atque
1057 2493 1097 2528 in
1111 2502 1266 2528 summo
1293 2492 1451 2527 theatro
1475 2491 1710 2527 collocatam
1725 2490 1772 2527 13

218 2542 557 2577 tumultuantibus
595 2541 873 2583 ostendebant,
911 2545 956 2576 ut
989 2541 1076 2575 visa
1112 2541 1255 2586 regina
1290 2540 1404 2574 furor
1438 2549 1577 2574 eorum
1609 2548 1711 2573 com-

218 2593 462 2635 pesceretur.
512 2589 556 2624 1‹1
585 2599 683 2624 vero
711 2589 821 2623 velut
848 2589 1151 2623 incitamentum
1178 2587 1382 2633 quoddam
1409 2586 1609 2622 seditiosis
1636 2587 1712 2621 fuit
1727 2586 1772 2621 14

219 2640 259 2672 et
285 2636 421 2682 populi
449 2637 547 2671 iram
579 2637 854 2671 inflammavit.
905 2635 1004 2671 Nam
1033 2639 1249 2681 conspecta
1276 2635 1447 2670 vestium
1476 2634 1711 2678 mutatione,
1729 2634 1771 2669 15

220 2683 366 2719 bellum
395 2684 609 2719 violentius
635 2685 786 2719 exarsit
813 2694 861 2718 ac
887 2683 1125 2728 tyrannicae
1151 2682 1413 2728 malignitatis
1439 2681 1545 2726 odio,
1571 2681 1711 2717 relicta

220 2732 363 2777 regina
389 2731 478 2775 Ζοὲέ,
505 2732 556 2766 ad
583 2741 760 2766 sororem
788 2732 875 2766 eius
901 2730 1156 2766 Theodoram
1183 2730 1382 2772 conversi,
1415 2738 1521 2774 quae
1547 2732 1587 2764 et
1612 2730 1713 2774 ipsa,
1727 2728 1773 2764 16

219 2783 265 2814 ut
301 2788 426 2825 supra
464 2779 691 2825 expositum
727 2783 797 2822 est,
836 2778 986 2813 sororis
1025 2779 1136 2812 iussu
1163 2777 1342 2812 habitum
1381 2779 1568 2820 mutarat,
1609 2776 1713 2811 duce

221 2826 395 2872 quodam
428 2831 597 2872 paterno
631 2827 717 2862 eius
751 2826 912 2868 famulo,
952 2825 1062 2861 velut
1088 2825 1248 2860 militari
1274 2824 1396 2870 globo
1424 2823 1712 2859 circumdatam
1731 2824 1772 2861 17

220 2883 271 2909 ex
309 2873 479 2909 aedibus
513 2874 554 2909 in
588 2884 776 2919 mag-nain
813 2874 1022 2909 ecclesiam
1059 2873 1183 2908 divini
1218 2872 1331 2907 verbi
1362 2870 1595 2917 Sapientiae
1627 2881 1713 2918 per-

220 2920 438 2967 duxerunt,
462 2921 531 2957 ubi
559 2931 583 2957 a
609 2925 693 2957 toto
720 2927 864 2956 senatu
891 2926 927 2956 et
957 2920 1105 2967 populo
1133 2923 1171 2955 et
1198 2919 1478 2955 sacerdotibus
1498 2918 1714 2956 Theodora
