1968 3302
415 199 630 243 FAVSTA.
681 196 904 242 omspvs.
955 194 1138 240 CPOLis
1164 195 1444 240 CONDITVR.
1638 198 1682 240 13

181 329 354 372 Φαῦστα
387 329 629 383 ἐπιμανεῖσα
663 327 891 382 ἐρωτικῶς,
924 325 1010 369 ἐπεὶ
1040 325 1100 381 μὴ
1134 326 1359 373 εὐπειθοῦς
1381 326 1542 369 ἐκείνου
1565 326 1681 381 ἓτύγ-
1696 331 1727 366 Ρ
1743 331 1780 367 II
1794 331 1817 367 6
1833 329 1869 367 A

175 413 288 453 χανε,
331 402 498 439 κατεῖπε
528 396 637 451 πρὸς
668 396 739 438 τὸν
770 397 929 451 πατέρα
963 396 1025 442 ὡς
1056 396 1240 450 ἐρῶντος
1271 396 1400 450 αὐτῆς
1431 395 1503 437 καὶ
1533 396 1681 451 βιάσα-

176 468 277 509 σθαι
297 467 498 512 πολλάκις
519 466 868 520 ἐπιχειρήσαντος.
918 465 983 507 διὸ
1004 464 1075 506 καὶ
1096 464 1284 506 θάνατον
1306 464 1330 506 ὁ
1352 463 1546 518 Κρίσπος
1565 464 1682 519 παρὰ
1696 469 1742 505 39

175 540 248 577 τοῦ
280 535 439 589 πατρὸς
471 535 769 588 κατεδικάσθη,
817 534 1059 580 πεισθέντος
1090 538 1140 589 τῇ
1173 537 1342 588 γαμετῇ.
1405 533 1468 579 ὡς
1501 531 1538 574 δ’
1572 535 1682 588 ἔγνω
1695 538 1743 573 40

140 607 162 643 5
174 605 389 659 μετέπειτα
421 604 446 645 ὁ
478 603 757 656 αὐτοκράτωρ
789 602 836 644 τὸ
868 603 1037 657 ἀληθές,
1084 602 1155 644 καὶ
1186 601 1260 656 τὴν
1292 606 1468 656 γυναῖκα
1508 602 1683 644 ἐκόλασε

177 673 244 715 διά
280 689 322 714 τε
359 672 406 714 τὸ
443 672 595 726 ταύτης
633 670 866 712 ἀκόλαστον
903 671 974 712 καὶ
1010 671 1082 712 τὸν
1120 671 1255 725 φόνον
1291 670 1363 712 τὸν
1402 674 1476 712 τοῦ
1519 671 1682 717 παιδός.

175 741 414 796 εἶσαχθεῖσα
448 740 528 795 γὰρ
561 741 605 781 ἒν
635 739 849 794 λουτρῴὴ
879 740 1050 781 Φαῦστα
1081 740 1286 794 σφοδρῶς
1318 740 1567 781 ἓκκαυθέντι
1599 740 1740 781 ἒκεῖ41

174 809 249 864 τὴν
281 809 399 864 ζωὴν
429 809 578 864 βιαίως
610 809 831 863 ἀπέρρηξε.

294 878 541 932 Σαρματῶν
573 877 619 918 δὲ
650 877 722 918 καὶ
752 876 796 917 F
791 877 936 919 ότθων
974 877 1079 919 κατοὶ
1119 882 1190 933 τῆς
1223 877 1449 932 Ῥωμαίων
1486 878 1681 934 ὑπηκόου
1695 883 1742 920 42

117 952 162 987 10
174 948 464 1002 κεκινημένων
496 947 569 988 καὶ
590 946 664 1001 τὴν
691 944 910 1000 Θρᾳκῴαν
940 950 1096 1000 μοῖραν
1126 947 1400 1001 ληιζομένων,
1434 947 1682 989 διανίσταται

174 1014 264 1058 κατ’
299 1017 442 1058 αὐτῶν
474 1015 793 1061 Κωνσταντῒνος
825 1015 849 1056 ὁ
880 1016 1090 1069 μέγιστος“
1130 1015 1201 1056 καὶ
1232 1015 1306 1070 τὴν
1343 1014 1521 1071 Θρᾴκην
1552 1031 1680 1058 κατα-

173 1086 320 1141 λαβὼν
363 1089 448 1132 τοῖς
495 1085 732 1140 βαρβάροις
780 1085 1058 1138 συρρήγνυται
1106 1085 1177 1126 καὶ
1224 1082 1314 1126 κατ’
1365 1085 1506 1127 αὐτῶν
1552 1086 1681 1140 ἵστησι

173 1154 467 1209 λαμπρότατον
498 1153 709 1207 τρόπαιον.

293 1222 414 1264 Κατόι
447 1223 492 1264 δὲ
524 1223 642 1264 θεῖον
672 1222 867 1277 χρησμὸν
897 1222 1124 1277 βουληθεὶς
1155 1223 1360 1277 ἀνεγεῖραι
1380 1223 1512 1271 πόλιν,
1545 1223 1607 1270 ὡς
1628 1224 1721 1267 ἂν3
1750 1230 1780 1265 Β

115 1296 160 1332 15
173 1292 304 1348 αὐτὴν
336 1293 402 1334 ἐπὶ
433 1298 494 1346 τῴ
526 1292 669 1346 οἰκείῳ
695 1293 850 1347 καλέσῃ
875 1292 1059 1346 ὀνόματι,
1091 1292 1298 1346 πρότερον
1317 1292 1396 1346 μὲν
1418 1293 1462 1334 ἕν
1483 1292 1680 1348 Σαρδικῇ

173 1362 326 1416 ταύτην
356 1362 488 1403 κτίσαι
518 1361 745 1415 προέθετο·
796 1360 879 1402 εἶτα
913 1362 956 1402 ἕν
987 1361 1152 1415 Σιγαίῳ
1195 1360 1257 1415 (τὸ
1291 1361 1336 1402 δὲ
1367 1366 1440 1416 τῆς
1475 1361 1680 1416 Τρῳάδος

16 1434 74 1471 111
91 1435 160 1471 180
174 1431 280 1472 ἐστὶν
296 1429 595 1485 ἀκρωτήριον),
619 1430 724 1471 ἔνθα
742 1430 814 1471 καὶ
830 1430 1053 1484 θεμελίους
1074 1430 1203 1471 αὑτὸν
1224 1430 1539 1485 καταβαλέσθαι
1561 1431 1677 1485 φασί.

173 1499 244 1541 καὶ
275 1498 400 1545 αὗθις
431 1500 476 1541 ἐν
496 1497 744 1553 Χαλκηδόνι
774 1499 849 1554 τὴν
879 1499 1002 1541 πόλιν
1032 1500 1190 1554 ἤρξατο
1223 1499 1404 1542 ἀνιστᾶν.
1450 1500 1606 1554 λέγεται
1633 1500 1715 1542 δὲὲ

172 1630 194 1666 9
220 1631 270 1665 ὅτι
298 1629 376 1670 τοὺς
401 1630 592 1675 Σαρμάτας
619 1629 679 1665 καὶ
705 1629 784 1669 τοὺς
810 1631 845 1665 Γ
840 1630 969 1670 ότθους
995 1630 1156 1676 ἐνίκησεν
1183 1629 1212 1667 C
1348 1629 1393 1665 14
1418 1630 1497 1675 περὶ
1523 1635 1582 1676 τῆς
1608 1632 1677 1666 κτί-

172 1692 262 1718 σεως
287 1678 694 1717 Κωνσταντινουπόλεως
720 1678 780 1714 καὶ
806 1679 881 1714 οἷον
906 1678 951 1724 ἦν
976 1679 1014 1714 τὸ
1039 1679 1236 1719 Βυζάντιον
1264 1677 1326 1714 ΟΕ

243 1799 260 1833 1
289 1804 428 1844 φαῦστα
446 1797 558 1842 ACE,
587 1799 724 1844 φαύστα
743 1798 842 1845 pr
858 1797 915 1834 Di
999 1799 1177 1838 εὐπειθῶς
1195 1799 1227 1834 Ε
1312 1799 1336 1834 4
1361 1800 1560 1845 κατεκρίθη
1576 1799 1675 1845 pr

241 1846 264 1881 5
289 1847 351 1883 καὶ
377 1858 452 1883 om.
480 1847 511 1882 E
626 1848 647 1880 (3
674 1847 732 1882 τὸν
758 1852 853 1883 ante
879 1852 939 1883 τοῦ
970 1858 1044 1883 om.
1074 1847 1103 1884 C
1214 1848 1234 1883 7
1262 1853 1403 1893 φαῦστα
1428 1847 1507 1893 ΑΟ,
1537 1848 1676 1893 φαύστα

242 1894 351 1941 pr,
379 1907 415 1931 v.
432 1896 521 1930 νεὶ]
625 1895 647 1930 9
674 1901 733 1941 τῆς
750 1896 924 1940 ρωμαίων
949 1895 952 1939 Ι
976 1894 1022 1941 A,
1049 1901 1110 1931 τοῦ
1127 1901 1188 1941 τῆς
1205 1896 1330 1941 ῥώμης
1356 1895 1397 1940 B,
1425 1901 1485 1941 τῆς
1502 1896 1676 1941 ρωμαιόις

242 1942 420 1989 Cwap
436 1942 503 1988 Di,
530 1950 599 1983 τοῖς
622 1944 796 1988 ῥωμαίοις
825 1944 869 1987 D,
896 1944 1071 1988 ρ’ωμαίων
1100 1944 1129 1979 Ε
1266 1945 1311 1979 10
1339 1945 1512 1988 θρακώαν
1538 1944 1674 1990 Apr

241 1991 444 2033 (omittunt
469 1991 540 2027 AR
574 1994 613 2027 in
649 1992 860 2027 vocabulis
891 1993 1031 2037 Θρᾴκη,
1074 1993 1252 2037 Θρᾳκῷος
1286 1992 1482 2027 similibus
1516 2003 1676 2038 semper

241 2039 324 2074 iota
350 2040 605 2086 subscripta),
634 2051 734 2076 corr.
762 2039 819 2075 Di
917 2042 959 2075 11
986 2042 1094 2085 μέγας
1122 2040 1150 2076 C
1248 2041 1393 2085 Quium
1419 2039 1555 2086 Apr
1584 2051 1675 2075 con-

240 2090 405 2130 stanter,
433 2097 535 2123 eorr.
563 2087 619 2123 Di
757 2089 801 2123 1‘.)
826 2089 943 2124 αὐτῶν
969 2088 1067 2134 pr
1082 2087 1148 2132 Di,
1175 2088 1281 2124 αὐτὸν
1306 2087 1342 2123 Α
1480 2088 1525 2123 15
1550 2090 1674 2123 οἱκείω

241 2134 355 2180 R(Wp
370 2133 452 2179 Di),
478 2136 624 2171 οἰκείων
651 2135 683 2171 Α
793 2138 965 2181 πρότερον
991 2135 1139 2182 Apr,
1165 2141 1306 2181 πρῶτον
1334 2137 1365 2172 Ε
1477 2136 1522 2172 16
1547 2137 1675 2182 ταύτην

241 2188 354 2218 κτῒσαι
369 2185 496 2224 (κτίσαι
513 2182 582 2226 Di)
598 2183 644 2229 A,
671 2185 784 2220 κτίσαι
798 2185 925 2229 ταύτην
947 2184 1045 2230 pr
1124 2186 1249 2230 σιγαίω
1264 2183 1444 2231 AR(wp)‚
1471 2185 1603 2230 Σιγείῳ
1618 2183 1675 2219 Di

168 2315 253 2348 tum
288 2312 476 2358 pellicere
510 2314 773 2359 nequivisset,
808 2313 917 2359 apud
952 2316 1108 2359 pat-rem
1144 2313 1298 2358 detulit,
1332 2317 1377 2349 ut
1409 2325 1432 2349 a
1466 2324 1546 2359 quo
1579 2314 1673 2349 ada-

167 2364 359 2404 maretur,
378 2371 452 2396 sua
471 2362 666 2407 pudicitia
685 2372 808 2408 saepe
828 2362 1053 2397 sollicitata.
1106 2361 1304 2403 Quocirca
1324 2363 1468 2408 capitis
1488 2362 1671 2408 Crispum
1686 2364 1733 2399 39

169 2408 377 2444 damnavit
403 2414 529 2455 pater,
558 2411 722 2455 coniugi
752 2410 981 2446 obsecutus.
1034 2408 1110 2445 Sed
1133 2420 1223 2444 eum
1244 2410 1392 2445 deinde
1412 2411 1672 2456 cognovisset
1685 2411 1733 2447 40

167 2456 387 2502 imperator
419 2468 571 2501 verum,
605 2458 656 2494 de
688 2459 775 2504 ipsa
809 2468 973 2503 quoque
1005 2468 1136 2493 uxore
1169 2468 1259 2492 cum
1297 2458 1347 2493 ob
1379 2458 1671 2503 impudicitiam

167 2508 252 2539 tum
279 2508 445 2550 propter
474 2505 542 2540 filii
570 2506 736 2542 eaedem
765 2516 917 2552 poenas
944 2506 1075 2541 sumit.
1130 2505 1227 2541 Nam
1255 2507 1295 2540 in
1328 2506 1518 2541 balneum
1553 2506 1671 2542 vehe-
1684 2508 1729 2543 41

167 2556 323 2588 menter
349 2553 590 2588 calefactum
617 2554 851 2590 introducta
878 2554 955 2589 illic
982 2558 1111 2589 morte
1138 2554 1317 2589 violenta
1344 2555 1474 2599 periit.

286 2599 387 2636 Cum
420 2605 555 2636 autem
583 2601 794 2638 Sarmatae
826 2608 865 2638 et
891 2601 1029 2638 Gotthi
1063 2602 1294 2647 provincias
1322 2601 1526 2637 Romanas
1558 2602 1731 2639 iuva-42

167 2648 309 2684 sissent
346 2653 386 2684 et
418 2649 617 2685 Thraciae
652 2654 787 2696 partes
823 2654 1044 2694 vastarent,
1079 2650 1254 2695 insurgit
1290 2654 1432 2685 contra
1467 2660 1537 2685 eos
1570 2649 1670 2686 Con-

167 2697 367 2732 stantinus
403 2698 621 2742 maximus3
655 2708 703 2733 ac
730 2697 903 2734 Thracia
940 2702 1141 2743 occupata
1176 2698 1471 2743 commissoque
1503 2698 1668 2744 proelio,

167 2744 283 2779 victis
310 2745 497 2780 barbaris
521 2745 889 2791 splendidissimum
917 2745 1165 2791 triumphum
1193 2746 1468 2791 consequitur.

285 2793 318 2827 3.
359 2792 507 2828 Urbem
535 2803 656 2839 porro
684 2804 734 2830 ex
764 2795 929 2830 oraculo
952 2794 1002 2828 de
1021 2804 1094 2828 suo
1114 2794 1277 2828 nomine
1296 2793 1535 2829 conditurus
1556 2794 1668 2840 prius

166 2838 358 2876 Sardicae
377 2844 588 2877 exstruere
608 2842 648 2877 in
667 2842 801 2878 animo
820 2842 973 2886 habuit,
993 2841 1140 2877 deinde
1159 2842 1199 2876 in
1219 2840 1368 2888 Sigaeo
1388 2843 1668 2888 promuntorio

165 2887 349 2935 Troadis,
368 2889 438 2925 ubi
456 2889 576 2925 etiam
596 2890 861 2927 fundamenta
877 2891 1020 2926 iecisse
1035 2890 1174 2925 fertur.
1210 2889 1398 2937 Denique
1413 2889 1667 2927 Chalcedone
1682 2892 1704 2930 2
