2054 3282
389 208 461 250 260
785 207 966 253 zoNAR.
992 210 1124 251 EPIT.
1149 204 1221 251 xv
1246 214 1279 260 3,
1307 211 1433 261 13—4,
1459 211 1493 252 3.

389 335 549 391 σίλειος,
573 337 616 378 ἓν
633 335 672 391 ᾧ
689 336 760 378 καὶ
775 337 910 392 βίβλοι
930 341 1002 391 τῆς
1022 353 1063 377 τε
1084 336 1279 390 θύραθεν
1300 337 1451 390 σοφίας
1472 337 1543 379 καὶ
1562 342 1634 393 τῆς
1657 336 1885 392 εὐγενεστέ-

330 408 375 443 14
389 420 467 458 ρας
488 405 559 446 καὶ
581 405 796 460 θειοτέρας
817 405 964 446 πολλαὶ
987 406 1260 447 ἒναπέκειντο.
1305 404 1357 460 ἦν
1380 403 1416 447 δ’
1441 404 1563 452 οὗτος
1585 407 1792 449 ἀνέκαθεν
1812 411 1886 449 τοῦ

388 473 651 527 προύχοντος
687 474 730 515 ἓν
763 473 901 527 λόγοις
932 474 1261 528 κατοικητήριον,
1306 474 1355 514 ὃν
1386 474 1678 528 οἶκουμενικὸν
1709 475 1887 517 ἐκάλουν

331 546 375 582 15
391 541 660 582 διδάσκαλον·
706 542 754 587 ὃς
784 542 855 582 καὶ
886 541 1055 582 δώδεκα
1088 541 1194 595 εἶχεν
1226 542 1392 595 ἑτέρους
1431 546 1726 589 συνοικοῦντας
1757 544 2009 597 αὖτῷ,1)ΙΙΙ
2027 551 2054 588 3

390 610 610 656 κάκείνους
640 614 712 664 τῆς
743 610 912 664 λογικῆς
942 610 1131 655 παιδείας
1161 611 1410 664 μετέχοντας
1440 610 1545 652 κατὰ
1577 610 1623 652 τὸ
1645 611 1923 666 ἀκρότατον.5

331 683 375 718 16
388 678 548 723 τούτοις
578 678 649 719 καὶ
681 679 853 731 σιτήσεις
884 678 1042 719 ἀνεῖντο
1075 678 1283 732 δημόσιαι,
1317 678 1387 720 καὶ
1417 683 1518 733 παρ’
1546 680 1686 726 αὐτοῖς
1707 680 1888 734 ἐφοίτων

345 746 451 791 Οοῖς
483 746 600 799 ἔμελε
632 746 801 801 λογικῆς
831 746 1020 792 παιδείας
1051 746 1122 788 καὶ
1154 747 1364 801 γνώσεως,
1398 749 1472 794 οὓς
1502 748 1574 789 καὶ
1606 748 1629 789 ὁ
1654 749 1888 802 βασιλεύων

329 820 372 855 17
388 814 658 868 συμβούλους
701 815 745 856 ἓν
781 819 866 860 τοῖς
904 816 1127 869 πρακτέοις
1157 816 1367 870 πεποίητο.
1429 817 1601 863 τούτους
1634 816 1710 858 οὗν
1742 818 1780 858 εἰ
1805 818 1888 859 ἔλοι

387 883 458 924 καὶ
488 888 560 938 τῆς
592 884 720 925 αὐτοῦ
748 884 964 937 ποιήσαιτο
987 885 1173 939 γνώμης,
1206 885 1341 939 ἔκρινε
1363 884 1408 926 τὸ
1429 888 1513 926 πᾶν
1535 885 1885 940 κατεργάσασθαι.

329 957 373 991 18
387 950 458 992 καὶ
489 951 586 998 τοὺς
617 952 777 1006 ἄνδρας
807 952 1175 1006 μεταστειλάμενος
1205 953 1279 1007 τὴν
1309 953 1404 1007 περὶ
1434 957 1519 994 τῶν
1541 955 1755 1008 σεβαστῶν
1777 953 1886 996 εἷκό-
1902 957 1948 993 10

330 1024 373 1059 19
388 1036 475 1061 νων
515 1020 690 1074 γνώμην
730 1021 858 1062 αὐτοῦ
896 1020 970 1075 τὴν
1013 1020 1205 1075 πονηρὰν
1248 1022 1390 1067 αὐτοῖς
1433 1022 1701 1064 ἐκοινώσατο.
1765 1023 1806 1064 οἱ
1841 1022 1887 1064 δὲ

388 1089 467 1143 οὐχ
499 1089 600 1130 ὅσον
633 1089 712 1143 οὐχ
749 1089 1004 1143 ὡμοδόξουν
1042 1090 1169 1143 αὐτῷ,
1215 1089 1317 1131 ἀλλὰ
1361 1090 1432 1131 καὶ
1475 1090 1601 1132 αὐτὸν
1638 1095 1887 1146 μεταστῆσαι

386 1161 459 1211 τῆς
491 1157 665 1212 γνώμης
695 1158 846 1213 ταύτης
878 1158 1118 1213 ἐπεχείρουν
1150 1158 1402 1213 ὁλοσχερῶς,
1434 1163 1494 1214 πῇ
1514 1158 1592 1213 μὲν
1614 1163 1887 1214 καταψῶντες

387 1225 458 1267 τὸν
489 1226 606 1281 θῆρα
638 1225 709 1267 τὸν
733 1227 1025 1281 λεοντώνυμον
1047 1226 1118 1268 καὶ
1139 1226 1443 1281 κατεπᾴδοντες
1464 1228 1593 1269 αὐτοῦ
1615 1227 1664 1268 τὰ
1687 1229 1885 1283 σωτήρια,

386 1299 446 1350 πῇ
479 1295 526 1337 δὲ
558 1295 841 1350 γενναιότερον
874 1297 1172 1351 ἀντιβαίνοντες
1201 1296 1272 1337 καὶ
1296 1297 1569 1352 διελέγχοντες
1589 1297 1663 1352 τὴν
1684 1298 1886 1352 ἀσέβειαν.
1903 1301 1947 1337 15

328 1364 412 1405 2Οὸ
453 1364 498 1405 δὲ
538 1363 638 1406 ὡσεὶ
682 1364 804 1411 ἀσπὶς
848 1366 944 1419 ἔβυε
987 1364 1035 1406 τὰ
1081 1364 1168 1406 ὦτα
1213 1365 1283 1406 καὶ
1327 1370 1476 1420 φωνῆς
1520 1365 1763 1420 ἐπᾳδόντων
1807 1366 1887 1407 οὐκ

327 1436 371 1470 ‘21
387 1434 543 1487 ἤκουεν
577 1430 669 1474 οὐδ’
710 1434 1028 1488 ἕφαρμακεύετο
1066 1433 1182 1487 παρὰ
1219 1437 1303 1475 τῶν
1348 1437 1508 1488 σοφῶν.
1569 1434 1768 1481 πολλάκις
1812 1433 1888 1476 οὗν

335 1505 371 1539 D
388 1502 528 1548 αὐτοῖς
558 1501 902 1556 προσῳμιληκὼς
931 1502 1002 1543 καὶ
1032 1501 1106 1556 τὴν
1129 1503 1269 1543 αὐτῶν
1289 1502 1511 1556 μετάθεσιν
1533 1502 1758 1557 ἀπογνούς,
1790 1502 1887 1549 τοὺς

460 1655 479 1690 1
506 1655 543 1691 ἓν
570 1666 645 1691 orn.
673 1655 703 1691 Ε
841 1656 863 1691 2
888 1655 1111 1691 ἒναπόκειντο
1137 1656 1168 1691 Ε
1306 1656 1327 1692 7
1352 1656 1452 1701 ἔμελε
1479 1655 1643 1702 prDi,
1669 1656 1789 1701 ἒζιιελλε
1814 1655 1885 1692 AR

505 1703 676 1749 παιδείας]
704 1704 831 1749 σοφίας
859 1703 887 1740 C
997 1706 1033 1739 οἷ
1050 1705 1290 1751 βασιλεύοντες
1317 1703 1414 1750 pr
1524 1705 1547 1739 8
1572 1705 1760 1750 πεποίηντο
1786 1703 1884 1750 pr

456 1751 478 1786 9
503 1751 610 1786 αὐτοῦ
627 1750 674 1797 Α,
700 1751 825 1787 ἑαυτοῦ
843 1751 1002 1797 prDz'
1100 1752 1145 1787 10
1170 1752 1488 1797 μεταπεμψάμενος
1508 1751 1538 1788 O
1631 1752 1782 1788 εἰκόνων
1809 1762 1884 1788 om.

460 1798 557 1844 w*p,
584 1799 850 1845 imaginibus:
885 1800 952 1835 Wo
978 1799 1044 1834 lat.
1208 1799 1253 1834 12
1278 1799 1398 1834 ἑαυτὸν
1423 1799 1459 1834 D
1615 1805 1821 1845 μεταστῆναι
1849 1799 1884 1834 D

458 1847 503 1881 14
529 1847 683 1892 σωτήρια
703 1845 871 1892 prDi,
899 1850 990 1892 post
1008 1860 1029 1882 σ
1045 1848 1086 1882 in
1112 1848 1260 1882 lacuna
1286 1857 1410 1882 manu
1436 1848 1588 1883 recenti
1609 1847 1773 1883 additae
1791 1850 1886 1883 sunt

458 1894 617 1930 litterae
644 1895 845 1940 quaedam
871 1896 913 1929 in
938 1894 983 1939 A,
1024 1906 1129 1941 quae
1155 1896 1275 1941 plane
1302 1895 1444 1941 dispici
1472 1896 1552 1932 iam
1585 1906 1668 1931 non
1699 1897 1883 1942 possunt3

1325 1951 1344 1968 α

458 1978 647 2024 equidem
672 1978 771 2025 legi:
799 1979 974 2025 σκϊνςήῑί,
1001 1979 1176 2015 Haasius
1202 1979 1345 2024 σκϊιτηᾷ
1514 1979 1558 2015 15
1585 1983 1679 2015 ante
1705 1978 1767 2026 τὴν
1793 1978 1885 2014 add.

457 2026 566 2062 αὐτοῦ
594 2026 692 2073 pr
793 2027 837 2063 17
863 2027 1018 2072 ἤκουσεν
1043 2027 1079 2061 D
1179 2028 1224 2062 18
1249 2026 1524 2074 προςομιληκὼς
1549 2027 1646 2073 Ewp

389 2168 546 2215 dicitur,
589 2171 774 2216 proxime
809 2170 959 2207 Forum
991 2172 1194 2207 aerarium
1227 2172 1354 2217 regia,
1386 2172 1428 2206 in
1462 2180 1542 2216 qua
1574 2170 1687 2205 multi
1721 2170 1812 2206 libri
1846 2172 1886 2206 et

388 2228 578 2264 paganae
612 2222 651 2254 et
692 2220 965 2264 generosioris
1007 2230 1056 2254 ac
1094 2220 1257 2255 divinae
1295 2219 1519 2265 sapientiae
1557 2218 1884 2262 asservabantur,

329 2268 375 2303 14
387 2266 483 2301 inde
509 2267 561 2301 ab
581 2267 757 2312 antiquis
776 2267 1025 2313 temporibus
1061 2268 1097 2303 ei
1123 2267 1176 2302 ad
1194 2267 1459 2302 habitandum
1478 2266 1683 2310 attributa,
1711 2266 1780 2311 qui
1799 2276 1885 2301 eru-

330 2316 374 2351 15
389 2313 541 2349 ditione
568 2314 795 2359 excelleret,
822 2325 940 2360 quem
969 2315 1273 2350 oecumenicum
1309 2314 1569 2360 appellabant
1595 2314 1817 2358 doctorem,
1851 2314 1885 2348 is

330 2364 374 2399 16
389 2364 429 2396 et
468 2361 681 2397 duodecim
719 2362 896 2398 habebat
935 2363 1246 2398 contubernales
1289 2362 1533 2398 excellenter
1571 2361 1761 2396 eruditos.
1812 2360 1884 2395 His

388 2409 575 2454 publicus
593 2410 725 2445 victus
739 2410 1014 2456 praebebatur
1029 2420 1180 2455 eosque
1199 2410 1435 2445 eruditionis
1462 2412 1501 2444 et
1520 2408 1762 2454 cognitionis
1775 2407 1885 2443 avidi

389 2456 568 2502 adibant,
611 2457 684 2493 hos
711 2461 750 2493 et
784 2468 858 2493 rex
891 2458 943 2493 ad
978 2468 1112 2493 rerum
1150 2457 1423 2503 gerendarum
1462 2456 1627 2492 consilia
1654 2455 1883 2491 adhibebat.

330 2507 374 2543 17
388 2504 467 2540 Eos
484 2505 611 2550 igitur
636 2506 670 2541 si
688 2506 860 2551 cepisset
886 2506 926 2541 in
945 2515 1142 2551 suamque
1156 2506 1346 2540 traxisset
1371 2504 1621 2548 sententiam,
1649 2503 1783 2539 omnia
1809 2503 1885 2538 sibi

330 2555 375 2589 18
390 2552 575 2588 confecta
602 2553 689 2588 fore
715 2554 897 2599 putabat.
947 2552 1124 2589 Arcessit
1149 2554 1274 2598 igitur
1301 2553 1410 2588 viros
1436 2552 1744 2597 improbamque
1769 2561 1884 2586 suam

331 2602 375 2637 19
390 2599 440 2635 de
466 2601 711 2636 venerandis
737 2601 984 2647 imaginibus
1018 2601 1248 2646 opinionem
1283 2610 1373 2635 cum
1411 2600 1458 2634 iis
1486 2599 1764 2634 communicat.
1808 2598 1885 2640 Qui

389 2647 492 2683 adeo
520 2648 557 2683 ei
583 2659 666 2683 non
684 2649 1021 2694 assentiebantur,
1047 2651 1093 2683 ut
1119 2650 1159 2684 et
1183 2649 1314 2693 ipsum
1333 2657 1498 2693 prorsus
1525 2647 1731 2682 abducere
1757 2646 1808 2681 ab
1835 2656 1884 2681 ea

390 2696 580 2740 opinione
607 2700 863 2742 conarentur,
890 2698 1035 2743 partim
1062 2696 1334 2731 demulcentes
1370 2696 1499 2730 ferum
1526 2695 1636 2729 illum
1661 2694 1819 2730 leonem
1845 2697 1884 2729 et

388 2743 643 2779 incantantes
670 2745 849 2779 carmina
875 2744 1078 2787 salutaria,
1106 2744 1251 2789 partim
1270 2743 1536 2778 confidentius
1555 2742 1818 2777 adversantes
1845 2744 1885 2776 et

329 2791 376 2827 20
390 2795 660 2836 coarguentes
695 2793 952 2838 impietatem.
1004 2791 1082 2828 Sed
1108 2791 1174 2826 ille
1199 2791 1326 2826 instar
1344 2791 1495 2836 aspidis
1523 2790 1739 2825 obturabat
1765 2798 1885 2824 aures

389 2847 523 2882 neque
549 2839 843 2875 incantantium
869 2849 1011 2876 vocem
1037 2839 1276 2875 admittebat
1302 2848 1434 2884 neque
1459 2838 1698 2874 medicinam
1717 2837 1885 2882 accipie-

329 2886 374 2923 21
389 2885 459 2920 bat
485 2896 508 2920 a
535 2887 631 2922 viris
671 2888 934 2934 sapientibus.
986 2887 1084 2924 Cum
1109 2888 1234 2934 igitur
1272 2897 1394 2932 saepe
1421 2896 1510 2922 cum
1537 2886 1585 2921 iis
1612 2886 1772 2932 egisset,
1799 2895 1886 2931 per·
