2054 3282
426 251 707 292 CHAGANVS
734 250 876 290 DOLO
902 248 1088 288 DOMVM
1114 246 1456 286 REPELLITVR.
1621 245 1687 283 191

187 378 402 421 σπένδεται
422 376 531 432 πρὸς
557 376 745 430 Πρίσκον
767 375 832 417 ε’πὶ
855 375 1010 428 δώροις
1042 373 1193 427 ὀλίγοις
1223 371 1295 413 καὶ
1325 371 1496 414 ἄπεισιν.
1560 371 1690 412 ἔκτισε
1703 374 1749 410 56

190 447 236 489 δὲ
263 445 508 492 Φιλιππικὸς
539 445 583 486 ἓν
612 443 881 498 Χρυσοπόλει
911 442 1049 497 μονὴν
1080 438 1143 483 ἐπ’
1177 440 1350 494 ὀνόματι
1381 444 1454 494 τῆς
1475 438 1689 482 Θεοτόκου

190 515 261 557 καὶ
292 514 409 556 οἷκον
441 515 485 556 ἐν
520 513 645 567 ταύτῃ
688 512 995 567 λαμπρότατον,
1040 507 1088 552 ἵν’
1123 510 1166 551 ἓν
1197 510 1315 562 αὐτῷ
1346 508 1418 550 τὸν
1447 507 1691 562 ΛῑῘαυρίκιον

191 584 448 637 ὑποδέχοιτο.

153 655 176 690 5
305 650 359 692 Ὁ
405 651 451 691 δέ
497 666 542 703 γε
588 647 1075 693 Κωνσταντινουπόλεως
1120 647 1380 701 πατριάρχης
1415 645 1621 700 Ἰωάννης
1667 645 1691 687 ὁ
1710 642 1762 684 13

190 718 412 774 νηστευτὴς
447 717 518 759 τὸν
554 718 647 772 βίον
685 717 819 758 λιπὼν
861 716 970 770 πρὸς
1013 716 1085 762 τὰς
1127 715 1288 761 ἀϊδίους
1329 715 1500 770 μετέστη
1543 715 1691 770 μονάς,

190 788 411 842 κοσμήσας
453 786 524 828 τὸν
567 785 856 840 ἀρχιερατικὸν
899 785 1060 838 θρόνον
1103 784 1169 826 ἐπὶ
1211 785 1280 838 ἔτη
1317 783 1582 838 τρισκαίδεκα
1621 783 1693 824 καὶ
1707 787 1782 823 PII
1793 787 1882 825 77A

191 856 391 897 ἐπέκεινα.
451 855 746 909 προεχειρίσθη
780 853 855 895 οὗν
891 854 1150 908 πατριάρχης
1187 852 1410 906 Κυριακός,
1455 851 1587 906 ἱερεὺς
1622 852 1729 894 καὶ2

193 924 420 978 οἰκονόμος
450 928 522 978 τῆς
553 923 775 977 ἐκκλησίας
804 927 877 977 τῆς
897 922 1094 976 μεγάλης.
1157 919 1230 976 ὑφ’
1255 919 1306 962 οὗ
1329 922 1353 962 ὁ
1373 926 1446 976 τῆς
1467 921 1730 976 ὕπεραγίας3

139 999 181 1034 10
194 992 402 1034 θεοτόκου
434 992 547 1039 ναός,
580 992 628 1037 ὃς
657 995 730 1046 τῆς
762 990 1037 1045 Διακονίσσης
1067 991 1233 1045 λέγεται,
1278 990 1562 1044 ᾠκοδόμηται.
1625 989 1731 1031 καὶ4

199 1061 372 1115 Πέτρος,
416 1061 440 1102 ὁ
471 1064 545 1101 τοῦ
579 1060 822 1114 Μαυρικίου
855 1059 1068 1114 ὁμαίμων,
1112 1059 1184 1100 τὸν
1214 1059 1330 1112 ναόν,
1375 1060 1422 1104 ὃς
1452 1063 1526 1100 τοῦ
1552 1059 1694 1112 Ἀρεο-

194 1130 341 1184 βίνδου
386 1129 579 1182 καλεῖται,
625 1133 673 1183 τῇ
717 1128 913 1182 θεοτόκῳ
957 1128 1161 1182 ἀνήγειρε.
1224 1127 1366 1182 Σοφία
1406 1128 1450 1169 δὲ
1482 1129 1505 1182 ἡ
1537 1127 1732 1182 βασιλὶςῖ)

195 1198 267 1240 καὶ
297 1199 323 1252 ἡ
356 1198 580 1251 Αὐγούστα
602 1196 898 1238 Κωνσταντῖνα
931 1198 1092 1251 στέμμα
1124 1197 1417 1251 προσήνεγκαν
1447 1201 1508 1250 τῷ
1540 1195 1892 1250 βασιλεῒννΙΠὸδ

197 1267 330 1312 λίθοις
367 1266 604 1320 ὑπερτίμοις
645 1265 716 1306 καὶ
751 1265 988 1319 μαργάροις
1018 1265 1248 1319 ὑπερφυέσι
1279 1265 1610 1319 κεκοσμημένον.
1673 1263 1733 1308 66

142 1342 185 1377 15
200 1335 245 1376 δὲ
283 1339 404 1376 τοῦτο
441 1334 586 1389 λαβὼν
617 1334 791 1376 ἀνέθετο
822 1339 883 1387 τῷ
914 1334 1019 1387 θεῷ,
1063 1337 1112 1388 τῇ
1156 1333 1354 1387 ἐκκλησίᾳ
1397 1334 1695 1387 προσαγαγών.

313 1402 366 1444 Ὁ
386 1402 586 1456 Χαγάνος
606 1403 746 1457 μέντοι
777 1402 848 1443 καὶ
879 1401 1004 1448 αὖθις
1033 1402 1142 1456 πρὸς
1172 1401 1221 1442 τὰ
1242 1401 1465 1456 Ῥωμαίων
1496 1402 1733 1456 ἕχώρησε.7

198 1472 269 1514 καὶ
300 1471 435 1525 τούτῳ
463 1474 549 1512 τῶν
569 1470 821 1525 Ῥωμαϊκῶν
852 1471 1173 1525 στρατευμάτων
1205 1470 1568 1524 ἀντιταττομένων,
1599 1471 1700 1512 ποτὲ

200 1603 219 1637 1
245 1602 323 1647 περὶ
349 1607 408 1647 τῆς
425 1606 486 1636 τοῦ
504 1601 716 1636 Φιλιππικοῦ
740 1606 851 1646 μονῆς
869 1601 900 1636 E
998 1601 1021 1636 5
1044 1601 1124 1645 περὶ
1140 1605 1370 1646 πατριαρχῶν
1389 1600 1452 1636 CE
1552 1601 1596 1636 16
1620 1601 1701 1646 περὶ

199 1655 270 1685 τῶν
292 1650 388 1694 παρὰ
414 1652 504 1692 (om.
524 1649 570 1693 E)
596 1655 657 1684 τοῦ
675 1649 842 1695 Χαγάνου
866 1649 1111 1694 πωλουμένων
1137 1649 1384 1694 αἰχμαλώτων,
1410 1650 1472 1687 οὓς
1497 1650 1518 1683 ὁ
1540 1649 1701 1695 βασιλεὺς

199 1699 403 1743 Μαυρίκιος
430 1699 483 1739 (v.
510 1697 563 1732 ad
589 1697 679 1733 XIV
707 1698 762 1742 11,
789 1697 850 1742 20)
877 1697 944 1733 οὐκ
972 1697 1132 1743 ὠνήσατο
1159 1697 1222 1732 GE

0 1817 26 1863 ἓν
271 1818 294 1853 2
319 1817 356 1852 ἓν
373 1817 594 1862 Χρυσοπόλει
615 1828 690 1853 om.
705 1818 748 1862 Ο,
776 1817 867 1852 add.
886 1816 1034 1863 AEwp,
1060 1816 1240 1863 Theoph.
1260 1817 1277 1851 Ι
1301 1828 1337 1863 p.
1356 1817 1437 1862 272,
1465 1817 1522 1862 22,
1550 1816 1664 1853 Cedr.
1684 1817 1702 1852 I

0 1864 25 1910 *ἕ
274 1877 310 1912 p.
329 1866 410 1909 698,
433 1866 456 1900 8
552 1866 575 1901 3
598 1866 792 1911 μαβρίκιον
818 1865 862 1908 Ε,
888 1876 925 1900 v.
953 1866 1004 1900 ad
1031 1865 1123 1900 XIV
1152 1866 1206 1908 ll,
1233 1866 1280 1900 20
1376 1865 1409 1900 5.
1436 1866 1458 1900 6
1482 1866 1702 1911 πατριάρχης

3 1919 14 1946 ’ζ’
273 1914 423 1959 ἰωάννης
447 1915 468 1948 ὁ
492 1914 678 1959 νηστευτὴς
704 1913 784 1958 AO,
824 1913 975 1958 ι’ωάννης
1000 1914 1020 1948 ὁ
1048 1913 1236 1958 νηστευτὴς
1267 1913 1327 1948 καὶ
1361 1914 1579 1958 πατριάρχης
1606 1914 1701 1959 Ewp

273 1964 296 1996 8
319 1963 572 2007 προεχειρίσθη
599 1961 662 1996 οὖν
687 1960 734 2006 A,
770 1962 1021 2006 προεχειρίσθη
1048 1966 1131 2006 γοῦν
1158 1961 1266 2006 Ewp,
1304 1962 1365 1996 καὶ
1389 1963 1642 2006 ,προεχειρίσθη
1670 1964 1702 1996 Ο

273 2013 296 2045 9
309 2015 368 2055 τῆς
380 2010 532 2054 μεγάλης
545 2009 735 2054 ἐκκλησίας
749 2009 847 2055 pr
946 2010 991 2044 10
1007 2010 1058 2054 ὃς]
1073 2010 1094 2044 ὁ
1106 2009 1142 2044 D
1243 2009 1286 2044 13
1303 2012 1541 2045 κωνσταντίνα
1554 2009 1702 2055 Apr,

275 2067 376 2093 corr.
403 2056 471 2101 Di,
498 2067 536 2092 V.
563 2057 615 2092 ad
641 2057 731 2092 XIV
758 2058 812 2102 ll,
839 2057 861 2092 2
1024 2058 1266 2102 προςήνεγκαν
1291 2061 1342 2091 τῶ
1366 2058 1506 2103 βασιλεῖ
1526 2057 1572 2102 A,
1597 2071 1703 2102 προς-

274 2107 400 2152 ήνεγκε
425 2110 475 2140 τῶ
497 2105 636 2150 βασιλεῖ
659 2103 797 2151 E(Wp)‚
824 2111 872 2150 τῷ
897 2105 1036 2151 βασιλεῖ
1055 2106 1269 2150 πεποιήκασι
1291 2105 1322 2138 (’)
1354 2110 1394 2141 et
1419 2106 1592 2140 Parisilli
1619 2106 1703 2140 Du-

276 2154 411 2199 eangii
511 2153 555 2187 14
581 2156 671 2198 post
695 2155 964 2198 κεκοσμημένον
989 2153 1081 2188 add.
1107 2154 1167 2188 καὶ
1193 2154 1228 2187 οἱ
1251 2153 1335 2188 αὐτὸ
1362 2154 1471 2195 (αὐτῶ
1491 2153 1573 2196 CD)
1597 2167 1704 2199 ,προς-

277 2202 428 2247 ήνεγκαν
454 2199 486 2235 Ο
513 2205 553 2236 et
578 2201 749 2235 Parisini
776 2200 980 2246 Dueangii

206 2325 294 2351 eum
323 2314 542 2361 chaganus
568 2313 680 2349 lectis
706 2314 848 2350 litteris
873 2314 1031 2350 timeret
1054 2315 1148 2359 suis,
1178 2325 1319 2361 pacem
1347 2326 1436 2350 cum
1452 2315 1589 2351 Prisco
1609 2316 1705 2351 facit

208 2364 429 2409 paucisque
453 2362 689 2397 muneribus
721 2363 899 2408 acceptis
933 2362 1096 2397 domum
1131 2363 1245 2398 redit.
1296 2363 1543 2409 Philippicus
1570 2373 1705 2398 mona·
1719 2367 1764 2402 56

207 2412 371 2447 sterium
398 2411 560 2446 nomine
579 2409 782 2456 Deiparae
808 2411 1046 2456 chrysopoli
1073 2410 1252 2446 condidit
1279 2415 1402 2456 atque
1429 2411 1551 2447 aedes
1578 2412 1704 2457 splen-

207 2459 446 2502 didissimas,
473 2458 621 2503 quibus
647 2458 885 2493 Malu-icium
912 2458 1130 2503 exciperet.

328 2507 383 2541 13.
434 2506 594 2541 interea
633 2506 866 2551 patriarcha
904 2505 1140 2551 Cpolitanus
1168 2505 1340 2541 Ioannes
1382 2507 1584 2542 ieiunator
1622 2507 1706 2542 vita

209 2555 347 2590 relicta.
361 2556 399 2589 in
415 2557 602 2589 aeternas
617 2554 847 2589 mansiones
862 2553 1054 2598 discessit,
1074 2564 1163 2588 cum
1180 2554 1315 2589 sedem
1336 2555 1580 2600 pontificiam
1599 2555 1706 2590 ultra

209 2602 400 2638 tredecim
439 2611 569 2636 annos
608 2607 800 2637 ornasset.
867 2602 909 2636 Ei
948 2602 1140 2637 successit
1173 2602 1380 2647 Cyriacus,
1418 2603 1631 2648 presbyter
1668 2606 1743 2641 et2

210 2659 456 2686 oeconomus
484 2659 659 2695 magnae
673 2650 885 2695 ecelesiae3
912 2660 936 2684 a
952 2660 1031 2695 quo
1050 2647 1334 2685 sacrosanctae
1353 2650 1546 2696 deiparae
1573 2651 1742 2693 aedeS‚3

211 2708 316 2744 quae
343 2697 607 2732 Diaconissae
643 2697 802 2742 dieitur,
845 2701 1053 2733 exstructa
1087 2702 1157 2732 est.
1209 2697 1352 2733 Petrus
1380 2698 1485 2742 item,
1525 2698 1742 2736 Mauricii4

213 2750 347 2790 frater,
386 2745 528 2781 aedem
554 2745 776 2780 Areobindi
803 2745 998 2791 deiparae
1024 2745 1214 2781 condidit.
1265 2746 1415 2791 Sophia
1442 2757 1538 2782 vero
1565 2747 1743 2792 reginaf)

212 2799 252 2830 et
277 2793 466 2840 Augusta
492 2792 757 2828 Constantina
794 2803 986 2829 coronam
1026 2794 1111 2838 regi
1138 2794 1308 2839 gemmis
1337 2795 1631 2839 pretiosissimis
1669 2799 1709 2829 et

213 2842 444 2887 margaritis
471 2841 699 2886 insignibus
726 2846 910 2877 ornatam
938 2841 1186 2887 obtulerunt3
1222 2853 1310 2876 vam
1338 2842 1402 2876 ilie
1430 2843 1468 2877 in
1497 2843 1744 2879 ecclesianis}

214 2890 407 2936 perlatam
436 2889 512 2924 deo
540 2890 805 2925 consecravit.

333 2939 552 2983 maganus
563 2938 765 2973 Romanas
780 2939 1011 2984 provincias
1023 2948 1162 2973 rursus
1178 2948 1399 2983 aggressus
1415 2939 1554 2973 missas
1569 2944 1709 2974 contra
1724 2941 1743 2978 7
