2054 3282
602 212 903 254 BVLGARICA
929 210 1226 252 EXPEDITIO.
1590 210 1661 249 239

165 356 243 388 σας
271 338 321 382 τὰ
353 340 523 395 ὄμματα
555 340 613 386 εἷς
641 338 810 393 Ῥώμην
841 338 962 379 ἔθετο
999 335 1232 391 ὑπερόριον.
1295 334 1442 390 Κῦρον
1486 334 1533 376 δέ
1573 351 1660 376 τινα
1675 339 1697 374 5
1722 338 1753 373 B

163 409 355 466 μοναχὸν
386 408 616 463 ἔγκλειστον
645 407 907 461 πατριάρχην
936 405 1211 460 προυβάλετο,
1255 405 1304 450 ὃς
1340 404 1459 458 αὐτῷ
1493 402 1569 464 τὴν
1605 404 1663 450 εἷς

164 477 239 533 τὴν
281 478 491 532 βασιλείαν
533 476 868 518 ἀποκατάστασιν
909 475 1206 529 προεφοίβασε.
1267 472 1375 514 πολὺ
1415 473 1461 514 δὲ
1497 473 1699 528 πλῆθοςδ

17 592 23 603 ε
165 548 214 589 ἔκ
244 563 287 588 τε
317 550 391 588 τοῦ
423 547 653 600 δημοτικοῦ
684 544 756 586 καὶ
785 548 859 585 τοῦ
891 546 1186 598 στρατιωτικοῦ
1217 541 1306 583 τότε
1331 541 1567 596 διέφθειρεν
1589 539 1662 583 οὗ-

52 619 69 656 1
81 619 153 656 328
165 630 236 662 τος
266 615 291 656 ό
320 613 526 670 βασιλεύς,
558 613 654 659 τοὺς
683 613 763 667 μὲν
793 616 1004 666 φανερῶς,
1036 612 1171 658 ἐνίους
1199 611 1340 666 μέντοι
1371 611 1442 652 καὶ
1473 611 1663 665 ἀφανῶς.

9 681 28 696 ⁵
166 683 322 730 στείλας
354 680 391 725 δ’
425 683 482 728 εἷς
512 681 735 736 Χαζαρίαν
771 682 901 735 ἤγαγε
936 680 1011 735 τὴν
1042 684 1217 734 γυναῖκα
1249 680 1379 722 αὐτοῦ
1416 678 1663 734 Θεοδώραν,
1678 683 1700 719 7

165 751 248 807 ἤδη
280 752 398 806 αὐτῷ
426 754 631 792 τεκοῦσαν
666 749 770 804 υἱόν,
816 751 865 791 ὃν
904 749 1095 804 Τιβέριον
1133 748 1424 803 κατωνόμασε,
1469 749 1666 804 κάκείνην

167 819 213 862 δὲ
243 820 315 862 καὶ
344 819 392 861 τὸ
430 819 597 861 παιδίον
632 822 706 860 τοῦ
749 822 822 873 τῆς
863 818 1073 872 βασιλείας
1115 818 1301 866 ἀξιώσας
1344 817 1552 872 ὀνόματος
1594 816 1666 858 καὶ

165 889 301 943 ἄμφω
340 888 497 942 ἔστεψε.
558 887 687 934 λύσας
724 886 770 929 δὲ
804 886 878 933 τὰς
906 885 1016 940 πρὸς
1045 885 1143 932 τοὺς
1177 886 1450 941 Βουλγάρους
1480 885 1702 932 σπονδὰςὸ

109 963 155 998 10
165 954 256 999 κατ’
290 957 431 999 αὐτῶν
462 956 749 1009 ἐξεστράτευσε
780 954 856 997 σὺν
887 956 1073 1001 ἱππικαῖς
1103 971 1145 996 τε
1166 955 1236 996 καὶ
1257 956 1445 1004 πεζικαῖς
1467 954 1668 1010 δυνάμεσι

165 1025 238 1068 καὶ
279 1024 356 1067 σὺν
399 1025 535 1079 στόλῳ
577 1025 738 1079 πολλῷ,
781 1023 852 1066 καὶ
891 1024 1057 1079 ἀπῆλθε
1091 1023 1201 1078 πρὸς
1231 1023 1305 1078 τὴν
1330 1024 1557 1078 Ἀγχίαλον.
1619 1022 1702 1065 τὸ9

165 1094 244 1150 μὲν
274 1093 351 1136 οὗν
376 1097 549 1148 πρῶτον
571 1093 775 1140 δείσαντες
796 1094 837 1135 οἱ
856 1093 1098 1147 Βούλγαροι
1130 1093 1187 1139 εἷς
1216 1092 1265 1134 τὰ
1298 1093 1377 1147 ὄρη
1411 1093 1665 1147 ἀνέδραμον,

167 1163 330 1205 ἐκεῖθεν
374 1163 419 1204 δὲ
457 1162 727 1208 ἀσυντάκτως
765 1161 947 1216 ὁρῶντες
984 1161 1059 1216 τὴν
1095 1165 1180 1203 τῶν
1210 1161 1434 1216 Ῥωμαίων
1476 1161 1711 1216 στρατιάνΟ

169 1233 460 1287 σκηνου,ιιένην
481 1231 554 1272 καὶ
574 1231 848 1285 ἀπροσέκτως
868 1231 925 1277 εἷς
946 1231 1251 1285 χορτασμάτων
1273 1229 1477 1285 συλλογὴν
1498 1230 1667 1272 σκιδνα-

114 1311 156 1346 15
169 1302 314 1355 μένην,
346 1300 641 1355 ἀνεθάρσησαν
671 1299 743 1341 καὶ
770 1297 1014 1345 ἐπελθόντες
1035 1299 1175 1345 αὐτοῖς
1195 1298 1376 1345 πολλοὺς
1396 1299 1475 1353 μὲν
1496 1299 1668 1347 ἀνεῖλον,

172 1369 223 1411 οὗ
253 1370 399 1423 μείους
437 1368 483 1411 δὲ
519 1369 852 1424 ᾖχμαλώτευσαν
887 1367 958 1409 καὶ
1001 1368 1128 1409 ἵππον
1170 1368 1372 1422 συνέσχον
1413 1368 1582 1423 πολλήν.
1644 1368 1669 1409 ὁ
1684 1373 1730 1408 10

168 1438 308 1492 μέντοι
349 1436 542 1492 βασιλεὺς
584 1436 660 1479 σὺν
701 1440 786 1483 τοῖς
822 1436 1143 1491 περιλειφθεῖσιν
1181 1437 1239 1482 εἷς
1268 1434 1315 1478 τὸ
1347 1437 1436 1478 ἐκεῖ
1462 1436 1667 1478 συνεκλεί-

170 1506 336 1561 σθησαν
372 1506 593 1560 φρούριον.
655 1504 739 1547 εἶτα
770 1504 867 1552 τοὺς
897 1506 1050 1550 ἵππους
1079 1505 1238 1551 πάντας
1267 1505 1667 1560 νευροκοπήσαντες,
1684 1511 1723 1546 11

169 1575 236 1616 ἵνα
264 1573 325 1630 μὴ
357 1575 530 1621 τούτους
561 1574 727 1629 λάβοιεν
758 1574 799 1615 οἱ
827 1573 1029 1628 πολέμιοι,
1064 1577 1149 1619 τοῖς
1179 1577 1252 1614 τοῦ
1285 1573 1433 1615 στόλου
1466 1574 1669 1628 σκάφεσιν

169 1717 192 1752 6
217 1718 268 1752 ὅτι
293 1717 417 1762 ἔστεφε
442 1716 504 1763 τὴν
528 1722 677 1762 γυναῖκα
702 1715 808 1751 αὐτοῦ
835 1716 895 1751 καὶ
920 1715 979 1750 τὸν
1004 1716 1082 1751 υἱόν
1108 1715 1171 1751 CE
1299 1715 1321 1750 9
1346 1717 1396 1750 ὅτι
1421 1715 1554 1762 ἐπῆλθε
1580 1715 1670 1752 κατὰ

170 1764 391 1810 Βουλγάρων
416 1765 476 1800 καὶ
501 1764 638 1810 ἡττήθη
666 1763 729 1800 ΟΕ

245 1897 262 1932 1
290 1897 402 1942 κύρον
429 1895 557 1942 CEwp
699 1895 721 1931 2
745 1895 983 1942 προυβάλλετο
1009 1894 1155 1942 AEwp,
1180 1895 1398 1942 προυβάλετο
1424 1895 1526 1940 ODi,
1553 1907 1590 1931 v.
1618 1896 1671 1931 ad

243 1943 333 1980 xlv
363 1945 418 1988 11,
435 1944 458 1979 ἴ)
555 1943 588 1979 2.
614 1944 636 1978 3
660 1944 709 1982 εἷς
732 1943 794 1989 τὴν
824 1954 899 1979 om.
926 1942 1013 1989 w*p
1042 1944 1180 1979 invitis
1198 1943 1269 1978 AR
1295 1944 1428 1989 (regni
1456 1954 1671 1990 reeupera-

214 1999 226 2012 ’
242 1993 410 2028 tionem:
437 1992 502 2028 Wo
519 1992 600 2036 lat.)
680 1992 703 2026 3
716 1991 755 2026 δὲ
770 2002 845 2027 om.
861 1991 891 2026 B
969 1991 993 2025 4
1007 1996 1066 2026 τοῦ
1081 1991 1250 2027 alterum
1268 2002 1343 2027 om.
1360 1991 1395 2026 D
1469 1993 1492 2026 τ’)
1510 1996 1598 2038 post
1609 1993 1671 2038 βα-

243 2039 373 2080 σιλεὺς·
401 2040 492 2075 add.
519 2040 582 2075 καὶ
607 2038 653 2083 Α,
681 2037 929 2085 on1.prDi
1025 2040 1048 2073 6
1078 2038 1168 2075 ὐτοῦ
1188 2038 1216 2075 C
1315 2040 1336 2075 7
1365 2043 1454 2085 post
1483 2041 1551 2085 ἤδη
1578 2040 1671 2075 add.

242 2087 282 2123 δὲ
298 2087 328 2124 C
427 2090 518 2134 post
534 2089 574 2122 ὃν
593 2087 684 2123 add,
702 2087 763 2123 καὶ
781 2086 810 2123 C
907 2087 929 2122 9
954 2087 1159 2135 βαρβάρους
1178 2087 1208 2122 Ε
1300 2088 1343 2123 17
1370 2089 1602 2134 συνεκλείσθη
1621 2096 1624 2133 Ῑ
1643 2088 1672 2124 C

244 2136 289 2171 19
315 2137 351 2171 οἱ
371 2135 546 2180 πολέμιοι]
574 2135 756 2180 ὑπολὲμιοι
785 2135 815 2170 E

172 2284 278 2310 mam
304 2273 514 2319 relegavit.
565 2271 715 2318 Cyrum
753 2276 900 2317 autem,
939 2273 1181 2309 monachum
1221 2273 1424 2319 quendam
1461 2274 1709 2318 inclusum‚5

174 2323 242 2369 qui
270 2323 305 2358 ei
332 2322 448 2368 regni
476 2321 824 2366 recuperationem
842 2321 1113 2366 praedixerat,
1142 2322 1411 2367 patriarcham
1429 2322 1671 2368 desig-navit.

173 2369 391 2405 Maximam
416 2369 577 2405 turbam
604 2371 643 2404 et
670 2368 869 2414 plebeiam
910 2373 950 2405 et
975 2368 1185 2404 militarem
1214 2370 1276 2404 hie
1303 2380 1375 2405 rex
1403 2373 1487 2405 tum
1516 2369 1710 2415 occidit,6

175 2418 318 2464 partim
338 2421 491 2464 aperte,
518 2416 663 2463 partim
684 2417 805 2452 etiam
832 2415 945 2452 clam.
996 2416 1056 2451 Ex
1083 2416 1280 2452 Chazaria
1306 2427 1475 2453 uxorem
1491 2417 1710 2454 'simodo—7

176 2475 260 2501 ram
282 2465 502 2508 revocavit,
529 2474 635 2510 quae
660 2464 696 2499 ei
725 2465 803 2499 iam
831 2464 954 2499 filium
974 2469 1199 2510 pepererat,
1227 2475 1346 2510 quem
1373 2464 1580 2500 Tiberium
1608 2476 1675 2501 vo-

176 2513 294 2556 cavit,
333 2513 543 2559 ipsamque
574 2523 622 2547 ae
649 2512 773 2547 fllium
801 2512 915 2558 regio
942 2513 1102 2547 nomine
1131 2512 1321 2558 dignatos
1347 2512 1576 2549 diademate
1616 2523 1677 2548 οι·-

176 2561 301 2596 navit.
366 2560 547 2596 Foedere
595 2563 730 2595 autem
780 2564 899 2606 rupto
941 2558 1130 2606 Bulgaris
1173 2560 1321 2595 bellum
1364 2560 1508 2605 intulit,
1557 2562 1712 2606 eque-8

176 2608 326 2644 sti-ibus
363 2618 411 2644 ac
450 2607 705 2654 pedestribus
743 2611 782 2642 et
820 2607 1036 2643 navalibus
1075 2608 1202 2653 copiis
1238 2609 1396 2654 magnis
1435 2607 1674 2644 Anchialum

178 2657 394 2703 profectus.
443 2655 503 2691 Ae
529 2656 701 2702 primum
728 2655 891 2701 quidem
918 2655 1045 2691 territi
1073 2655 1240 2702 Bulga1·i
1275 2656 1314 2691 in
1342 2660 1499 2692 montes
1539 2657 1712 2692 coum-9

177 2707 339 2750 gerunt,
372 2703 444 2740 sed
470 2713 561 2739 eum
600 2702 708 2739 illinc
745 2703 940 2739 vidissent
967 2702 1240 2739 Romanorum
1279 2705 1503 2739 exereitum
1543 2707 1676 2739 castra

178 2751 288 2787 nuno
315 2751 457 2787 ordine
484 2750 666 2798 posuisse
694 2754 733 2786 et
758 2755 909 2787 temere
936 2750 1174 2796 pabulatum
1203 2751 1394 2798 dispergi,
1434 2752 1591 2788 animos
1618 2762 1677 2788 re·

179 2805 375 2845 ceperunt
388 2802 428 2835 et
442 2799 648 2845 congressi
664 2798 810 2834 multos
821 2798 1068 2843 occiderunt,
1095 2809 1228 2845 neque
1241 2800 1454 2845 pauciores
1469 2803 1675 2846 ceperunt,

180 2847 294 2893 equis
320 2847 439 2883 etiam
466 2847 599 2882 multis
634 2847 760 2893 potiti.
811 2846 997 2882 Cetei-uni
1037 2857 1107 2881 rex
1149 2857 1239 2882 cum
1268 2847 1446 2892 reliquiis
1472 2848 1676 2883 exereitus
1693 2849 1737 2884 10

180 2895 219 2933 in
248 2895 466 2940 castellum,
494 2894 600 2940 quod
629 2894 706 2930 illic
734 2899 831 2939 erat,
871 2906 913 2930 se
940 2894 1146 2930 conclusit.
1200 2893 1355 2931 Deinde
1383 2896 1516 2931 incisis
1556 2906 1675 2942 equo-
1693 2897 1734 2932 11
