1968 3302
5 2118 34 2162 ι,

0 2183 26 2234 ri:

719 208 885 255 GALLI
910 206 1107 254 OBIT‘VS.
1616 205 1664 250 47

164 334 328 382 Γάλλον
365 337 427 387 ὥς
462 339 621 382 ἑαυτόν.
684 340 708 381 ὃ
742 339 787 382 δὲ
817 339 892 395 τὴν
929 342 1104 394 γυναῖκα
1141 337 1418 392 προέπεμψεν
1457 337 1663 391 ἑξευμενι-
1680 340 1724 376 17

165 409 347 464 σομένην
377 408 449 451 τὸν
479 408 682 462 ἀδελφόν·
723 410 772 463 ἣν
804 409 1116 462 ὁδοιποροῦσαν
1147 407 1202 448 ἔτι
1232 405 1279 447 τό
1310 405 1426 452 τέλος
1457 405 1504 447 ἔκ
1535 404 1664 446 νόσου

164 478 366 532 κατέλαβε
397 481 469 533 τῆς
500 478 625 532 ζωῆς.
689 476 813 531 γνοὺς
844 475 921 519 οὗν
951 475 1023 518 τὸν
1053 479 1126 530 τῆς
1162 474 1348 529 ἀδελφῆς
1379 474 1404 515 ὁ
1435 473 1663 515 Κωνστάν-
1680 478 1725 513 18

164 562 248 592 τιος
279 546 465 587 θάνατον
496 546 642 586 αὐτίκα
676 546 833 592 στείλας
865 548 1020 600 γυμνοῖ
1045 543 1116 586 τὸν
1138 542 1301 585 Γάλλον
1329 546 1402 584 τοῦ
1425 542 1666 597 ἀξιώματος

128 615 236 656 baal
267 614 492 668 ὑπερόριον
522 615 694 670 τίθησιν.
757 613 839 655 εἶτα
873 614 1020 655 στέλλει
1053 613 1124 654 καὶ
1148 611 1245 659 τοὺς
1266 611 1394 654 αὐτὸν
1415 611 1663 666 ἆναιρήσον-
1679 615 1725 651 19

165 699 250 732 τας,
281 682 398 737 παρὰ
429 686 516 724 τῶν
546 683 640 736 περὶ
671 682 800 724 αὐτὸν
830 682 939 736 πρὸς
970 686 1092 724 τοῦτο
1123 681 1369 736 ἒρεθισῦείς.
1431 679 1726 735 μεταμελη-2Ο

24 751 254 798 11202θεὶς
294 749 331 793 δ’
365 750 490 798 αὖθις
527 752 694 805 ἑτέρους
732 751 882 793 στέλλει
925 750 1021 797 τοὺς
1066 751 1276 805 εἴρξοντας
1318 749 1392 805 τὴν
1435 749 1662 803 ἀναίρεσιν·

165 821 240 867 οὓς
270 820 489 862 ἀνέπεισαν
526 821 567 861 οἳ
602 825 663 874 τῷ
694 819 848 874 Γάλλῳ
880 819 1184 874 ἐχθραίνοντες,
1231 818 1303 860 καὶ
1338 818 1499 873 μᾶλλον
1535 818 1559 860 ὅ
1596 818 1664 860 εὗ-

163 893 317 944 νοῦχος
335 887 552 944 Εὐσέβιος,
585 888 660 943 τὴν
690 892 763 930 τοῦ
794 889 1070 942 πραιποσίτου
1104 888 1260 929 διέπων
1288 886 1424 942 ἀρχὴν
1454 886 1525 928 καὶ
1555 887 1709 941 μέγαΟ

106 969 152 1004 10
163 957 279 1012 παρὰ
311 958 372 1012 τῷ
394 958 676 1012 Κωνσταντίῳ
710 957 956 1012 δυνάμενος,
988 957 1047 1011 μὴ
1081 956 1287 1010 πρότερον
1319 955 1561 1011 ἀπαγγεῖλαι
1581 959 1667 1002 τοῖς

163 1027 235 1070 τὸν
266 1026 429 1068 Γάλλον
460 1027 687 1069 ε’νταλθεῖσι
718 1031 880 1069 κτανεῖν
910 1026 984 1081 τὴν
1020 1025 1236 1081 βασιλικὴν
1267 1025 1538 1079 μεταμέλειαν
1567 1024 1666 1078 πρὶν

163 1098 216 1138 ἂν
246 1100 381 1150 γνοῖεν
412 1096 678 1150 ἀνῃρημένον
709 1095 780 1138 τὸν
811 1095 1060 1150 ἄνθρωπον.

279 1164 333 1207 ‘O
361 1164 440 1219 μὲν
471 1163 547 1206 οὖν
579 1165 779 1220 ἀνῄρητο·
812 1168 898 1206 τῶν
927 1165 1061 1218 πέραν
1095 1164 1139 1206 δὲ
1167 1167 1241 1205 τοῦ
1258 1163 1407 1218 Ῥήνου
1429 1162 1665 1217 βαρβάρων
1678 1167 1723 1203 21

166 1238 253 1281 ταῖς
273 1233 317 1276 Γ
312 1234 469 1280 αλλίαις
498 1234 782 1288 ἐπικειμένων,
816 1234 1067 1288 ἐκπέμπεται
1088 1231 1298 1288 Σιλβανός
1319 1231 1556 1286 ἀνακόψων
1588 1232 1663 1274 αὗ-

109 1309 155 1346 15
167 1306 252 1346 τῶν
282 1302 355 1349 τὰς
386 1302 536 1357 ὁρμάς,
570 1302 677 1358 ἀνὴρ
709 1303 1092 1357 στρατηγικώτατος
1122 1302 1193 1344 καὶ
1218 1302 1385 1356 ἄριστος
1404 1300 1454 1342 τὰ
1474 1301 1663 1356 πολέμια.

169 1372 381 1427 διαβολαῖς
413 1371 459 1413 δὲ
490 1369 580 1413 κατ’
615 1372 744 1413 αὐτοῦ
775 1371 996 1418 πιστεύσας
1027 1371 1051 1413 ὁ
1081 1371 1276 1426 βασιλεύς
1321 1369 1420 1425 (εἶχε
1457 1369 1537 1425 γὰρ
1577 1370 1663 1411 ἔπι-
1679 1375 1725 1410 22

162 1441 311 1487 κλινεῒς
340 1439 414 1486 τὰς
445 1439 579 1487 ἀκοὰς
609 1440 718 1495 πρὸς
750 1439 965 1495 διαβολάς)
993 1439 1305 1496 ἒβυσσοδόιιιευε
1328 1438 1439 1481 δεινὰ
1462 1438 1569 1481 κατὰ
1590 1442 1664 1481 τοῦ

163 1509 328 1564 ἀνδρός.
388 1510 412 1551 ὃ
445 1508 569 1564 γνοὺς
601 1509 757 1555 ἐκεῖνος
788 1508 896 1564 πρὸς
928 1509 1184 1550 ἀποστασίαν
1216 1508 1408 1550 ἀπέκλινε
1429 1508 1500 1550 καὶ
1522 1513 1663 1563 σχῆμα
1678 1512 1724 1548 23

163 1640 209 1676 18
234 1639 426 1676 ἀποστασία
452 1639 631 1686 Σιλβανοῢ
657 1639 716 1675 καὶ
742 1639 917 1685 ἀναίρεσις
945 1638 1007 1676 ΟΕ

236 1761 254 1796 1
283 1760 332 1800 ὥς
358 1758 441 1806 AR,
466 1760 515 1800 εἰς
541 1759 695 1806 BSpr
781 1760 815 1795 3.
842 1760 865 1795 4
892 1760 1047 1796 θάνατον
1074 1764 1164 1807 post
1189 1761 1345 1807 ἀδελφῆς
1372 1759 1401 1798 C
1499 1761 1521 1796 5
1544 1762 1663 1807 περιό-

233 1822 311 1854 ριον
337 1808 367 1843 Β
481 1809 502 1844 6
531 1809 648 1844 αὐτῶν
675 1808 722 1853 D,
749 1819 840 1844 corr
865 1808 933 1847 Dw
1044 1809 1133 1854 πρὸς
1158 1808 1239 1854 AR,
1266 1810 1320 1844 ἐπὶ
1347 1810 1388 1854 E,
1415 1809 1464 1848 εἷς
1490 1808 1662 1856 prDi,

235 1867 272 1892 v.
299 1856 395 1892 XIII
423 1857 478 1902 10,
507 1856 551 1891 16
720 1856 742 1891 9
766 1858 1008 1902 πραιπωσίτου
1036 1859 1123 1901 (Sic)
1150 1856 1185 1892 A
1347 1858 1480 1903 μεγάλα
1507 1856 1664 1903 prDi

236 1905 281 1939 10
306 1906 552 1940 κωνσταντίνω
569 1904 599 1939 Ε
675 1905 729 1940 11.
750 1904 793 1939 12
817 1905 923 1950 πρινὴ
938 1905 980 1940 ἄν
996 1904 1097 1951 pr
1176 1906 1218 1940 13
1244 1905 1353 1951 ῥηνοῦ
1369 1906 1471 1952 pr
1548 1906 1603 1940 14.
1620 1907 1664 1941 15

234 1953 351 1988 αὐτῶν
377 1952 435 1992 τὰς
461 1952 609 1998 Asswp,
635 1952 694 1991 τὰς
722 1953 858 1988 τούτων
882 1954 913 1988 Ε
1007 1954 1051 1988 1ἴ)
1077 1955 1364 1998 στρατηκώτατος
1391 1954 1438 1996 Ι),
1466 1964 1568 1989 corr.
1595 1953 1664 1993 Dw

236 2001 281 2036 16
307 2000 346 2036 δὲ
373 2011 447 2036 om.
468 1999 496 2036 C
596 2001 640 2036 17
664 2001 775 2039 ἀκοὰς
799 2001 886 2046 πρὸς
913 2012 988 2036 om.
1008 2001 1037 2037 C
1135 2002 1371 2046 έβυσοδόμενε
1398 2001 1445 2047 D,
1474 2012 1576 2037 corr.
1595 2001 1664 2041 Dw

164 2135 244 2171 lum
272 2134 325 2170 ad
351 2144 406 2170 se.
456 2133 536 2170 Sed
562 2134 627 2170 iiie
652 2144 822 2170 uxorem
842 2135 1059 2180 praemisit,
1087 2145 1193 2180 quae
1211 2135 1455 2171 benevolum
1474 2134 1664 2172 redderet
1679 2141 1723 2177 17

164 2184 348 2227 fratrem3
375 2192 424 2218 ea
449 2192 547 2229 vero
575 2182 616 2216 in
640 2182 784 2218 itinere
810 2182 951 2218 morbo
981 2183 1110 2228 periit.
1163 2182 1338 2229 Cognita
1364 2184 1490 2230 igitur
1512 2184 1663 2219 sororis
1678 2189 1724 2225 18

165 2233 292 2267 morte
319 2229 582 2266 Constantius
613 2229 719 2265 illico
753 2231 872 2266 mittit
898 2234 938 2266 et
964 2230 1123 2266 Gallum
1152 2231 1351 2277 dignitate
1378 2231 1583 2277 privatum
1611 2242 1663 2267 ex

165 2279 328 2315 civitate
356 2278 609 2314 exterminat.
661 2278 763 2313 Tum
790 2279 909 2313 mittit
935 2279 1056 2314 etiam
1084 2280 1153 2324 qui
1180 2289 1272 2314 eum
1299 2279 1497 2324 tollerent,
1536 2280 1588 2315 ab
1615 2281 1663 2315 iis
1679 2285 1724 2320 19

165 2337 267 2373 quos
292 2327 442 2362 circum
470 2336 513 2362 se
540 2326 716 2361 habebat
742 2326 795 2361 ad
822 2326 926 2361 hane
952 2336 1036 2362 rem
1062 2327 1264 2362 incitatus,
1324 2326 1449 2363 Cuius
1480 2328 1539 2363 rei
1572 2338 1662 2363 cum
1677 2334 1724 2369 20

165 2385 256 2410 eum
284 2374 560 2421 paenituisset,
589 2384 730 2409 rursus
757 2374 858 2409 alios
886 2374 1015 2419 mittit,
1043 2375 1112 2420 qui
1138 2375 1378 2420 impedirent
1399 2376 1486 2410 eius
1505 2385 1662 2420 neeem;

166 2422 312 2469 quibus
339 2427 630 2468 persuaserunt
657 2421 760 2458 Galli
794 2422 941 2457 inimici
975 2432 1023 2457 ae
1054 2423 1188 2468 potius
1215 2423 1412 2458 Eusebius
1440 2423 1663 2468 eunuchus,

166 2471 233 2516 qui
261 2470 480 2517 praepositi
507 2470 758 2517 fungebatur
785 2480 953 2505 munere
979 2470 1230 2515 multumque
1257 2471 1367 2516 apud
1383 2471 1662 2507 Constantium

166 2518 341 2563 vaiebat‚
368 2528 418 2554 ne
445 2520 539 2554 ante
557 2518 793 2554 nuntiarent
820 2518 877 2561 iis,
906 2518 973 2563 qui
993 2517 1152 2553 Gallum
1173 2519 1400 2554 interficere
1418 2519 1516 2554 iussi
1535 2523 1662 2563 orant,

166 2575 305 2612 regem
334 2567 540 2612 paenitere
566 2576 686 2612 quam
715 2569 960 2612 cognossent
986 2566 1189 2601 sublatum
1217 2576 1304 2602 esse
1331 2567 1542 2602 hominem.

285 2613 354 2650 Ille
382 2614 508 2660 igitur
533 2614 589 2649 ita
615 2614 851 2650 interfectus
878 2618 954 2659 est3
982 2624 1073 2649 cum
1100 2619 1235 2649 autom
1263 2614 1548 2650 transrhenani
1574 2615 1721 2655 bar-21

167 2662 253 2697 bari
274 2660 426 2697 Gallias
444 2665 655 2705 vexarent,
682 2662 852 2697 mittitur
867 2661 1067 2702 Silvanus,
1094 2666 1138 2696 ut
1166 2663 1402 2707 reprimeret
1429 2672 1568 2698 eorum
1595 2664 1664 2698 im-

195 2714 295 2754 etus,
335 2710 398 2744 vir
433 2710 489 2745 rei
521 2710 704 2745 militaris
736 2710 1000 2755 peritissimus
1033 2713 1070 2745 ct
1106 2711 1280 2755 optimus
1310 2710 1540 2756 imperator.
1592 2710 1662 2747 Ca·
1676 2712 1724 2748 22

181 2758 326 2793 umniis
353 2761 488 2792 autem
518 2761 658 2792 contra
686 2767 776 2792 eum
805 2757 920 2793 dictis
948 2768 1038 2792 cum
1068 2757 1187 2792 fidem
1214 2758 1420 2794 tribuisset
1446 2769 1520 2795 rex
1560 2763 1664 2805 (erat

168 2806 273 2841 enim
302 2806 438 2851 pronis
465 2805 632 2840 auribus
659 2805 710 2840 ad
738 2805 987 2850 calumnias),
1019 2805 1279 2841 clandestinis
1306 2807 1481 2843 consiliis
1497 2818 1662 2854 operam

168 2853 278 2889 dedit
310 2857 452 2889 contra
484 2853 591 2889 hunc
624 2853 836 2889 hominem.
894 2853 983 2896 Qua
1014 2863 1058 2889 re
1091 2855 1257 2900 cognita
1291 2854 1355 2890 ilie
1388 2855 1440 2890 ad
1473 2855 1663 2892 defectio·
1676 2856 1723 2892 23

167 2911 259 2939 nem
286 2901 434 2938 avertit
460 2903 499 2937 ct
525 2901 705 2938 habitum
734 2899 919 2938 Caesaris
949 2902 1023 2937 sibi
1057 2901 1206 2949 induit3
1245 2913 1378 2949 neque
1410 2907 1545 2940 tamen
1579 2904 1662 2942 diu-
