2054 3282
333 218 404 254 680
711 218 892 256 ZONAR.
919 219 1050 255 EPIT.
1076 218 1208 254 XVIII
1234 219 1267 263 9,
1296 219 1446 256 11-23.

275 343 321 378 12
333 339 547 394 πολλαχοῦ
588 340 900 394 ῆρειπώθησαν.
963 340 1029 380 ὅτε
1060 338 1131 380 καὶ
1161 338 1208 380 τὸ
1240 339 1345 381 κατὰ
1377 340 1565 389 Κύζικον
1591 340 1830 396 Ἑλληνικὸν

334 409 533 449 κατέπεσε
563 409 745 462 τέμενος,
780 410 903 462 ἔργον
934 407 1149 449 κάλλιστόν
1179 424 1220 449 τε
1251 408 1322 449 καὶ
1353 408 1573 462 θαύματος
1598 410 1728 463 ἄξιον,
1760 409 1880 451 καὶΙ)
1900 415 1953 452 IV
1971 415 2039 452 201

335 477 359 518 ὁ
391 477 434 518 ἓν
465 476 623 530 ,Νικαίᾳ
655 480 739 518 τῶν
772 476 903 530 ἁγίων
933 476 1129 530 πατέρων
1158 476 1349 530 μέγιστός
1379 493 1421 518 τε
1457 477 1529 518 καὶ
1564 478 1831 532 περιώνυμος

334 545 579 599 κατεσείσθη
612 543 727 590 ναός.

1273 601 1314 638 ‘3'

276 649 321 684 13
454 639 575 681 Κατὰ
609 639 654 680 δὲ
685 638 756 680 τὸν
781 638 927 680 Μάϊον
957 643 1071 694 μῆνα
1103 644 1175 694 τῆς
1207 640 1242 681 δ’
1266 645 1312 685 N
1344 641 1532 696 κομήτης
1563 640 1679 683 ὧπτο
1701 641 1867 697 ἀστὴρ5

276 717 322 753 14
334 708 508 749 κατόπιν
550 712 623 748 τοῦ
668 707 785 761 ἡλίου
825 706 934 761 πρὸς
974 707 1091 749 δύσιν
1130 708 1273 755 ἰόντος.
1338 708 1390 763 ἦν
1432 709 1476 751 6&
1513 710 1719 763 πρότερον
1754 710 1832 764 μὲν

334 775 439 817 κατὰ
471 776 645 830 σελήνην
675 775 813 829 πλήρη
851 774 897 816 τὸ
934 775 1129 829 μέγεθος,
1174 775 1257 817 εἶτα
1297 777 1436 831 κόμην
1474 778 1617 831 ὥσπερ
1656 778 1832 832 ἒκφύων

335 845 523 898 ἐμειοῦτο
554 843 626 884 καὶ
656 840 757 884 καθ’
792 843 894 884 ὅσον
924 843 973 884 τὰ
1013 848 1086 899 τῆς
1124 844 1263 900 κόμης
1299 846 1513 900 ηὐξάνετο,
1559 846 1832 900 ἠλαττονοῦτο

65 922 258 959 WH1218
277 923 321 958 15
335 912 380 954 τὸ
410 913 604 966 μέγεθος.
665 911 774 966 πρὸς
807 912 852 954 δὲ
882 912 956 966 τὴν
989 913 1193 967 ἀνατολὴν
1223 913 1296 960 τὰς
1323 915 1490 961 ἀκτῖνας
1511 915 1729 969 ᾶπέτεινεν,
1762 913 1829 970 ἐφ’

284 982 497 1036 Βήμέρας
528 980 783 1035 φαινόμενος
814 981 1135 1035 τεσσαράκοντα.
1849 988 1894 1022 10

276 1059 321 1094 16
458 1049 541 1090 Τοῦ
582 1049 842 1103 πατριάρχου
885 1049 930 1090 6&
962 1049 1279 1092 Κωνσταντίνου
1310 1055 1384 1093 τοῦ
1415 1051 1626 1107 Λειχούδη
1666 1050 1730 1094 ἔπ’
1763 1054 1830 1108 ἔτη

336 1120 513 1172 τέσσαρα
551 1117 622 1159 καὶ
660 1122 800 1172 μῆνας
835 1119 882 1166 ἒξ
920 1118 995 1172 τὴν
1032 1119 1254 1173 ἐκκλησίαν
1294 1119 1516 1166 ι’θύναντος
1553 1121 1624 1162 καὶ
1653 1122 1831 1175 μεταθε-

335 1187 466 1240 μένου
497 1185 606 1239 πρὸς
638 1186 782 1239 ἑτέραν
814 1187 943 1240 ζωήν,
976 1186 1176 1241 Ἰωάννης
1208 1187 1232 1229 ὁ
1266 1188 1475 1242 Ξιφιλῖνος
1506 1190 1562 1235 εἷς
1591 1188 1663 1231 τὸν
1694 1190 1832 1244 ἀρχιε-

279 1264 324 1300 17
338 1253 507 1309 ρατικόν
527 1259 600 1308 τῆς
621 1254 939 1296 Κωνσταντίνου
960 1255 1122 1309 θρόνον
1145 1256 1346 1310 ἀνάγεται,
1379 1258 1426 1303 ὃς
1448 1258 1495 1298 ἔκ
1520 1257 1834 1311 Τραπεζοῦντος

336 1323 414 1378 μὲν
451 1323 641 1377 ὥρμητο,
684 1323 933 1364 πεπαίδευτο
972 1323 1017 1364 δὲ
1053 1324 1243 1366 παιδείαν
1279 1325 1418 1379 λόγων
1448 1326 1732 1368 παντοδαπῶν
1762 1326 1832 1368 καὶ
1850 1329 1893 1365 15

279 1401 325 1436 18
338 1395 422 1438 τοῖς
454 1391 614 1445 ἒξόχοις
644 1396 716 1446 τῆς
748 1391 980 1446 συγκλήτου
1015 1393 1330 1447 συνηρίθμηται.
1392 1394 1524 1435 πάντα
1559 1392 1595 1436 δ’
1629 1395 1834 1441 ἑκουσίως

339 1460 485 1513 λιπών,
518 1463 610 1519 τοῖςέ
634 1459 740 1500 κατὰ
771 1459 843 1500 τὸν
858 1459 1081 1514 ’Όλυμπον
1101 1462 1415 1516 προσφοιτήσας
1437 1463 1636 1516 σεμνείοις
1661 1463 1839 1516 κείρεταί

338 1544 380 1569 τε
418 1527 492 1582 τὴν
529 1528 669 1582 κόμην
705 1527 776 1569 καὶ
812 1527 884 1569 τὸν
925 1529 1159 1583 μοναχικόν
1202 1530 1421 1585 ὑπέρχεται
1464 1531 1570 1585 βίον,
1615 1532 1720 1573 ἔνθα
1764 1531 1835 1573 καὶ

341 1654 385 1689 11
410 1654 491 1699 περὶ
516 1659 742 1700 πατριαρχῶν
769 1653 832 1691 CE

411 1783 434 1817 2
460 1786 554 1818 ante
579 1783 679 1818 κάλλ.
706 1783 798 1818 add.
824 1783 889 1828 γὰρ
909 1782 939 1819 C
1036 1798 1071 1818 τε
1098 1795 1174 1819 om.
1193 1783 1222 1820 C
1319 1786 1519 1830 θαυμάσιον
1538 1785 1567 1821 C
1663 1789 1758 1822 ante
1775 1786 1835 1822 καὶ

413 1830 583 1866 alte-rum
602 1830 693 1865 add.
709 1832 765 1865 ὅτε
779 1830 807 1866 C
883 1831 905 1866 5
921 1831 1026 1875 ,ιιαΐον
1045 1831 1091 1877 p*
1189 1833 1350 1877 τετάρτης
1369 1834 1588 1872 ἶνδικτιῶνος
1604 1833 1769 1879 prDi‚
1788 1835 1833 1869 ιδ’

412 1879 630 1916 ἷνδικτιῶνος
657 1877 815 1923 Seylitz.
843 1890 879 1924 p.
899 1879 978 1923 658,
999 1880 1019 1914 7
1046 1880 1116 1914 vix
1143 1882 1269 1923 recte3
1298 1891 1387 1916 cum
1415 1881 1571 1916 Zonara
1597 1882 1694 1916 facit
1719 1882 1834 1916 Mich.

411 1924 590 1960 Attaliot.
617 1937 654 1971 p.
670 1926 726 1970 91,
743 1926 787 1961 17
884 1927 906 1961 6
932 1927 1045 1965 ἰόντας
1067 1927 1098 1961 Ε
1196 1927 1217 1962 9
1243 1928 1383 1967 ἀκτίνας
1399 1927 1479 1971 AR,
1506 1929 1647 1967 ἀκτῖνας
1662 1928 1835 1975 BSwpDi

413 1973 458 2007 10
482 1973 627 2018 ἡμέραις
646 1973 676 2007 Β
776 1973 821 2008 14
846 1974 1239 2013 κωνσταντινουπόλεως
1259 1976 1353 2021 Ewp
1453 1977 1497 2011 16
1523 1980 1614 2021 post
1638 1977 1835 2022 συγκλήτου

412 2020 503 2055 add.
529 2022 661 2066 βουλῆς
686 2021 784 2067 pr
871 2022 1114 2067 συνηρίθμητο
1132 2021 1290 2068 prDl'
1376 2023 1414 2058 6&
1433 2023 1588 2069 EwpDi
1673 2025 1717 2060 17
1744 2027 1835 2070 post

409 2103 522 2139 λιπὼν
548 2104 640 2139 add.
666 2104 727 2139 καὶ
752 2103 881 2150 Bpr
977 2107 1224 2150 μοναστηρίοις
1250 2105 1313 2142 BC
1410 2085 1568 2151 κείρήται
1595 2107 1631 2141 D
1730 2107 1775 2143 18
1800 2122 1836 2143 τε

413 2198 487 2223 0111.
514 2187 578 2223 BC
697 2187 895 2233 μοναχικόν
919 2187 1088 2234 prDz'‚
1114 2189 1309 2234 μοναδικόν
1334 2189 1408 2234 BC,
1434 2156 1632 2235 μοναῗικὸν
1656 2189 1692 2225 Α

282 2312 326 2347 12
341 2314 463 2351 aedes
489 2315 622 2351 multis
648 2316 745 2352 locis
767 2317 1042 2352 conciderunt.
1094 2316 1196 2352 Tum
1216 2316 1351 2363 Cyzici
1377 2318 1528 2362 gentile
1554 2318 1704 2362 fanum,
1733 2328 1836 2364 opus

340 2363 654 2408 pulcherrimum
692 2367 732 2399 et
771 2363 1064 2409 admirandum,
1111 2366 1272 2409 corruit,
1316 2369 1354 2400 et
1391 2365 1566 2401 Nicaeae
1603 2369 1835 2401 sanctorum

340 2414 502 2456 patrum
527 2412 746 2446 maximum
773 2415 812 2447 et
839 2412 998 2447 celebre
1025 2412 1216 2457 templum
1244 2413 1443 2448 deiectum
1470 2416 1540 2448 est.

283 2455 328 2491 13
460 2458 597 2494 Mense
623 2469 720 2494 vero
747 2459 864 2504 Maio,
902 2461 1048 2504 quarta
1072 2459 1303 2503 indictione,
1335 2461 1448 2495 stella
1475 2461 1619 2495 crinita
1645 2461 1834 2506 apparuit

282 2503 327 2538 14
341 2505 466 2540 solem
493 2506 706 2541 occiduum
733 2516 923 2552 sequens3
952 2517 1058 2552 quae
1083 2508 1281 2553 principio
1307 2508 1589 2553 magnitudine
1614 2508 1736 2543 lunae
1755 2509 1834 2554 ple-

340 2563 419 2588 nae
450 2563 534 2599 par,
574 2553 721 2589 deinde
753 2554 880 2590 veluti
912 2565 1028 2589 coma
1062 2557 1184 2590 enata
1215 2556 1473 2590 minuebatur
1506 2566 1554 2590 ac
1586 2558 1743 2591 tantum
1770 2556 1834 2591 de-

282 2599 327 2635 15
341 2601 559 2644 crescebat,
587 2604 782 2646 quantum
800 2602 868 2636 illa
894 2602 1136 2647 augebatur.
1187 2602 1435 2648 Conspectus
1462 2606 1522 2638 est
1548 2613 1620 2648 per
1646 2603 1732 2638 dies
1749 2603 1834 2646 XL,

340 2647 464 2683 radiis
490 2647 693 2684 Orientem
720 2659 862 2685 versus
889 2650 1107 2685 conversis.

281 2695 326 2729 16
460 2695 559 2731 Cum
585 2696 816 2741 patriarcha
842 2695 1129 2733 Constantinus
1154 2696 1366 2741 Hebudes,
1407 2697 1576 2732 ecclesia
1601 2707 1674 2743 per
1705 2707 1834 2732 annos

340 2742 393 2778 IV
411 2746 451 2778 et
475 2753 635 2779 menses
652 2743 705 2781 VI
730 2745 973 2789 gubernata,
998 2745 1041 2780 in
1066 2745 1234 2780 alteram
1259 2746 1472 2790 migrasset
1499 2745 1633 2788 vitam,
1659 2744 1834 2780 Ioannes

282 2789 326 2824 17
340 2789 568 2835 Xiphilinus
605 2792 647 2826 in
681 2792 928 2837 pontificiam
960 2791 1131 2837 Cpoleos
1167 2792 1304 2828 sedem
1341 2792 1537 2835 evehitur,
1577 2791 1834 2837 Trapezunte

342 2841 463 2880 ortus,
491 2839 553 2872 vir
579 2839 687 2874 omni
714 2839 923 2875 doctrinae
949 2850 1101 2885 genere
1128 2839 1310 2875 eruditus
1329 2843 1368 2875 et
1394 2841 1435 2875 in
1462 2840 1703 2885 praecipuos
1721 2849 1834 2874 sena-

281 2883 327 2918 18
341 2886 448 2920 tores
473 2885 635 2922 relatus.
688 2885 765 2929 Qui
792 2887 978 2923 omnibus
1002 2887 1125 2924 rebus
1150 2897 1226 2924 sua
1249 2890 1394 2934 sponte
1410 2887 1570 2932 relictis,
1596 2897 1711 2924 coma
1728 2897 1832 2931 rasa,
