2054 3282
546 266 866 306 THEOPHANO
891 265 1046 305 REGIS
1070 265 1244 302 NECEM
1269 263 1457 301 PARAT.
1677 264 1747 301 517

252 390 404 445 ταύτην
435 391 608 445 βαρεῖαν
639 390 786 444 ἐκείνῳ
816 388 1033 443 λελόγιστο.
1095 386 1179 430 εἶτα
1210 391 1260 442 τῆ
1290 386 1477 428 κακώσει
1497 389 1570 427 τοῦ
1592 384 1748 439 ἀνδρὸς
1764 389 1807 426 17

252 459 491 512 προστιθεὶς
521 459 592 501 καὶ
623 460 731 500 οἴκοι
760 459 897 513 μένειν
927 457 1136 500 ἐκέλευσε·
1170 455 1237 498 aad
1269 459 1396 497 ταῦτα
1427 454 1575 510 ἒμηνία
1607 453 1632 495 ὁ
1655 453 1747 496 ’Ico-

254 528 394 583 άννης.
456 528 518 574 ὡς
550 528 595 570 δὲ
626 527 697 569 καὶ
727 527 801 582 τὴν
830 526 1028 581 μαχλάόα
1059 525 1220 580 ἐκείνην
1250 525 1427 580 εὕρηκεν
1457 522 1585 565 αὐτὸν
1609 538 1747 577 παρα-
1765 527 1809 562 18

256 597 488 652 θήγουσαν,
521 596 862 650 ὃιαπραξαμένην
894 595 942 637 ὂέ
971 595 1012 636 οἱ
1035 593 1107 636 καὶ
1126 593 1321 635 κάθοδον
1341 592 1522 634 κελεύσει
1541 591 1747 647 βασιλικῇ,

217 669 304 720 5τῇ
334 665 541 719 τυραννίδι
572 665 758 712 ἐπέθετο,
791 663 1140 718 συμπράττουσαν
1170 663 1282 717 ἔχων
1310 660 1381 703 καὶ
1401 660 1476 715 τὴν
1494 659 1748 715 βασίλισσαν,

253 733 324 775 καὶ
362 735 450 788 ἅμα
487 750 528 774 τε
561 733 623 779 οἷς
654 732 824 786 ἐθάρρει
855 731 901 773 τὸ
933 731 1174 786 ἀπόρρητον
1205 730 1436 784 ἕξεκάλυψε
1467 728 1538 771 καὶ
1568 729 1658 783 ἅμα
1688 733 1751 783 τῷ
1767 733 1810 768 19
1835 732 1885 769 W
1894 731 1951 768 111
1962 732 2028 768 166

254 803 368 856 ἔργῳ
400 802 680 856 ἐπικεχείρηκε
711 800 782 842 καὶ
809 799 1156 855 προσλαβόμενος
1177 798 1330 846 αὐτοὺς
1350 798 1461 852 ἀωρὶ
1480 800 1566 840 τῶν
1585 799 1751 839 νυκτῶν

255 870 321 912 ἐπὶ
350 870 424 924 τὴν
455 870 593 912 νοτίαν
628 869 846 911 θάλασσαν
882 872 967 910 τῶν
1002 867 1223 923 βασιλείων
1258 867 1448 921 ἀφίκετο·
1493 865 1811 908 ΒουκολέωνΞΟ

256 939 280 980 ὁ
311 938 439 985 τόπος
470 938 724 992 (ιίνόμασται,
757 937 817 979 ὅτι
848 937 1006 983 λίθινος
1035 937 1144 978 λέων
1175 935 1280 978 ἐστὶν
1311 936 1356 978 ἓν
1386 935 1504 990 αὐτῷ
1533 933 1639 989 βοὸς
1663 934 1749 975 ἐπι-
1764 939 1800 975 D

201 1009 244 1045 10
255 1007 454 1063 βεβηκὼς
497 1007 647 1061 ὁμοίου
690 1006 762 1047 καὶ
804 1010 865 1060 τῷ
902 1005 1114 1060 εὐωνύμῳ
1151 1004 1251 1046 ποδὶ
1289 1004 1500 1058 κατέχοντι
1538 1002 1584 1044 τὸ
1622 1003 1752 1056 κέρας

256 1076 386 1118 αὐτοῦ
416 1076 706 1130 περιστρέφων
736 1074 807 1116 τὸν
838 1075 994 1128 αὐχένα
1024 1073 1096 1115 τὸν
1126 1077 1199 1115 τοῦ
1227 1072 1341 1128 βοός.
1402 1073 1508 1114 ἔνθα
1530 1070 1752 1126 γενόμενος
1765 1077 1808 1112 21

256 1145 470 1199 σαργάνην
499 1160 541 1186 τε
571 1144 827 1198 καῦεηιὲνην
857 1144 1027 1184 ἄνωθεν
1051 1144 1226 1196 καθορᾷ
1245 1141 1317 1183 καὶ
1338 1141 1390 1182 δι’
1413 1141 1541 1195 αὖτῆς
1561 1140 1753 1194 ἀνιμᾶται

255 1212 372 1266 παρὰ
404 1214 677 1266 θεραπαινῶν
706 1216 778 1267 τῆς
806 1211 1055 1266 Θεοφανοῦς
1086 1211 1157 1253 καὶ
1188 1210 1314 1256 αὐτὸς
1344 1209 1415 1252 καὶ
1446 1209 1487 1251 οῖ
1517 1208 1593 1250 σὺν
1623 1208 1751 1262 αὐτῷ.

258 1280 364 1336 ἦσαν
402 1281 447 1322 δὲ
478 1281 503 1322 ὃ
537 1281 754 1335 Βούρτζης
786 1279 957 1335 Alexam.
994 1280 1181 1334 ἐγκοτῶν
1216 1284 1278 1334 τῷ
1314 1279 1476 1333 βασιλεῖ
1513 1277 1585 1319 καὶ
1627 1276 1813 1324 absos-22

203 1355 245 1391 15
259 1349 325 1392 διὰ
362 1350 437 1406 τὴν
476 1350 621 1405 ὀργήν,
666 1349 728 1397 ὡς
759 1350 925 1405 εἴρηται,
967 1348 1042 1404 τὴν
1073 1348 1287 1404 ἀλόγιστον
1317 1347 1389 1390 καὶ
1420 1346 1546 1390 Λέων
1577 1346 1602 1389 ὅ
1627 1345 1751 1401 Ἀβα-

256 1507 279 1541 3
296 1505 464 1551 ἐπιβουλὴ
481 1510 540 1540 τοῦ
556 1505 731 1550 Τζιμισκῆ
743 1503 832 1540 κατὰ
846 1509 906 1540 τοῦ
917 1505 1042 1548 Φωκᾶ,
1060 1502 1346 1548 συμπραττούσης
1360 1501 1420 1537 καὶ
1434 1506 1492 1548 τῆς
1503 1502 1710 1547 Θεοφανοῦς
1724 1499 1754 1537 C

328 1650 352 1686 2
378 1650 485 1689 τιθεὶς
511 1649 547 1684 D
647 1652 737 1696 post
759 1649 876 1693 με’νειν
901 1647 993 1684 add.
1019 1647 1125 1683 αὐτὸν
1152 1644 1350 1692 BprDi‚
1376 1645 1511 1680 ἐκεῖνον
1530 1644 1565 1680 D
1665 1647 1755 1690 post

329 1698 511 1734 ἐκέλευσεν
537 1697 629 1733 add.
656 1699 744 1742 ᾤκει
770 1696 809 1732 δὲ
833 1695 922 1732 κατὰ
947 1695 985 1731 τὸ
1011 1695 1104 1740 vdua
1131 1694 1208 1741 Dp,
1234 1695 1322 1739 ᾤκει
1347 1693 1387 1729 δὲ
1412 1692 1502 1729 κατὰ
1529 1692 1565 1728 τὸ
1592 1692 1684 1736 θὲμα
1699 1718 1707 1727 .
1722 1718 1730 1726 .
1747 1718 1754 1726 .

331 1773 532 1782 .........
559 1745 601 1790 Β,
628 1746 717 1790 ᾤκει
743 1744 783 1781 δὲ
806 1743 897 1780 κατὰ
922 1743 960 1779 τὸ
985 1743 1078 1788 θὲμα
1495 1741 1502 1780 Ι
1523 1740 1564 1785 C,
1603 1741 1691 1785 ᾤκει
1717 1739 1756 1774 δὲ

330 1793 420 1830 κατὰ
437 1793 474 1828 τὸ
492 1792 586 1839 θέμα
599 1804 619 1826 *
638 1804 691 1837 »νς
717 1793 828 1828 Duc:
853 1791 997 1827 “Haec
1023 1791 1151 1826 verba
1169 1790 1318 1825 absunt
1336 1789 1388 1824 ab
1406 1798 1489 1824 uno
1509 1798 1531 1824 e
1548 1799 1640 1823 mss.
1657 1798 1755 1833 reg„

333 1842 534 1877 habentur
559 1851 657 1877 vcro
684 1841 724 1876 iu
750 1839 911 1876 duobus
930 1839 1018 1874 aliis
1037 1848 1128 1874 cum
1148 1837 1332 1873 defectus
1349 1841 1446 1872 nota
1464 1840 1503 1871 et
1522 1836 1562 1871 in
1581 1839 1726 1882 quarto
1736 1835 1758 1847 ’³

334 1889 399 1935 [de
426 1888 634 1924 codicibus
659 1888 863 1934 Ducangii
890 1898 927 1922 v.
954 1885 1107 1933 praem.
1228 1885 1251 1920 5
1277 1890 1318 1930 τῇ
1344 1895 1420 1920 om.
1447 1883 1477 1919 C
1580 1884 1602 1917 6
1627 1882 1757 1918 ἀπεκά-

332 1937 425 1982 λυψε
450 1935 557 1983 pr‚
587 1936 815 1980 ἀπεκάλυψεν
841 1934 874 1970 R
972 1934 993 1969 7
1021 1937 1112 1980 post
1138 1938 1277 1969 νυκτῶν
1303 1932 1395 1967 add.
1421 1931 1482 1967 καὶ
1507 1931 1630 1977 λέμβῳ
1655 1931 1757 1976 ἐμβε-

331 1984 457 2031 βηκὼς
482 1983 721 2030 (ἐπιβεβηκὼς
747 1983 799 2025 D)
825 1983 936 2029 pr‚
966 1983 1015 2017 cf.
1041 1981 1166 2018 Leon.
1193 1980 1305 2016 Diae.
1333 1991 1370 2026 p.
1395 1979 1453 2024 87,
1479 1979 1501 2015 7
1621 1978 1644 2013 9
1668 1978 1758 2013 ἐστὶν

332 2031 412 2076 ΑΕ,
438 2031 636 2073 λελᾶξευται
663 2031 761 2077 pr
881 2030 919 2065 ἐν
942 2030 1039 2075 αὐτῷ
1066 2039 1142 2065 om.
1169 2028 1198 2066 C
1334 2028 1380 2063 10
1403 2027 1564 2072 κατέχων
1591 2025 1757 2071 Ewap

335 2080 374 2115 ll
405 2083 494 2126 post
519 2079 626 2115 αὐτοῦ
652 2078 744 2114 add.
770 2078 829 2114 καὶ
857 2078 923 2113 Ew
1090 2077 1135 2112 1⁵2
1160 2076 1371 2121 καθημένην
1396 2075 1463 2110 EW
1615 2074 1759 2109 ἄνωθεν

331 2128 547 2173 καθειμένην
571 2126 607 2162 Ι)
706 2126 751 2162 13
776 2125 835 2162 καὶ
860 2125 962 2165 αὐτος
990 2135 1066 2161 om.
1094 2123 1164 2160 BD
1263 2123 1308 2158 15
1332 2124 1465 2168 εἴρηται
1512 2121 1601 2157 XVI
1629 2121 1685 2165 26,
1715 2121 1758 2155 18

380 2175 571 2214 Βαλάντιος
596 2173 711 2211 Cedr-
738 2172 929 2219 (Scylitz.)
956 2172 991 2207 11
1021 2183 1056 2218 p.
1082 2171 1163 2215 375,
1190 2171 1248 2215 20,
1285 2171 1456 2217 βαλάντης
1482 2169 1570 2205 cod.
1597 2168 1757 2205 Coislin.

333 2222 447 2260 Cedr.
475 2221 666 2268 (Scyiitz.)
694 2221 730 2257 ΙΙ
757 2231 795 2267 p.
812 2220 894 2264 376,
921 2221 965 2256 13
991 2223 1031 2256 et
1052 2218 1178 2255 Leon.
1196 2218 1308 2254 Diac.
1336 2228 1373 2264 p.
1387 2217 1444 2261 87,
1462 2217 1519 2261 23,
1546 2216 1758 2263 Ἄβαλάντιος

333 2270 448 2307 Cedr.
475 2271 498 2306 l.
525 2281 570 2315 c.,
592 2269 779 2316 Ἆβαλάντῃ
807 2267 919 2315 Glyc.
947 2279 982 2314 p.
1009 2267 1090 2312 573,
1117 2267 1140 2303 5

262 2422 348 2468 ipsc
374 2431 454 2457 uon
483 2422 733 2467 potestatem,
753 2418 823 2454 sed
841 2428 971 2464 grave
989 2416 1228 2463 supplicium
1254 2415 1472 2451 iudicabat.
1523 2413 1761 2450 Accesserat.
1778 2411 1819 2447 17

262 2469 388 2511 malis,
423 2467 533 2514 quod
560 2468 666 2504 domi
694 2476 859 2502 manere
885 2466 1018 2501 iussus
1043 2469 1141 2500 erat.
1193 2463 1392 2506 Quocirca
1419 2463 1591 2498 Ioannes
1622 2462 1759 2505 iratus,

263 2526 355 2552 cum
394 2516 513 2552 ctiam
550 2526 574 2551 a
614 2515 823 2551 meretrice
862 2513 938 2557 ilia,
978 2522 1084 2559 quae
1122 2511 1294 2547 reditum
1322 2511 1358 2546 ei
1386 2511 1499 2556 regio
1527 2510 1638 2545 iussu
1669 2506 1821 2544 con-18

265 2565 429 2608 fecerat,
466 2564 705 2606 irritaretur,
743 2571 915 2608 regnum
948 2560 1156 2596 affectavit
1194 2559 1261 2595 illa
1299 2558 1498 2594 adiutrice
1536 2556 1760 2603 eodemque
1777 2554 1821 2589 19

265 2615 446 2658 tempore
482 2612 565 2647 suis
598 2609 838 2646 necessariis
871 2618 1064 2644 arcanum
1098 2607 1257 2653 aperuit
1283 2610 1323 2642 ct
1349 2606 1508 2641 facinus
1539 2614 1595 2650 ag
1628 2613 1761 2639 rossus

265 2660 506 2706 intempesta
531 2662 650 2694 nocte
676 2657 727 2693 ad
754 2657 909 2703 regiam
936 2656 1133 2702 pervenit,
1160 2664 1241 2700 qua
1261 2654 1360 2689 inari
1381 2652 1563 2688 austrino
1584 2652 1759 2687 uiuitur.

266 2706 470 2743 Bucoieon
498 2707 531 2742 is
565 2706 678 2742 locus
705 2705 861 2748 dicitur,
902 2703 1010 2739 ‹uod
1045 2703 1097 2738 ibi
1132 2701 1316 2748 lapideus
1350 2705 1410 2737 est
1436 2700 1511 2745 leo,
1551 2700 1630 2746 qui,
1670 2697 1822 2735 cum20

267 2754 362 2790 bovi
389 2754 569 2790 eiusdem
602 2754 796 2789 materiae
822 2717 1006 2795 insideat,
1046 2750 1149 2796 pedo
1180 2750 1340 2785 sinistro
1367 2748 1473 2784 iilius
1498 2757 1626 2783 cornu
1651 2750 1762 2783 t-cnet

267 2805 307 2837 et
326 2801 471 2838 collum
495 2801 731 2847 distorquet.
781 2800 869 2842 Quo
895 2809 985 2835 cum
1013 2801 1178 2834 ventum
1209 2801 1324 2841 esset,
1351 2799 1528 2842 sportam
1549 2794 1760 2830 demissam
1776 2794 1817 2830 21

268 2849 379 2886 videt
421 2849 460 2885 in
502 2858 633 2895 eaque
671 2858 761 2884 curn
801 2847 883 2883 suis
922 2857 945 2882 a
984 2845 1095 2881 Theo
1128 2845 1298 2880 hanonie
1336 2843 1490 2879 uncinis
1536 2842 1762 2878 attrahitur.

268 2896 457 2932 Habebat
489 2900 624 2933 autem
660 2905 795 2931 secum
829 2893 1063 2930 Michai‘lem
1130 2896 1283 2928 urtzern
1323 2892 1410 2938 regi
1450 2890 1501 2926 ob
1541 2888 1823 2926 incontinua-22

269 2947 398 2981 ratam
426 2944 532 2980 iiiam
556 2944 654 2979 iram
676 2944 876 2980 infensum
904 2946 941 2977 nt
969 2941 1146 2976 Leonem
1173 2939 1413 2978 Abalantem
1439 2942 1479 2976 et
1505 2937 1763 2974 Theodorum
