2054 3282
374 230 689 269 FRANCORVM
716 231 832 270 REX.
881 229 1155 269 SVLDANVS
1179 228 1550 267 AGARENORVM.
1639 229 1710 267 427

215 353 312 408 φὼς
342 353 414 395 καὶ
444 353 516 396 τὸν
546 354 779 396 σουλδάνον
808 358 881 409 τῆς
908 352 1142 408 μεταβολῆς
1162 351 1445 406 κατοικτείρας
1464 351 1710 406 ᾠκειώσατό

213 437 255 463 τε
286 421 413 464 αὐτὸν
443 422 515 463 καὶ
545 423 782 476 παρρησίας
811 422 1038 476 μετέδωκε,
1077 421 1149 463 καὶ
1182 419 1351 462 συνετὸν
1380 419 1452 462 τὸν
1483 421 1617 474 ἄνδρα
1650 421 1709 462 οἰ-

213 490 365 544 όμενος
401 491 614 532 ἐκοινώνει
644 490 714 532 καὶ
744 490 1046 545 βουλευμάτων
1076 490 1207 544 αὐτῷ.
1269 489 1294 531 ὁ
1325 489 1371 531 δὲ
1402 489 1620 543 περίεργος
1648 490 1711 531 ὢν

214 558 330 612 δόλῳ
365 558 437 600 τὸν
479 559 588 613 ῥῆγα
630 559 881 613 μετέρχεται.
943 559 968 600 ὁ
997 558 1076 612 μὲν
1112 557 1192 612 γὰρ
1229 557 1311 611 ῥὴξ
1346 557 1420 612 τήν
1456 573 1498 599 τε
1531 557 1711 612 Καπύην
1724 561 1772 596 30

178 626 285 667 buu&
316 626 387 668 τὸν
412 627 666 682 Βενεβενδὸν
685 627 758 674 τὰς
787 627 927 674 πόλεις
957 628 1052 668 νέον
1083 626 1354 681 κτησάμενος,
1387 626 1587 668 ἐδεδοίκει
1616 625 1710 679 περὶ

40 682 51 687 ’
88 695 357 741 Ιν3οαὖταῒς
386 696 548 750 μήποτε
578 700 650 750 τῆς
682 696 920 749 ἐλευθερίας
951 695 1304 749 ἀιτιποι-ήσωνται.
1365 694 1390 736 ὁ
1421 694 1468 736 δὲ
1491 695 1711 749 βάρβαρος
1723 698 1769 733 31

46 763 47 766 '
214 763 371 809 ἐκεῖνος
407 763 516 805 τοῦτ’
549 764 751 817 ἐγνωκὼς
781 764 966 818 πρόσεισι
998 769 1058 817 τῷ
1090 762 1186 817 ῥηγὶ
1217 763 1292 804 καί
1318 779 1445 817 φησιν
1475 763 1544 804 “ει’
1569 762 1710 817 βούλει

214 847 279 874 σοι
314 831 388 886 τὴν
425 835 511 874 τῶν
548 832 715 874 πόλεων
753 833 913 874 τούτων
950 832 1086 886 ἀρχὴν
1127 832 1302 886 βεβαίαν
1343 836 1571 884 προσεῖναι,
1613 831 1711 877 τοὺς

213 900 522 955 λογιμωτὲρους
552 904 637 942 τῶν
668 901 712 942 ἔν
743 901 886 946 αὐτοῖς
916 900 1123 955 μετάγαγε
1153 899 1350 953 ἀλλαχοῦ,
1394 899 1465 941 καὶ
1496 900 1634 942 στ’·κέτι
1664 899 1760 941 τὸΙ)

154 974 199 1010 10
212 969 379 1024 πλῆθος
409 966 511 1011 καθ’
546 968 669 1011 ἑαυτὸ
702 969 872 1023 γεγονὸς
904 969 1028 1011 οὐδὲν
1064 968 1265 1022 φρονήσει
1304 968 1553 1021 νεώτερον.”
1613 984 1708 1009 συν-
1724 972 1772 1007 32

214 1037 411 1080 οίσουσαν
448 1036 525 1079 οὖν
563 1037 636 1092 τὴν
672 1038 917 1092 συμβουλὴν
948 1038 972 1079 ὁ
1003 1036 1084 1091 ρὴξ
1116 1035 1275 1090 οἰηθεὶς
1305 1036 1426 1078 ἔθετο
1457 1041 1517 1091 τῷ
1549 1041 1709 1090 σκοκῷ,

213 1105 283 1146 καὶ
315 1106 580 1160 ἀσυμφανῶς
612 1106 745 1160 δεσμὰ
777 1106 1064 1160 ε’χαλκεύοντο.
1127 1105 1210 1147 εἶτα
1242 1105 1313 1146 καὶ
1341 1109 1424 1151 τοῖς
1446 1104 1606 1159 ἕξόχοις
1627 1107 1711 1146 τῶν
1724 1110 1771 1145 33

212 1173 257 1214 ἐν
287 1177 374 1220 ταῖς
403 1173 570 1215 πόλεσιν
601 1174 745 1228 ὡμίλει
777 1175 801 1215 ὁ
832 1174 1019 1229 πονηρὸς
1050 1175 1207 1220 ἐκεῖνος
1237 1173 1344 1228 ἀνὴρ
1376 1173 1447 1215 καὶ
1474 1174 1620 1227 ὥσπερ
1641 1189 1709 1227 φι-

212 1241 437 1295 λικώτερον
475 1243 760 1296 προσεφέρετο
796 1242 868 1283 καὶ
898 1243 942 1283 ἐν
973 1242 1227 1296 ἀπορρήτοις
1257 1242 1361 1295 λέγει
1392 1242 1532 1287 αὐτοῖς
1564 1242 1626 1288 ὡς
1656 1241 1710 1282 “ὁ

152 1315 197 1351 15
212 1309 293 1363 ῥὴξ
322 1309 515 1364 βούλεται
553 1310 651 1356 τοὺς
688 1310 1044 1364 ἀξιολογωτέρους
1080 1314 1164 1351 τῶν
1202 1310 1382 1352 πολιτῶν
1419 1309 1502 1352 Ιὑπὸ
1542 1310 1711 1364 δεσμοῖς

210 1378 493 1432 ποιησάμενος
533 1379 591 1424 εἰς
629 1378 702 1433 τὴν
739 1379 891 1420 ἑαυτοῦ
928 1379 1076 1432 χώραν
1113 1382 1370 1433 μεταγαγεῖν,
1409 1379 1479 1420 καὶ
1509 1379 1707 1433 πίστειςῆ
1723 1383 1768 1418 34

210 1495 232 1530 6
250 1496 451 1541 σημείωσαι
480 1495 509 1531 E

281 1603 305 1638 2
330 1603 387 1638 τὸν
413 1613 489 1639 om.
516 1603 552 1638 D
650 1604 673 1639 3
697 1609 894 1648 πανοῦργος
919 1603 987 1640 Dw
1083 1603 1105 1638 4
1131 1604 1170 1645 ἐξ
1195 1604 1277 1648 ὅλης
1304 1603 1350 1647 D,
1377 1604 1398 1638 ὁ
1420 1603 1485 1648 μὲν
1511 1614 1612 1639 corr.
1639 1604 1706 1642 Dw

329 1652 469 1696 καπόην
495 1651 524 1686 Ε
551 1654 602 1692 (v.
630 1651 719 1687 XVI
746 1652 778 1695 9,
807 1651 880 1694 37),
910 1651 1087 1696 κατεπύην
1114 1651 1160 1695 D,
1188 1662 1289 1686 corr.
1317 1650 1384 1688 Dw
1530 1651 1552 1687 5
1577 1651 1635 1687 τὸν
1660 1651 1706 1696 Α,

282 1698 344 1744 τὴν
370 1697 526 1745 prDz'
706 1700 890 1744 βύρβηδον
916 1699 963 1743 D,
997 1709 1096 1734 corr.
1125 1698 1192 1736 Dw
1374 1699 1451 1734 νέον
1478 1711 1553 1735 οιη.
1581 1700 1611 1735 Ε

281 1746 304 1781 6
328 1746 448 1785 αὐταῖς
464 1745 615 1790 AEDw‚
641 1747 757 1782 αὐτῶν
781 1747 878 1793 pr
975 1746 1267 1792 ἀντιποιήσωνται
1294 1746 1446 1790 ARDw,
1471 1747 1707 1793 ἀντιποιήοον-

283 1806 335 1830 ται
363 1793 497 1840 DEwp
631 1795 659 1830 ·7
685 1799 782 1829 τοῦτε
807 1793 854 1838 D,
882 1805 985 1830 corr.
1012 1794 1080 1831 Dw
1217 1794 1410 1839 ε’γνωκειάν
1437 1794 1485 1839 D,
1511 1806 1612 1830 corr.
1639 1795 1706 1832 Dw

282 1841 315 1876 7.
338 1843 365 1877 8
389 1842 572 1886 βούλεισον
597 1841 645 1886 D,
668 1842 788 1888 βούλει
814 1855 869 1877 σοι
897 1852 997 1877 corr.
1026 1841 1093 1878 Dw
1238 1843 1261 1877 9
1285 1842 1578 1887 ἐλλογιμωτέρους
1604 1842 1635 1877 Β

281 1889 397 1928 αὐτοῖς
417 1888 466 1932 D,
493 1899 593 1925 corr.
616 1889 682 1927 Dw
778 1890 903 1935 μέταγε
924 1889 1101 1936 Ewap,
1126 1890 1277 1935 ἐπήγαγε
1304 1890 1340 1924 Ι)
1440 1891 1485 1925 10
1509 1890 1631 1926 ἑαυτὸν
1658 1890 1704 1935 D,

283 1946 384 1972 corr.
413 1935 481 1974 Dw
621 1938 934 1982 φρονσυνενέιερον
960 1937 1136 1982 (punctis
1162 1940 1360 1979 notatum)
1388 1937 1435 1980 D,
1464 1949 1564 1974 corr.
1594 1938 1660 1974 Dw

331 1985 546 2020 συνοίσεισαν
572 1984 619 2028 D,
645 1994 747 2020 corr.
774 1985 842 2022 Dw
954 1986 993 2020 ll
1021 1984 1156 2031 βουλὴν
1182 1984 1229 2029 Ι),
1257 1996 1358 2021 corr.
1385 1985 1452 2023 Dw
1561 1986 1707 2031 βερξήν-

284 2032 366 2067 θεον
392 2031 440 2076 D,
465 2033 487 2067 ὁ
508 2031 577 2078 ῥὴξ
601 2032 736 2077 οἰηθεὶς
763 2043 865 2068 corr.
892 2032 958 2070 Dw
1058 2032 1103 2067 12
1128 2033 1239 2078 δέσμα
1266 2033 1302 2067 D
1404 2033 1613 2078 ἐχαλκεύετο
1640 2033 1707 2071 Dw

0 2078 25 2117 ¹,
286 2080 340 2115 1²2.
371 2079 414 2114 13
439 2084 499 2124 τῆς
523 2079 648 2125 ἕξόχης
672 2079 869 2126 προῗκώὴν
894 2079 943 2122 (Ῥ)
970 2080 1017 2123 D,
1048 2086 1117 2119 τοῖς
1142 2081 1278 2126 ἒξόχοις
1304 2085 1374 2115 τῶν
1399 2081 1436 2115 ἐν
1463 2091 1564 2116 corr.
1592 2080 1660 2118 Dw

0 2141 21 2174 ᾗ·
285 2127 330 2162 13
356 2126 417 2162 καὶ
434 2127 553 2172 ὥσπερ
572 2128 807 2173 φιλικώτερον
824 2129 864 2164 in
884 2128 956 2164 lac.
971 2128 1025 2164 XI
1043 2129 1129 2164 fere
1143 2128 1260 2164 litter.
1274 2128 1367 2163 add.
1382 2128 1449 2165 Dw
1536 2128 1578 2163 14
1602 2128 1708 2173 ἀπορ-

0 2178 23 2215 ῖῖ.
282 2174 399 2219 ρωτάτ
424 2200 433 2209 .
461 2200 470 2209 .
498 2201 506 2209 .
534 2174 582 2219 D,
606 2174 819 2221 ἀπορρήτοις
843 2176 931 2221 λέγει
959 2186 1060 2211 corr.
1087 2181 1127 2212 et
1153 2175 1282 2222 suppl.
1309 2175 1377 2213 Dw
1477 2176 1531 2211 14.
1562 2176 1603 2211 15
1628 2177 1708 2211 θεο-

0 2221 21 2244 >·’ἷ
282 2221 486 2267 λογοτέροινς
506 2221 554 2266 D,
582 2233 661 2268 quo
689 2222 820 2261 deleto
848 2223 958 2259 add-2
984 2223 1034 2262 ὡς
1060 2224 1081 2258 ό
1103 2223 1172 2270 ῥὴξ
1195 2224 1355 2270 βούλεται
1382 2223 1460 2262 τοὺς
1486 2223 1707 2269 ἀξιολογωτέ-

283 2283 367 2315 ρους
393 2268 462 2308 Dw
584 2270 628 2306 15
652 2270 784 2316 δεσμοῦ
810 2270 859 2316 D,
887 2282 988 2307 corr·
1013 2270 1082 2310 Dw
1207 2273 1250 2307 16
1275 2270 1335 2307 καὶ
1361 2270 1410 2313 D,
1435 2272 1484 2310 εἰς
1511 2281 1612 2307 corr.
1639 2270 1707 2309 Dw

328 2319 441 2357 πίστις
467 2316 602 2364 DEwp

211 2423 377 2461 liberius
402 2424 582 2461 habitum
608 2425 650 2462 iu
678 2425 988 2463 familiaritate-¹11
1024 2436 1137 2462 suum
1177 2426 1322 2461 ascivit
1359 2429 1397 2460 vt
1424 2426 1521 2469 (sius,
1561 2428 1607 2461 ut
1633 2426 1706 2461 viri

213 2472 433 2518 prudentis,
463 2472 638 2509 consiliis
663 2473 865 2509 utebatur.
916 2473 954 2510 Is
981 2484 1090 2518 vero,
1118 2474 1236 2509 homo
1266 2473 1445 2517 callidus,
1472 2483 1608 2518 regom
1637 2474 1707 2508 cir-

212 2519 428 2556 cumvenit.
477 2518 579 2556 Nam
606 2520 807 2557 barbarus
832 2521 908 2566 ine,
947 2531 1037 2557 cum
1065 2532 1202 2567 regem
1230 2521 1369 2567 Capua
1408 2525 1447 2556 et
1472 2518 1768 2556 Beneventum

211 2566 331 2603 modo
358 2567 526 2613 potitum
555 2569 684 2604 vereri
712 2570 982 2614 cognovisset,
1022 2580 1072 2604 ne
1112 2579 1185 2605 eae
1223 2569 1345 2604 urbes
1385 2568 1434 2604 de
1462 2567 1706 2603 vindicanda
1720 2566 1763 2601 31

213 2614 398 2651 libertate
424 2615 664 2660 cogitarent,
696 2614 768 2652 “Si
780 2615 802 2628 '⁹
827 2616 956 2662 inquit
993 2616 1237 2662 “imperium
1265 2616 1430 2651 istarum
1459 2615 1619 2651 urbium
1647 2616 1708 2651 flr-

212 2672 319 2698 mum
357 2662 508 2698 habore
545 2662 739 2706 studebis,
775 2664 886 2699 cives
925 2664 1115 2699 clariores
1153 2663 1231 2698 alio
1271 2664 1499 2699 transferte.
1566 2662 1707 2708 Neque

212 2709 316 2745 onim
344 2709 492 2756 vulgus
519 2720 590 2756 per
615 2721 658 2747 se
684 2721 882 2746 novarum
910 2721 1042 2747 rerum
1063 2711 1138 2746 orit
1157 2710 1385 2756 cupidu=n.”
1435 2709 1478 2745 Id
1498 2709 1767 2746 consilium32

212 2767 284 2793 rex
323 2756 420 2793 utile
458 2758 546 2794 fore
584 2762 707 2802 ratus,
744 2759 942 2795 sententia
983 2758 1146 2794 barbari
1174 2758 1345 2804 probata
1384 2758 1547 2793 vincula
1575 2758 1707 2794 ferrea

211 2804 313 2840 clam
339 2804 628 2841 fabricabatur.
678 2804 728 2842 At
764 2806 972 2852 improbus
999 2805 1063 2841 illo
1090 2806 1152 2841 vir
1177 2815 1267 2840 cum
1295 2805 1507 2851 utriusque
1533 2805 1707 2841 civitatis
1720 2805 1767 2839 33

211 2852 461 2898 principibus
487 2851 721 2898 conoquens
758 2856 881 2899 atque
920 2853 959 2888 in
985 2863 1124 2888 (eorum
1152 2853 1463 2888 familiaritatem
1503 2863 1591 2889 seso
1617 2853 1708 2889 iusi-

211 2909 344 2936 nuans
367 2903 523 2937 secreto
551 2899 646 2936 dicit
671 2910 810 2947 regem
837 2900 939 2936 velle
971 2900 1181 2948 primm-ios
1207 2900 1317 2938 cives
1344 2901 1500 2938 vinctos
1527 2901 1567 2937 in
1593 2910 1707 2939 suam
