2054 3282
747 224 844 266 RES
869 224 908 265 S.
932 222 1203 265 METRODII.
1651 222 1722 262 3¹15

228 348 353 406 λόγος
368 350 527 398 ἱκανῶς
543 349 832 406 διαγράψαιτο.
871 350 960 393 ἐκεῖ
974 350 1111 392 τοίνυν
1133 347 1474 404 ἐγκεκλεισμένου
1495 350 1569 389 τοῦ
1591 347 1720 389 doadi·
1735 351 1782 388 35

226 435 313 476 μου
344 421 504 463 ἐκείνου
533 420 704 475 πατρός,
741 420 813 462 καὶ
844 421 884 463 οἱ
913 419 1177 475 αὖτάὸελφοι,
1209 418 1236 460 ὅ
1263 433 1306 460 τε
1341 415 1566 472 Θεοφάνης
1596 416 1668 459 καὶ
1698 417 1723 458 6

233 488 476 543 Θεόδωρος,
506 488 610 544 μετὰ
640 489 715 544 τὴν
744 492 830 531 τῶν
859 490 1108 542 προσώπων
1127 488 1358 536 κατάστιξιν
1379 486 1723 540 ὖπεροριζόμενοι

227 557 299 600 καὶ
336 556 442 600 κατὰ
480 557 552 599 τὸν
589 557 736 612 Κάρτα
780 558 924 612 λιμένα
967 557 1270 604 καταλύσαντες
1313 555 1379 600 ὃιά
1422 570 1531 603 τινος
1573 554 1723 602 ἁλιέως
1737 557 1767 595 C

191 626 443 682 ὅσυνήθους
471 632 534 682 τῷ
564 627 775 681 Μεθοὸίῳ
807 627 1083 669 ἕπιστέλλουσι
1111 630 1258 668 ταῦτα·

439 700 502 750 τῷ
531 696 654 745 ζῶντι
684 700 826 750 νεκρῷ
856 695 928 738 καὶ
957 700 1099 750 νεκρῷ
1129 693 1364 750 ζωηφόρῳ,
1736 695 1782 732 36

57 798 61 818 3
439 764 591 807 ναίοντι
621 764 695 820 τὴν
726 769 803 820 γῆν
833 764 904 807 καὶ
934 764 1128 807 πολοῦντι
1158 763 1231 806 τὸν
1260 763 1404 817 πόλον,

51 832 215 889 3111415
440 833 615 887 γραπτοὶ
646 834 855 888 γράφουσι
887 833 1047 888 δέσμιοι
1077 838 1139 887 τῷ
1171 832 1342 887 δεσμίῳ.

46 902 52 930 s
227 900 289 948 οἷς
318 901 440 944 πάλιν
471 901 539 944 διὰ
569 905 643 944 τοῦ
675 902 804 944 αὐτοῦ
836 901 986 948 ἁλιέως
1017 902 1042 944 6
1073 902 1187 948 ὅσιος
1218 900 1517 943 ἀνταπέστειλε·
1737 903 1783 939 37

168 972 216 1010 10
439 970 537 1018 τοὺς
566 975 654 1017 ταῖς
683 970 883 1026 βίβλοισιν
914 970 1099 1024 οὐρανοῦ
1131 970 1445 1025 κλησιγράφους

440 1039 512 1081 καὶ
541 1038 650 1093 πρὸς
679 1040 855 1094 μέτωπα
888 1038 1131 1094 σωφρόνως
1161 1039 1423 1093 ἐστιγμένους

439 1112 662 1162 προσεῖπεν
693 1108 717 1150 6
749 1108 977 1157 ζώθαπτος
1007 1108 1070 1154 ὡς
1101 1107 1387 1162 συνόεσμίους.

226 1176 413 1231 ἕβδομον
444 1173 482 1218 δ’
515 1177 606 1223 ἔτος
637 1176 835 1224 διανύσας
865 1177 910 1218 ἒν
939 1181 1002 1231 τῷ
1031 1176 1156 1231 τάφῳ
1187 1176 1212 1218 6
1237 1177 1367 1230 ἅγιος,
1399 1174 1481 1217 εἶτα
1504 1174 1724 1230 ἐκβληθεὶς
1736 1178 1784 1215 38
1810 1177 1846 1214 D

228 1245 389 1288 ἐκεῖθεν
410 1245 454 1288 ἐν
473 1249 558 1293 τοῖς
579 1244 826 1301 ἀνακτόροις
846 1245 1168 1299 κατεκέκλειστο,
1189 1243 1373 1300 μηδενὸς
1394 1243 1521 1286 αὐτὸν
1537 1243 1725 1298 ὁρῶντος

300 1411 318 1448 1
334 1411 459 1458 διαγρά
493 1425 567 1448 octo
580 1411 617 1447 D
714 1411 737 1447 2
749 1411 879 1457 πατρὸς
892 1411 1030 1447 ἐκείνου
1045 1410 1074 1448 C
1171 1414 1262 1457 post
1275 1411 1312 1447 οἱ
1326 1410 1417 1446 add.
1436 1409 1648 1455 ὁμολογηταῖ
1664 1409 1724 1445 καὶ

297 1458 431 1499 BCDw
447 1459 461 1505 (
507 1460 691 1505 εδμολογει
707 1459 744 1496 τὸ
758 1460 832 1501 καὶ)
846 1461 914 1496 Wo
928 1460 994 1495 lat.
1079 1459 1297 1504 αὐτάδελφος
1311 1457 1341 1495 C
1426 1459 1448 1493 ὅ
1460 1457 1631 1494 alterum
1647 1467 1723 1493 om.

297 1507 394 1553 Ewp
474 1507 497 1543 3
511 1508 575 1554 τὴν
589 1518 664 1544 om.
682 1507 730 1553 D,
745 1508 875 1554 suppl.
890 1507 959 1546 Dw
1035 1506 1060 1542 4
1070 1506 1158 1552 μετὰ
1172 1506 1219 1551 D,
1233 1505 1324 1542 κατὰ
1339 1516 1440 1542 corr.
1454 1505 1523 1544 Dw
1597 1519 1724 1550 καρτα-

296 1555 419 1601 λιμένα
443 1555 491 1600 D,
518 1566 621 1592 corr.
650 1555 719 1594 Dw
843 1555 970 1595 ἁλιέως
995 1555 1043 1599 D,
1071 1565 1172 1590 corr.
1199 1554 1269 1593 Dw
1390 1554 1413 1590 5
1439 1556 1530 1599 post
1554 1558 1604 1598 τῷ
1631 1552 1723 1588 add.

297 1604 384 1650 ἱερῷ
405 1602 503 1650 pr
588 1602 695 1648 6—8]
722 1603 874 1639 Versus
891 1603 933 1638 in
953 1603 1160 1639 codicibus
1187 1602 1363 1638 distincti
1390 1604 1485 1637 sunt
1569 1601 1592 1636 6
1618 1602 1721 1642 ζῶντι

298 1678 306 1688 .
333 1678 342 1687 .
369 1678 377 1687 .
405 1677 412 1686 .
438 1651 499 1687 καὶ
524 1651 572 1696 D,
598 1657 716 1696 νεκρῷ
740 1652 782 1687 in
809 1651 882 1686 lac.
910 1651 1001 1686 add.
1030 1650 1098 1689 Dw
1251 1650 1273 1686 7
1300 1650 1454 1685 οἰκοῦντι
1481 1647 1589 1694 Sym.
1615 1659 1722 1694 mag.

298 1710 335 1745 p.
360 1699 442 1742 643,
468 1699 491 1734 2
586 1704 748 1735 πατοῦντι
774 1698 890 1736 Cedr.
917 1697 1106 1743 (Scylitz.)
1132 1697 1170 1734 ΙΙ
1198 1708 1234 1744 p.
1263 1697 1341 1741 117,
1370 1698 1401 1740 1,
1428 1696 1601 1732 Manass.
1628 1695 1724 1731 4912

297 1747 320 1782 8
345 1747 479 1791 δέσμιοι
500 1757 575 1782 om.
594 1746 643 1793 p*
740 1747 862 1792 ὅεσμῶ
883 1746 929 1789 Ι),
957 1757 1058 1782 corr.
1078 1746 1146 1784 Dw
1243 1744 1395 1790 10—1‘2]
1422 1744 1573 1781 Versus
1593 1745 1635 1780 in
1661 1754 1723 1779 co-

298 1794 455 1830 dicibus
482 1795 657 1830 distincti
683 1799 778 1830 sunt
894 1794 941 1830 10
965 1800 1035 1833 τοῖς
1061 1793 1108 1838 D,
1135 1793 1215 1833 τοὺς
1241 1803 1343 1829 corr.
1370 1792 1439 1831 Dw
1561 1792 1724 1836 οὐρανῶν

298 1841 414 1879 Cedr.
440 1842 464 1878 l.
491 1852 536 1886 c.,
562 1841 670 1888 Sym.
696 1852 802 1888 mag.
829 1842 852 1877 l.
881 1852 925 1887 c.,
952 1841 1066 1888 Glyc.
1094 1852 1130 1888 p.
1157 1841 1238 1885 538,
1265 1841 1288 1876 8
1391 1840 1649 1886 κλησιγράφοις
1675 1839 1722 1884 D,

298 1900 400 1926 corr.
426 1889 495 1929 Dw
593 1890 636 1925 11
661 1892 807 1935 μέτωπα
832 1890 1035 1936 σωφρόνως
1061 1889 1200 1927 AEDw
1227 1888 1334 1935 Sym.
1360 1899 1467 1933 mag.
1495 1888 1517 1923 l.
1537 1898 1581 1931 c.,
1609 1886 1722 1933 Glyc.

296 1937 319 1973 l.
347 1947 391 1980 c.,
417 1937 590 1973 Manass.
616 1938 638 1972 l.
667 1949 711 1983 c.,
735 1938 907 1982 πρόςωπα
931 1942 1114 1982 καρτερῶς
1141 1936 1172 1973 Ο
1309 1936 1520 1982 ἒστιγμὲνοις
1546 1935 1593 1979 D,
1621 1946 1723 1970 corr.

296 1984 364 2023 Dw
463 1984 508 2020 12
532 1985 718 2026 ζωθᾶπτος
739 1985 775 2020 D
872 1986 1092 2030 συνδεσμίοις
1111 1984 1158 2030 D,
1186 1995 1288 2021 corr.
1315 1983 1384 2023 Dw
1483 1983 1539 2019 13.
1568 1982 1612 2018 14
1636 1983 1724 2018 ἐκεῖ·

295 2033 360 2069 θεν
383 2033 572 2079 ἐκβληθεὶς
598 2032 696 2079 pr
805 2033 1028 2069 κατέκλειστο
1055 2033 1085 2068 Ε

222 2187 335 2223 nulla
361 2188 573 2233 quisquam
601 2188 785 2224 oratione
812 2188 1005 2233 consequi
1031 2190 1173 2234 potest.
1224 2186 1308 2222 Illic
1333 2186 1458 2232 igitur
1480 2186 1631 2221 incluto
1655 2182 1782 2221 illo35

224 2239 340 2281 patre
370 2235 535 2280 incluso,
575 2236 720 2271 fratres
746 2235 1015 2282 Theophanes
1050 2239 1090 2271 et
1123 2234 1361 2270 Theodorus
1400 2238 1489 2279 post
1527 2234 1720 2268 facierum

225 2284 576 2329 compunctionem
614 2284 689 2329 ipsi
728 2293 892 2330 quoque
930 2283 1112 2328 relegati,
1155 2292 1246 2317 cum
1286 2281 1336 2317 ad
1377 2281 1523 2317 Cartae
1560 2286 1721 2327 portum

225 2330 485 2377 appulissent,
525 2341 598 2377 per
629 2330 832 2378 quendam
865 2331 1105 2377 piscatorem
1131 2329 1335 2365 Mctliodio
1366 2329 1603 2364 familiarem
1629 2328 1723 2364 scri-

224 2382 393 2424 pserunt
418 2378 536 2414 haec:

462 2426 623 2462 Viventi
650 2429 809 2461 mortuo
836 2428 958 2471 atque
982 2429 1143 2461 mortuo
1169 2425 1285 2460 simul
1734 2422 1782 2458 36

462 2473 594 2509 vitam
622 2474 776 2517 ferenti,
805 2474 872 2519 qui
900 2483 990 2508 cum
1017 2473 1200 2508 tellurem
1228 2472 1332 2508 colat

463 2520 583 2557 Polos
609 2524 802 2567 pererrat,
829 2521 992 2556 litterati
1019 2521 1172 2556 litteras

463 2568 594 2605 Vincti
621 2570 764 2605 misere
790 2569 962 2605 vinculis
987 2568 1200 2603 adobruto.

227 2615 382 2659 Quibus
405 2626 478 2663 per
504 2617 677 2653 eundem
707 2618 946 2662 piscatorem
973 2617 1036 2651 vir
1061 2619 1225 2651 sanctus
1252 2615 1476 2661 rescripsit:
1734 2613 1780 2649 37

463 2664 642 2706 Quorum
670 2668 810 2700 notata.
836 2664 1000 2700 nomina
1025 2664 1066 2698 in
1093 2663 1334 2699 caelestibus

463 2710 595 2747 Libris
620 2712 813 2757 leguntur
840 2717 880 2747 et
906 2711 1143 2747 decentibus
1168 2711 1274 2746 votis

465 2758 740 2806 Compunctac
768 2760 932 2803 frontes,
960 2758 1121 2794 vinculo
1149 2758 1352 2804 oppressis
1379 2758 1466 2804 pari

464 2805 571 2843 Dicit
596 2807 779 2850 salutem,
805 2807 873 2852 qui
901 2807 1043 2842 vivens
1068 2807 1249 2852 sepultus
1275 2810 1346 2841 cst.

228 2853 328 2891 Cum
354 2857 489 2890 autem
516 2855 726 2901 septimum
755 2864 905 2890 annum
938 2854 977 2889 in
1011 2853 1196 2899 sepulcro
1225 2854 1287 2888 vir
1312 2856 1476 2888 sanctus
1506 2852 1781 2897 exegissem-‘38

227 2901 323 2939 inde
341 2902 495 2940 eiectus
511 2902 552 2939 ln
571 2902 687 2950 rog-ia
708 2901 1039 2947 concludebatur,
1058 2902 1217 2939 nemine
1236 2901 1367 2938 virum
1382 2900 1546 2937 vidente
1560 2904 1722 2948 praeter
