2054 3282
588 241 792 285 ROMANI
815 242 885 283 AB
910 240 1177 285 AGARENIS
1201 240 1355 285 vlc'm.
1643 243 1714 285 57⁷

221 383 325 416 τινες
362 369 587 424 ἄνθρωποι
622 368 694 410 καὶ
729 368 940 423 τολμητίαι
975 369 1154 424 κέλητες,
1197 368 1265 423 ἐφ’
1297 369 1439 411 ἵππων
1470 369 1715 411 ὠκυπόδων

223 437 372 492 γυμνοὶ
403 437 670 491 ἑκατέρωθεν
700 436 862 492 ἐλόχων
891 441 965 479 τοῦ
995 437 1186 492 χάρακος
1215 437 1286 479 καὶ
1316 436 1412 484 τοὺς
1433 437 1490 484 εἷς
1511 436 1715 492 συλλογὴν

223 505 419 552 ἀπιόντας
457 506 574 560 χιλοῦ
613 505 766 551 ὕδατός
801 521 843 546 τε
882 505 1052 559 ἀρδείαν
1088 505 1339 560 ἔκθορόντες
1369 505 1555 561 ἀνῄρουν
1586 507 1611 560 ἢ
1643 505 1715 547 καὶ

223 575 507 629 συνήρπαζον,
553 573 616 619 ὥς
658 573 755 619 τούς
797 589 839 614 τε
882 574 1134 627 στρατιώτας
1175 573 1246 616 καὶ
1287 573 1363 628 τὴν
1405 575 1532 616 ἵππον
1574 574 1715 615 αὗτῶν

187 647 210 684 5
223 642 490 696 ἀπειρηκέναι
531 646 594 695 τῷ
637 641 758 695 δίψει.
819 641 903 682 εἶτα
942 642 1237 696 συνηθέστεροι
1275 642 1488 696 γεγονότες
1522 646 1610 689 ταῖς
1645 642 1713 684 ἐκ·
1731 645 1774 681 19

225 710 403 764 δρομαῖς
432 709 541 764 πρὸς
571 709 667 755 τοὺς
677 709 922 763 -Ῥωμαίους
953 710 993 750 οἳ
1014 710 1193 764 Ἄραβες
1223 710 1294 752 καὶ
1325 710 1414 752 οἷον
1444 710 1716 764 καταγνόντες

225 778 375 821 δειλίαν
411 778 566 831 αὐτῶν,
610 777 775 831 ἀθρόον
813 777 898 819 ἀπὸ
936 781 1021 819 τῶν
1057 779 1286 833 μετεώρων
1323 778 1616 833 ἕξωρμηκότες
1644 778 1715 820 καὶ

223 846 486 901 βαρβαρικὸν
517 845 793 894 ἀλαλάξαντες
824 845 894 887 καὶ
914 846 1108 900 πλήθους
1129 847 1359 901 φαντασίαν
1380 847 1716 901 ἀπεργασάμενοι

23 969 38 974 .,
222 919 285 969 τῷ
314 914 374 969 μὴ
407 913 694 966 συνασπισμὸν
723 918 873 968 τηρεῖν,
918 914 1020 955 ἀλλὰ
1061 914 1375 969 διεσπασμένως
1411 915 1616 970 ἐκτρέχειν
1645 915 1760 957 καὶΒ

22 988 46 1034 J!
70 989 125 1027 lv
144 990 209 1026 131
224 983 379 1025 ἐπιέναι
409 983 677 1028 ἀσυντάκτως
708 987 769 1036 τῷ
801 982 967 1037 χάρακι,
1012 983 1324 1037 ἕκδειματοῦσιν
1360 984 1472 1024 ἅπαν
1508 983 1554 1025 τὸ
1591 999 1714 1038 στρα-

222 1050 412 1093 τιωτικὸν
442 1051 513 1092 καὶ
543 1051 601 1097 εἷς
631 1050 771 1105 φυγὴν
801 1051 1006 1105 τρέπουσι.
1067 1051 1137 1092 καὶ
1158 1053 1239 1093 κᾶν
1259 1052 1371 1093 ἑάλω
1393 1052 1417 1092 ὁ
1439 1053 1715 1107 αὐτοκράτωρ
1729 1057 1776 1093 20

224 1119 363 1173 αὐτός,
407 1124 479 1174 τῆς
515 1118 609 1173 περὶ
641 1118 768 1160 αὐτὸν
800 1119 1128 1174 ἐκταραχθείσης
1158 1124 1352 1174 φρουρᾶς
1383 1120 1453 1161 καὶ
1483 1121 1716 1167 λελοιπυιάς

223 1188 495 1243 ἀφρούρητον
525 1187 596 1229 τὸν
627 1187 964 1242 φρουρούμενον,
997 1189 1035 1229 εἰ
1061 1189 1120 1242 μή
1153 1204 1210 1234 τις
1240 1188 1368 1229 αὐτὸν
1399 1188 1464 1230 ἐπὶ
1494 1189 1566 1231 τὸν
1590 1190 1716 1231 ἵππον

223 1256 398 1311 ἀνέλαβε
428 1256 499 1297 καὶ
530 1256 697 1310 φεύγειν
729 1256 968 1308 ἐπέρρωσεν
999 1257 1307 1298 ἐκπεπνευκότα
1340 1262 1401 1311 τῷ
1435 1257 1515 1298 δέει
1545 1261 1714 1312 μικροῦ.

167 1331 211 1368 15
224 1324 412 1380 ἀπῄεσαν
434 1324 513 1379 μὲν
534 1322 610 1366 οὖν
631 1325 671 1365 οἱ
690 1323 889 1377 Ῥωμαῖοι
912 1325 1102 1370 ἀτάκτως
1123 1325 1185 1370 ὡς
1206 1326 1379 1371 ἕκαστος
1400 1326 1516 1380 ἔτυχε
1540 1326 1716 1372 θέοντες.
1729 1331 1771 1366 ‘21

225 1394 266 1435 οἳ
296 1393 342 1435 δὲ
371 1393 582 1448 βάρβαροι
612 1391 659 1434 τὸ
689 1393 933 1446 παράλογον
963 1397 1035 1447 τῆς
1059 1397 1216 1448 τροπῆς
1237 1393 1474 1447 τεθηπότες,
1506 1394 1611 1435 κατὰ
1633 1397 1718 1435 τῶν
1731 1400 1776 1435 22

221 1461 622 1515 ἀποδιδρασκόντων
642 1461 722 1502 οὐκ
750 1461 987 1515 ἐπεξέθεον,
1019 1461 1121 1502 ἀλλὰ
1147 1461 1253 1502 κατὰ
1274 1466 1348 1502 τοῦ
1369 1462 1559 1516 χάρακος
1580 1462 1715 1509 ἔθεον,

222 1530 386 1585 ὀλίγους
414 1533 500 1572 τῶν
531 1530 867 1584 ἒπιφανεστέρων
905 1530 1209 1584 ζωγρήσαντες,
1254 1530 1324 1571 καὶ
1367 1531 1440 1585 τήν
1476 1546 1518 1571 τε
1556 1529 1715 1584 σκηνὴν

223 1597 476 1653 διηρπάκασι
506 1597 579 1652 τὴν
617 1597 839 1652 βασίλειον,
881 1597 1036 1652 μεστὴν
1067 1597 1198 1639 οὖσαν
1227 1598 1410 1640 πλούτου
1441 1598 1758 1640 παντοδαποῢΟ

222 1757 246 1792 5
269 1758 319 1792 ὅτι
337 1757 481 1803 Ἄραβες
505 1755 638 1801 ἀθρόον
656 1761 705 1801 τῷ
722 1757 852 1802 χάρακι
870 1756 1087 1802 ἐπελθόντες,
1115 1757 1304 1803 ἐτρέψαντο
1322 1756 1400 1796 τοὺς
1421 1758 1628 1802 Ῥωμαίους,
1656 1757 1716 1792 καὶ

222 1806 244 1840 ὃ
266 1805 428 1851 βασιλεὺς
453 1805 560 1850 ἔφυγε
586 1803 650 1840 CE
675 1805 735 1839 καὶ
761 1805 798 1839 τὸ
823 1806 1057 1849 στρατόπεδον
1082 1805 1257 1850 διηρπάγη
1285 1804 1314 1840 C

296 1954 314 1988 1
342 1953 540 1999 ἄνθρωποι]
565 1954 740 2001 βάρβαροι
760 1954 824 1991 BC
920 1955 943 1990 5
967 1956 1164 2000 γεγονόταις
1189 1955 1237 2001 Ρ*
1334 1956 1357 1990 8
1380 1954 1656 2000 ὑπεργασάμενοι
1682 1954 1716 1989 D

255 2003 258 2005 v
297 2002 343 2037 10
365 2002 498 2037 ἀπιέναι
525 2001 590 2037 ΒΕ
717 2008 766 2047 τῷ
795 2013 870 2037 0111.
898 2002 933 2036 D
1066 2004 1102 2037 ll
1133 2003 1192 2037 καὶ
1219 2003 1260 2037 (ἲν
1287 2002 1379 2037 ἕιὶλω
1408 2002 1514 2047 Ewp,
1541 2002 1600 2037 καὶ
1626 2002 1717 2037 ἑάλω

295 2050 338 2085 ἂν
364 2049 399 2084 D
504 2054 598 2085 ante
623 2051 644 2085 ό
668 2050 761 2085 add.
788 2050 847 2084 καὶ
875 2049 1032 2095 prDe'
1142 2050 1183 2084 14
1208 2050 1354 2095 ἀνέβαλε
1381 2049 1478 2093 CDt',
1504 2050 1718 2093 ἀναθέμενος

296 2097 411 2132 Psell.
438 2107 475 2143 p.
500 2097 595 2140 35‚6
691 2097 846 2143 φεύγειν]
874 2098 995 2143 φέρειν
1022 2098 1051 2132 B
1152 2098 1194 2132 15
1219 2098 1364 2136 ἕκαστος
1391 2108 1466 2132 om.
1482 2096 1511 2133 C
1611 2098 1654 2131 16
1680 2096 1719 2131 δὲ

297 2155 373 2180 om.
400 2143 432 2180 Ε
528 2145 574 2180 18
597 2144 783 2191 ἐπιφανῶν
809 2144 871 2181 BC

225 2295 340 2342 equis
365 2293 464 2330 nudi
490 2294 542 2331 ab
568 2298 742 2341 utraque
769 2295 861 2330 valli
885 2298 998 2341 parte
1018 2294 1222 2330 collocatis
1248 2293 1414 2336 insidiis,
1440 2294 1471 2328 si
1501 2293 1569 2339 qui
1595 2293 1718 2339 pabu-

226 2343 348 2379 latum
384 2346 455 2378 aut
489 2346 681 2388 aquatum
717 2343 911 2387 exierant,
951 2353 1020 2378 eos
1059 2343 1210 2388 impetu
1246 2343 1351 2377 sacto
1392 2340 1617 2377 caedebant
1649 2344 1719 2376 aut

226 2391 452 2437 capiebant,
479 2390 535 2426 ita
560 2394 663 2426 utet
681 2391 825 2426 milites
851 2394 890 2426 et
917 2391 1007 2435 equi
1037 2391 1098 2425 siti
1127 2390 1356 2425 deficerent.
1408 2388 1564 2423 Deinde
1590 2389 1719 2423 incur·
1736 2388 1779 2423 19

226 2438 407 2474 sionibus
438 2437 514 2473 illis
545 2438 674 2483 inagis
706 2438 922 2474 assuefacti
958 2443 998 2473 et
1025 2437 1226 2473 Romanos
1258 2437 1449 2482 ignaviae
1482 2436 1720 2471 damnantes

226 2485 359 2522 subito
387 2495 437 2520 ex
465 2486 668 2521 montibus
694 2485 911 2521 decurrere
937 2489 977 2521 et
1005 2485 1163 2520 sublato
1191 2484 1404 2519 barbarico
1424 2483 1610 2527 elamore,
1635 2494 1720 2529 spe-

227 2534 327 2569 ciem
354 2532 619 2568 multitudinis
646 2533 899 2579 praebentes,
926 2532 1035 2578 quod
1062 2543 1142 2567 non
1169 2531 1339 2567 densata
1361 2531 1460 2575 acie,
1485 2530 1557 2565 sed
1584 2531 1721 2566 laxata

228 2580 499 2616 excurrebant
526 2581 719 2626 nulloque
755 2580 895 2615 ordine
931 2580 1079 2615 vallum
1117 2578 1376 2623 invadebant,
1416 2588 1572 2614 omnem
1608 2588 1720 2613 exer-

228 2629 349 2664 eitum
377 2628 558 2663 territum
585 2628 625 2663 in
652 2628 793 2674 fugam
822 2631 1040 2663 verterunt.
1090 2626 1223 2672 Atque
1250 2626 1335 2672 ipse
1361 2627 1579 2671 imperator
1600 2624 1782 2661 etian120

230 2679 373 2722 captus
400 2679 516 2719 esset,
542 2685 566 2710 a
585 2675 747 2711 turbata.
766 2675 949 2710 custodia
969 2674 1234 2710 incustoditus
1261 2674 1436 2716 relictus,
1462 2673 1537 2708 nisi
1557 2672 1720 2718 quidam

230 2732 321 2759 eum
349 2723 389 2758 in
416 2732 564 2768 equum
591 2722 792 2758 sublatum
820 2722 871 2757 ιυί
899 2723 1038 2768 sugam
1066 2722 1300 2757 cohortatus
1326 2724 1430 2756 esset
1456 2725 1566 2756 metu
1593 2730 1722 2766 paene

231 2771 517 2806 exanimatum.
567 2769 735 2805 Romani
765 2770 887 2815 igitur
917 2769 1026 2804 nullo
1054 2769 1194 2804 ordine
1226 2772 1458 2813 temereque
1491 2767 1779 2813 fugiebant32l

232 2826 365 2863 neque
397 2827 495 2853 vero
527 2817 691 2853 barbari
726 2819 825 2862 suga
859 2818 1137 2862 inexspectata
1163 2816 1377 2861 stupefacti
1407 2815 1610 2860 fugientes
1623 2815 1783 2897 Xer-22

231 2865 519 2911 sequebantur,
545 2864 617 2901 sed
648 2864 796 2900 vallum
830 2865 1012 2909 ingressi,
1053 2865 1192 2909 paucis
1225 2862 1444 2898 illustribus
1470 2863 1597 2908 captis
1652 2862 1723 2897 ire-

231 2916 383 2959 ptoque
422 2913 536 2959 regio
575 2911 849 2956 tabernaculo,
892 2913 1093 2947 variarum
1133 2921 1253 2957 opum
1294 2915 1333 2946 et
1368 2910 1504 2956 regine
1542 2910 1723 2955 magnili-

304 2982 461 3012 Zonarac
482 2982 633 3019 Epicurus
653 2981 714 3013 111.
1480 2969 1525 3005 37
