2054 3282
332 234 403 272 552
733 233 912 272 ZONAR.
941 233 1072 270 EPIT.
1097 232 1209 270 XVII
1234 232 1266 278 7,
1292 233 1420 270 3-16.

331 373 454 412 χοιεν,
497 358 634 410 ἑαυτῷ
668 356 746 410 μὲν
782 355 855 409 τὴν
893 354 1082 410 βασιλίδα
1119 358 1203 396 τῶν
1233 354 1399 397 πόλεων
1430 355 1608 409 ἀπένεμε
1638 353 1710 396 καὶ
1739 358 1824 397 τῶν

331 424 535 467 πλειόνων
567 425 708 466 ἐθνῶν
738 423 809 465 καὶ
840 426 998 478 χωρῶν
1029 422 1075 464 τὸ
1107 423 1272 476 κράτος,
1304 429 1365 477 τῷ
1397 424 1443 465 δὲ
1473 424 1662 478 Σκληρῷ
1691 438 1822 478 προσ-

331 494 513 547 εκλήρου
550 493 624 547 τὴν
656 491 904 546 Ἀντιόχειαν
946 492 1020 546 τήν
1056 507 1098 532 τε
1134 491 1292 546 Κοίλην
1322 492 1484 546 Συρίαν
1520 491 1591 533 καὶ
1627 491 1825 546 Φοινίκην

330 561 401 602 καὶ
435 561 711 614 Παλαιστίνην
741 560 812 601 καὶ
842 559 1173 614 Μεσοποταμίαν
1209 560 1280 602 καὶ
1317 559 1389 606 τὰς
1426 561 1644 615 συνθήκας
1681 559 1824 613 ὅρκοις

294 627 431 670 4καθ’
466 630 591 682 ἱερῶν
622 628 932 682 ἒμπεπέόωκεν.
995 627 1060 669 ἐπὶ
1090 628 1249 675 τούτοις
1280 628 1558 683 τεθαρρηκὼς
1583 628 1607 669 ὁ
1627 627 1860 682 Σκληρὸς5

296 697 515 751 5πρόσεισι
545 702 606 750 τῷ
643 697 790 749 Φωκᾷ.
853 696 877 737 ὁ
910 693 946 738 δ’
981 696 1095 742 ἐντὸς
1126 697 1301 751 ἀρκύων
1331 701 1477 739 τοῦτον
1515 696 1660 751 λαβὼν
1698 696 1823 750 ἀφαι-

332 769 456 819 ρεῖται
486 765 563 819 μὲν
603 765 731 806 αὐτοῦ
767 764 814 806 τὸ
852 770 992 819 σχῆμα
1032 765 1083 820 δὴ
1120 765 1166 806 τὸ
1203 766 1421 819 βασίλειον,
1465 765 1734 819 καθείργνυσι
1779 764 1824 806 δὲ

295 833 402 874 final
440 832 636 887 φρουρὰν
679 834 795 887 αὐτῷ
837 833 1093 888 περιίστησιν.
1156 834 1228 887 ὑφ’
1268 834 1416 875 ἑαυτὸν
1456 834 1501 875 δὲ
1539 833 1610 875 καὶ
1645 833 1718 887 τὴν
1749 832 1825 874 σὺν

286 905 316 940 Β
331 902 478 955 ἐκείνῳ
522 900 712 955 στρατιὰν
754 901 1036 955 ποιησάμενος
1074 906 1147 942 τοῦ
1186 902 1447 956 τυραννεύειν
1487 903 1616 956 εἴχετο
1654 917 1823 955 κραται-

297 970 486 1023 Ἱότερον.
549 970 573 1011 ὁ
611 971 752 1024 μέντοι
788 970 986 1025 Σκληρὸς
1023 970 1405 1025 προμηθευόμενος
1448 971 1586 1024 ἑαυτῷ
1627 969 1736 1023 πρὸς
1777 969 1874 1011 τόΙ)
1894 976 1948 1013 IV
1968 976 2036 1013 114

329 1038 481 1092 μέλλον
521 1039 566 1086 ἐξ
609 1038 836 1092 ἀποτυχίας
879 1039 1088 1093 σωτηρίαν
1130 1039 1230 1087 τινά,
1273 1038 1357 1093 πρὸ
1400 1043 1473 1080 τοῦ
1517 1039 1826 1093 κατασχεθῆναι

330 1106 440 1160 πρὸς
459 1111 533 1148 τοῦ
556 1107 693 1149 Φωκᾶ
713 1106 784 1148 τὸν
808 1106 899 1148 υἱὸν
916 1107 1136 1161 Ῥωμανὸν
1157 1108 1298 1161 λάθρᾳ
1327 1112 1472 1162 φυγεῖν
1502 1107 1824 1161 παρεσκεύασεν,

296 1176 393 1221 8ώς
425 1175 737 1230 αὐτομολοῦντα
769 1181 831 1230 τῷ
861 1176 1034 1230 βασιλεῖ·
1067 1177 1115 1221 ὃς
1135 1176 1207 1218 καὶ
1226 1179 1467 1231 περιχαρῶς
1486 1175 1602 1230 παρὰ
1624 1180 1697 1217 τοῦ
1718 1191 1823 1230 κρα-

330 1248 499 1290 τοῦντος
530 1244 685 1298 ἐδέχθη
718 1244 788 1286 καὶ
818 1245 1045 1299 μάγιστρος
1076 1245 1252 1300 ἐτιμήθη
1286 1245 1426 1291 εὐθύς.

295 1317 318 1352 9
444 1312 498 1355 Ὁ
533 1313 693 1359 Φωκᾶς
731 1312 776 1354 δὲ
814 1313 1053 1367 ἄπόμοιράν
1088 1329 1175 1354 τινα
1206 1318 1278 1368 τῆς
1309 1317 1497 1367 στρατιᾶς
1527 1313 1611 1355 ὑπὸ
1642 1313 1713 1355 τὸν
1743 1328 1823 1354 πα-
1840 1317 1885 1353 15

330 1382 485 1435 τρίκιον
515 1382 642 1430 τάξας
671 1380 743 1423 τὸν
774 1381 979 1435 Δελφινᾶν
1010 1382 1066 1428 εἷς
1097 1381 1171 1436 τὴν
1201 1381 1370 1435 ἀντικρὺ
1400 1387 1472 1436 τῆς
1508 1382 1718 1436 βασιλίδος
1754 1382 1823 1423 ἕκ-

330 1451 482 1504 πέμπει
512 1449 794 1503 Χρυσόπολιν,
839 1449 965 1496 αὐτὸς
1003 1450 1048 1491 δὲ
1085 1449 1160 1492 σὺν
1195 1455 1244 1505 τῇ
1282 1450 1405 1505 λοιπῇ
1444 1450 1616 1504 δυνάμει
1653 1450 1825 1504 ἀφίκετο

274 1524 320 1559 10
331 1518 440 1572 πρὸς
469 1518 544 1573 τὴν
565 1518 759 1572 Ἄβυδον.
820 1523 882 1572 τῷ
912 1519 1051 1571 μέντοι
1082 1518 1265 1573 Δελφινᾷ
1295 1518 1684 1572 ἕστρατοπεόευκότι
1719 1517 1825 1560 κατὰ

333 1586 604 1640 Χρυσόπολιν
635 1587 841 1642 αἰφνίδιον
873 1587 1054 1642 ἐπῆλθεν
1085 1587 1108 1628 ὁ
1139 1587 1330 1642 βασιλεὺς
1360 1587 1463 1642 μετὰ
1494 1587 1599 1629 λαοῦ
1622 1587 1825 1629 Ῥωσικοῦ

335 1716 380 1751 10
404 1717 455 1751 ὅτι
480 1716 550 1761 πρὸ
574 1722 634 1751 τοῦ
660 1717 880 1762 ὃεσμηθῆναι
910 1717 1026 1762 λάθρᾳ
1055 1717 1103 1755 ὡς
1129 1717 1323 1762 αὐτόμολον
1354 1717 1492 1762 ἔπεμψε
1522 1716 1580 1752 τὸν
1611 1716 1687 1752 υἱὸν
1718 1717 1824 1752 αὐτοῦ

331 1763 419 1808 πρὸς
443 1763 502 1799 τὸν
525 1765 667 1810 βασιλέα
692 1765 713 1799 ὅ
737 1765 903 1810 Σκληρός
929 1764 958 1801 C
1057 1765 1100 1800 15
1124 1765 1202 1810 περὶ
1229 1770 1289 1800 τοῦ
1315 1765 1469 1810 Δελφινᾶ
1496 1763 1558 1800 ΟΕ
1657 1765 1702 1800 18
1729 1766 1826 1803 ὅπως

332 1812 424 1847 ἑάλω
450 1811 511 1847 καὶ
538 1811 818 1858 ἀνεσκολοπίσθη
846 1812 909 1848 ΟΕ

405 1931 422 1965 1
449 1931 598 1975 ἀπένεμε
615 1934 710 1966 ante
727 1931 790 1977 τὴν
808 1930 839 1967 Ο
936 1931 1099 1976 ἀπένειμε
1125 1931 1208 1977 w*p
1235 1932 1372 1967 invitis
1390 1931 1461 1966 AR
1556 1931 1580 1966 4
1606 1934 1696 1977 post
1719 1945 1824 1976 μεσσ-

401 1991 478 2014 ποτ.
497 1979 589 2013 add.
603 1979 663 2014 καὶ
680 1980 846 2024 αἴγυπτον
860 1979 956 2025 Ewp
1030 1979 1052 2014 5
1068 1979 1323 2024 ε’μπεπέδωκαν
1337 1979 1372 2014 D
1447 1980 1468 2014 6
1486 1984 1536 2024 τῷ
1550 1978 1605 2024 Φ.]
1620 1979 1677 2014 τὸν
1693 1977 1697 2025 1
1714 1984 1826 2024 φωκᾶ

403 2025 439 2060 D
561 2027 584 2061 8
607 2028 822 2071 περιίστασιν
846 2026 882 2062 D
1005 2027 1060 2062 10.
1089 2027 1131 2061 11
1159 2028 1335 2072 σωτηρίαν
1358 2027 1445 2071 πρὸς
1471 2041 1498 2062 τ.
1522 2027 1649 2072 μέλλον
1674 2026 1748 2062 τινὰ
1771 2027 1824 2068 ἐξ·

401 2075 591 2119 αποτυχίας
617 2073 653 2109 D
753 2075 797 2110 16
824 2075 969 2119 ἄντικρυ
997 2074 1080 2120 W*p
1107 2075 1243 2110 invitis
1270 2074 1341 2110 AR

331 2190 370 2222 et
395 2188 628 2223 societatem
655 2188 866 2233 amplexus
893 2191 953 2223 est
979 2191 1028 2232 et,
1064 2189 1096 2223 si
1123 2192 1310 2224 votorum
1338 2191 1542 2233 compotes
1567 2188 1719 2232 fierent,
1747 2188 1823 2223 sibi

329 2235 471 2270 urbem
490 2236 645 2281 regiam
665 2238 704 2271 et
722 2235 895 2280 plurium
914 2236 1096 2281 gentium
1115 2246 1163 2271 ac
1182 2236 1485 2281 provinciarum
1508 2236 1721 2281 imperium
1739 2236 1822 2270 vin-

331 2282 448 2326 dicat,
476 2281 611 2318 Sclero
636 2282 903 2328 Antiochiam,
930 2282 1211 2328 Coelesyriarn,
1238 2283 1506 2327 Phoeniciam,
1540 2283 1821 2326 Palaestinam,

293 2329 658 2375 4Mesopotamiam
696 2331 879 2366 attribuit
913 2341 1043 2376 eaque
1075 2334 1193 2376 pacta
1228 2331 1490 2366 iureiurando
1529 2331 1669 2365 sancit.
1733 2330 1820 2372 Quo

293 2375 489 2413 bSclerus
515 2379 644 2413 fretus
671 2388 761 2413 cum
787 2378 840 2413 ad
854 2378 1029 2414 Phocam
1056 2389 1099 2414 se
1126 2378 1359 2414 contulisset
1385 2388 1433 2413 ac
1458 2379 1537 2412 iam
1563 2379 1669 2413 intra
1687 2388 1821 2413 casses

329 2428 444 2469 esset,
473 2426 643 2470 primum
671 2426 813 2460 habitu
835 2426 950 2471 regio
970 2427 1163 2471 privatur,
1192 2426 1338 2461 deinde
1355 2426 1395 2460 in
1416 2435 1617 2460 carcerem
1638 2426 1819 2460 coniecto

293 2472 513 2508 chstodia
547 2473 780 2517 adhibetur3
824 2477 864 2508 et
898 2474 1023 2519 copiis
1057 2474 1161 2508 illius
1193 2474 1338 2517 ascitis,
1375 2473 1531 2508 Phocas
1563 2473 1819 2518 tyrannidem

293 2519 314 2554 7
328 2530 440 2555 suam
468 2521 609 2555 firmat.
661 2521 876 2556 Enimvero
896 2520 1056 2557 Sclerus
1081 2521 1316 2566 priusquam
1339 2521 1390 2555 ab
1409 2520 1544 2556 Phoca
1563 2520 1818 2565 eomprehen-

329 2567 503 2611 deretur,
530 2571 585 2612 ut,
620 2569 652 2603 si
678 2578 742 2603 res
768 2568 872 2604 male
899 2569 1093 2611 cessisset,
1132 2571 1337 2614 receptum
1366 2568 1540 2613 aliquem
1571 2567 1738 2602 haberet
1771 2578 1820 2602 ac

329 2625 439 2659 spem
467 2616 617 2659 salutis,
645 2619 818 2659 curarat,
844 2619 889 2651 ut
915 2616 1019 2651 filius
1045 2626 1142 2651 suus
1164 2615 1379 2659 Romanus,
1407 2616 1506 2650 clam
1526 2619 1688 2660 arrepta
1707 2615 1818 2659 fuga,

292 2662 380 2697 Sad
406 2673 543 2707 regem
572 2663 772 2707 deficeret,
799 2674 822 2698 a
850 2673 929 2709 quo
957 2667 996 2698 et
1022 2673 1111 2698 cum
1137 2663 1289 2709 gaudio
1317 2666 1511 2708 exceptus
1538 2666 1598 2698 est
1624 2666 1662 2697 et
1685 2663 1817 2697 statim

327 2711 520 2755 magister
546 2710 795 2756 designatus.

291 2757 312 2790 9
446 2757 601 2793 Phocas
627 2762 760 2793 autem
782 2758 982 2803 Delphina
1007 2758 1176 2803 patricio
1205 2768 1295 2792 cum
1322 2761 1436 2802 parte
1463 2758 1670 2802 copiarum
1697 2756 1817 2802 Chry-

327 2804 504 2849 sopolim,
533 2815 639 2849 quae
658 2809 717 2840 est
743 2815 764 2841 e
790 2806 959 2849 regione
977 2805 1088 2840 urbis
1106 2806 1256 2851 regiae,
1282 2806 1414 2848 misso,
1442 2805 1527 2850 ipse
1546 2815 1635 2839 cum
1660 2805 1814 2850 reliquo

268 2850 312 2884 10
326 2852 507 2886 exercitu
540 2851 731 2897 Abydum
766 2853 1043 2898 proficiscitur.
1093 2852 1180 2888 Rex
1215 2863 1313 2887 vero
1348 2852 1602 2897 Delphinam,
1642 2862 1730 2886 cum
1764 2852 1815 2887 ad

325 2897 603 2945 Chrysopolim
630 2903 763 2935 castra
789 2901 960 2944 fecisset,
987 2900 1120 2935 subito
1148 2910 1237 2935 cum
1260 2899 1428 2935 Russico
1449 2901 1631 2934 exercitu
1649 2900 1815 2935 adortus
