1968 3302
271 222 317 259 78
646 218 827 259 ZONAR.
854 218 987 258 EPIT.
1012 217 1108 257 XIII
1136 220 1191 265 16,
1220 218 1370 256 17-32.

264 343 472 390 Ἰσαάκιος
503 341 575 398 ἐφ’
605 345 720 398 ἵππῳ
753 344 870 397 αὐτῷ
901 343 1086 397 ἐντυχών
1116 341 1353 388 “ἀπόὸος”
1381 343 1463 397 ἔφη
1485 341 1596 389 “τὰς
1617 342 1818 398 ἓκκλη-Ι)
1837 350 1896 387 III

271 412 361 457 σίας
391 416 476 458 τοῖς
507 412 771 464 ὃρθοόόξοις,
817 410 854 452 ὦ
886 411 1067 465 βασιλεῦ,
1105 410 1176 451 καὶ
1207 411 1293 452 ἴσθι
1325 411 1387 456 ὡς
1419 411 1635 466 ἐπανήξεις
1663 427 1767 453 νενι-

269 480 434 534 κηκώς·
479 481 516 521 εἰ
553 480 598 521 δὲ
637 479 742 521 κατὰ
783 480 888 520 θεοῦ
926 479 1139 533 στρατεύῃ,
1184 479 1263 519 οὗκ
1308 480 1524 534 ἐπανήξεις
1566 480 1769 522 ἓκεῖθεν.”

212 556 256 590 18
271 549 462 603 ὠργίσθη
496 548 561 589 ἐπὶ
592 548 751 593 τούτοις
783 548 806 589 ὁ
840 548 1161 601 δυσσεβέστατος
1186 547 1376 601 βασιλεὺς
1397 547 1468 589 καὶ
1489 548 1768 602 φρουρεῖσθαι

212 624 256 658 19
269 617 507 670 προστάττει
544 616 616 657 τὸν
655 617 784 669 ἅγιον,
830 616 914 661 ἕως
953 616 1272 657 ἕπανελεύσεται.
1335 617 1359 658 ὁ
1392 617 1437 658 δὲ
1474 617 1548 658 “εἶ
1572 614 1625 658 σὺ
1661 617 1804 661 ὕπο-5

211 693 258 727 20
271 685 497 738 στρέψεις”
528 685 609 738 ἔφη
643 684 731 724 “οῦ
763 683 985 738 λελάληκεν
1016 685 1060 725 ἒν
1089 684 1182 738 ἐμοὶ
1204 685 1228 725 ὁ
1250 684 1399 731 θεός”.
1461 685 1532 726 καὶ
1554 685 1597 726 ἓν
1619 685 1769 739 ὀνείρῳ

272 754 316 794 δὲ
349 754 553 794 ἐθεάσατο
586 753 609 793 ὁ
647 752 816 806 Οὐάλης
847 753 981 806 ἄνδρα
1013 753 1100 794 τινιὶ
1133 754 1302 807 λέγοντα
1336 754 1470 807 αὐτῷ·

220 829 255 863 D
484 822 610 875 τάχος
641 820 786 875 βάδιζε
815 820 924 875 πρὸς
956 821 1156 875 111ίμαντα
1188 821 1260 863 τὸν
1290 823 1436 876 μέγαν,

485 890 590 931 ἔνθα
621 889 759 943 μόρος
790 905 835 930 σε
867 889 999 935 δεινὸς
1033 891 1221 944 ἁρπάζει,
1254 891 1392 932 τάλαν.

210 967 254 1001 21
272 958 524 1004 ὃιυπνισθεὶς
556 957 632 999 οὖν
665 959 922 999 ἐπυνθάνετο
953 959 1011 1004 τίς
1042 960 1093 1000 ἂν
1125 960 1184 1013 εἴη
1219 960 1243 1000 ὁ
1276 960 1434 1014 [Μίμας.
1496 960 1570 1001 καί
1597 976 1655 1006 τις
1685 963 1770 1001 τῶν
1786 970 1831 1005 10

270 1027 407 1081 λόγοις
439 1027 732 1081 ἒσχολακότων
767 1026 958 1081 (τοιοῦτοι
991 1027 1070 1082 γὰρ
1101 1032 1186 1073 τοῖς
1214 1028 1423 1082 βασιλεῦσι
1445 1029 1768 1083 συμπαρωμάρ-

268 1112 368 1137 ‘rom'
398 1112 439 1137 τε
470 1096 541 1137 καὶ
573 1096 801 1149 ᾠκείωντο,
835 1096 897 1142 ὡς
928 1097 1016 1137 εἴθε
1047 1096 1117 1137 καὶ
1148 1096 1238 1150 νῦν)
1273 1098 1354 1151 ἔφη
1388 1097 1505 1150 αὐτῷ
1537 1097 1639 1151 ὄρος
1669 1097 1770 1139 εἶναι

211 1172 256 1207 22
269 1169 341 1219 τῆς
367 1164 506 1210 Ἄσίας
544 1164 617 1206 τὸν
650 1165 848 1218 λ’[ίμαντα
888 1165 997 1218 πρὸς
1035 1170 1084 1219 τῇ
1123 1165 1315 1220 θαλάσσῃ
1355 1166 1558 1220 κείμενον.
1620 1166 1768 1208 τούτου

272 1233 316 1275 δὲ
353 1233 424 1274 καὶ
461 1233 533 1274 τὸν
562 1232 757 1287 ’Όμηρον
797 1234 840 1274 ἒν
879 1231 1098 1287 Ὀδυσσείᾳ
1137 1234 1378 1288 μεμνῆσθαι
1417 1234 1586 1288 λέγοντα
1630 1231 1766 1289 “παρ’

211 1310 258 1346 23
271 1301 496 1357 ἠνεμόεντα
534 1301 786 1356 ΆΙίμαντα”.
849 1302 920 1343 καὶ
959 1304 1006 1348 ὃς
1045 1304 1127 1357 ἔφη
1166 1303 1260 1348 “vig
1300 1302 1376 1344 οὖν
1411 1319 1484 1357 μοι
1522 1303 1682 1358 ἀνάγκη
1721 1303 1767 1344 τὸ
1784 1312 1828 1347 15

211 1379 257 1413 24
272 1372 373 1425 ὅρος
403 1375 525 1412 τοῦτο
557 1371 806 1425 καταλαβεῖν
836 1372 1003 1412 κάκεῖσε
1034 1372 1236 1421 θανεῖν,·”
1275 1372 1524 1425 στρατεύσας
1556 1371 1632 1413 οὗν
1662 1371 1768 1413 κατὰ

270 1440 464 1482 Σκυθῶν
485 1440 555 1481 καὶ
575 1440 669 1493 περὶ
690 1440 764 1494 τὴν
791 1436 966 1494 Θρᾴκην
988 1441 1128 1486 αὐτοῖς
1150 1440 1380 1495 συμβαλὼν
1401 1441 1588 1495 αἰσχρῶς
1609 1441 1767 1495 ἡττήθη

270 1509 341 1551 καὶ
373 1509 546 1563 φεύγων
581 1509 624 1549 ἒν
664 1509 857 1563 οἰκήματι
895 1509 1194 1563 κατεκρύφθη·
1234 1506 1334 1563 παρ’
1368 1507 1406 1562 ᾧ
1443 1509 1672 1564 ἄχυρώόης
1703 1525 1768 1550 σε-

211 1585 257 1621 25
271 1579 460 1632 σώρευτο
492 1577 710 1631 συρφετός.
774 1581 858 1618 τῶν
880 1576 956 1618 οῗνν
978 1577 1170 1618 Σκυθῶν
1193 1577 1303 1631 μετὰ
1328 1578 1402 1632 τὴν
1435 1576 1556 1631 ἧτταν
1587 1581 1660 1619 τοῦ
1691 1579 1769 1633 βα-

345 1717 364 1751 1
391 1716 448 1762 ἐφ’
475 1717 572 1761 ἵππῳ
598 1715 746 1762 Apr,
773 1717 918 1762 ε’ῳίππῳ
944 1715 1038 1752 DDz'
1112 1718 1134 1752 6
1158 1718 1227 1762 ἔφη
1246 1716 1393 1762 Apr‚
1420 1716 1514 1752 εἶπεν
1530 1716 1561 1751 Β
1635 1718 1657 1754 7
1684 1716 1716 1752 δ’
1739 1716 1770 1752 Ε

390 1766 410 1799 ὁ
436 1775 511 1800 om.
539 1765 569 1799 E
687 1765 710 1800 8
736 1765 844 1810 μέγαν
871 1764 1039 1810 prDc',
1064 1767 1152 1810 μέγα
1178 1764 1213 1799 Α
1332 1765 1354 1799 9
1382 1763 1482 1808 ἔνθᾶ]
1512 1776 1549 1800 v.
1576 1764 1769 1810 Wagneri

345 1816 499 1858 quaest.
515 1812 565 1847 de
580 1813 709 1858 epigr.
724 1823 861 1858 graec.
877 1816 949 1847 cet.
969 1812 1077 1858 Lips.
1095 1813 1186 1848 1883
1212 1824 1248 1858 p.
1261 1813 1305 1848 61
1392 1812 1537 1857 ἁρπάξει
1553 1813 1595 1855 Β,
1621 1813 1770 1858 ἁρπάσει

345 1860 460 1896 Cedr.
486 1859 506 1895 Ῑ
531 1871 568 1906 p.
591 1861 672 1904 549,
700 1861 722 1895 9
833 1860 878 1895 12
904 1861 1072 1905 ᾠκειόντο
1100 1859 1148 1906 pss
1256 1861 1305 1899 ὡς
1330 1861 1406 1895 εἴθε
1431 1861 1491 1897 καὶ
1516 1866 1579 1896 νῦν
1604 1870 1679 1896 om.
1706 1859 1770 1896 BC

344 1908 390 1943 14
408 1907 606 1953 Ὀδυσσείᾳ]
633 1909 662 1954 γ’
685 1908 754 1945 172
841 1908 884 1943 15
908 1908 1098 1954 ἠνεμόεντα
1126 1908 1212 1953 (Sic)
1241 1908 1285 1953 A,
1320 1909 1513 1954 ἠνομόεντα
1539 1908 1568 1944 C
1643 1908 1698 1944 15.
1728 1908 1771 1943 16

344 1961 444 1992 τοῦτο
461 1956 500 1992 τὸ
517 1957 599 2001 ὅρος
617 1955 648 1990 Β
724 1957 768 1992 16
794 1956 986 1991 ἀποθανεῖν
1004 1956 1040 1991 Ι)
1116 1957 1160 1992 17
1187 1960 1280 1992 ante
1300 1957 1451 1992 σκυθῶν
1473 1956 1565 1992 add.
1584 1961 1654 1992 τῶν
1671 1955 1770 2002 pr

269 2085 451 2122 Isaaeius
486 2086 522 2121 ei
562 2089 702 2121 contra
741 2086 828 2122 illos
867 2087 1137 2132 proficiscenti
1177 2097 1281 2132 equo
1323 2095 1540 2122 occurrens
1571 2083 1773 2120 “Redde''

268 2134 399 2180 inquit
435 2134 658 2169 “ecclesias
698 2134 934 2170 orthodoxis
971 2145 992 2170 o
1028 2145 1101 2169 rex
1134 2137 1173 2170 et
1205 2135 1303 2169 seito
1345 2138 1384 2169 te
1423 2133 1648 2169 rediturum
1683 2142 1771 2168 esse

269 2182 486 2227 victorem3
532 2182 594 2217 sin
631 2192 730 2217 vero
771 2185 912 2218 contra
951 2182 1070 2217 deum
1115 2182 1381 2227 proficiscere,
1426 2192 1508 2217 non
1552 2181 1771 2216 reverteris

210 2229 418 2268 18i11inc”.
481 2229 553 2264 His
591 2230 728 2265 verbis
765 2230 893 2265 iratus
930 2230 1190 2276 impiissimus
1223 2230 1289 2265 ille
1322 2240 1395 2265 rex
1431 2229 1624 2264 custodiri
1659 2228 1772 2263 iubet

211 2280 256 2315 19
269 2278 400 2313 virum
428 2280 625 2320 sanctum,
652 2277 782 2313 donec
808 2278 984 2313 redierit.
1036 2278 1138 2312 Tum
1166 2278 1247 2313 ille:
1278 2278 1300 2290 ‘⁸
1310 2277 1350 2313 Si
1376 2281 1421 2312 tu
1447 2275 1693 2312 reverteris”
1715 2277 1771 2310 in-

209 2328 256 2363 20
270 2326 358 2371 quit
394 2326 507 2361 “non
545 2325 705 2360 loeutus
744 2329 803 2361 est
841 2327 880 2360 in
920 2336 984 2361 me
1025 2325 1164 2361 deus’'.
1229 2325 1363 2370 Atque
1401 2326 1441 2359 in
1482 2324 1630 2360 somnis
1670 2323 1772 2358 vidit

269 2373 418 2409 Valens
445 2373 579 2408 virum
606 2373 680 2408 sibi
709 2373 929 2409 dicentem:

484 2420 604 2456 Miser
629 2421 683 2456 ad
709 2421 902 2456 Mimanta
929 2431 1123 2467 magnum
1150 2422 1225 2456 iter
1252 2422 1452 2466 capessito

485 2468 615 2504 Citus:
641 2469 706 2504 hic
731 2472 771 2504 te
797 2479 948 2505 saevae
973 2471 1113 2504 mortis
1141 2470 1340 2514 opprimet
1367 2468 1491 2504 dolor.

209 2519 254 2554 21
270 2517 542 2563 Experrectus
575 2519 848 2562 percontatur,
882 2518 972 2562 quis
1002 2517 1051 2551 sit
1078 2517 1228 2552 Mimas.
1280 2517 1339 2551 Illi
1367 2516 1531 2561 quidam
1557 2516 1620 2551 vir
1646 2516 1686 2550 in
1713 2515 1770 2550 lit·

270 2566 365 2601 teris
391 2569 579 2600 versatus
606 2563 714 2609 (nam
741 2565 840 2600 tales
867 2569 983 2600 erant
1008 2565 1049 2598 in
1076 2565 1190 2610 reg-io
1215 2565 1407 2599 comitatu
1427 2568 1465 2599 et
1485 2564 1768 2607 familiaritate,

269 2614 425 2648 utinam
458 2613 579 2648 etiam
614 2612 756 2657 nunc!)
790 2612 1009 2658 respondet
1042 2622 1130 2647 esse
1156 2615 1332 2647 montem
1359 2611 1480 2646 Asiae
1507 2611 1559 2646 ad
1585 2619 1696 2646 mai-e
1722 2612 1770 2645 si-

210 2661 256 2697 22
270 2664 366 2704 tum,
405 2661 521 2696 cuius
554 2662 594 2694 et
618 2659 820 2695 Homerus
853 2661 895 2695 in
922 2659 1102 2705 Odyssea
1135 2660 1362 2694 meminerit
1389 2670 1436 2694 ae
1464 2663 1676 2694 ventosum
1702 2668 1769 2704 ap-

210 2709 256 2745 23
270 2708 401 2754 pellet.
452 2707 555 2743 Tum
587 2707 652 2742 ille
677 2708 821 2750 “Quae
852 2707 978 2743 mihi’'
1008 2708 1139 2753 inquit
1168 2707 1419 2742 “necessitas
1451 2710 1627 2742 montem
1661 2706 1769 2741 hune

210 2756 257 2792 24
270 2755 488 2801 appetendi
516 2758 555 2790 et
580 2755 660 2790 illic
691 2755 946 2791 moriendi”?
997 2755 1249 2800 congressus
1273 2757 1407 2789 autem
1428 2755 1535 2788 circa
1554 2753 1767 2788 Thraciam

271 2813 363 2838 eum
381 2802 540 2848 Scythis
557 2803 730 2848 turpiter
748 2804 880 2839 victus
899 2807 959 2839 est
976 2806 1015 2838 et
1034 2803 1196 2848 fugiens
1215 2803 1255 2836 in
1280 2802 1397 2837 domo
1426 2802 1613 2846 quadam,
1640 2811 1768 2846 prope

211 2852 257 2888 25
272 2860 393 2896 quam
418 2850 547 2885 aceris
572 2850 800 2886 cumulatus
825 2855 912 2887 erat
937 2851 1101 2896 quidam
1123 2860 1306 2894 acervus,
1337 2860 1380 2885 se
1402 2849 1631 2884 occultavit.
1674 2847 1767 2894 Scy-

269 2899 348 2936 this
385 2898 511 2944 igitur
549 2901 640 2943 post
679 2902 856 2945 stragem
895 2899 1005 2947 regis
1043 2901 1193 2934 terram
1234 2897 1343 2933 illam
1383 2897 1665 2943 diripientibus
1701 2896 1767 2932 do-
