2054 3282
522 254 664 295 VNDE
689 253 792 293 LEO
818 253 873 293 IN
897 250 1149 292 IMAGINES
1174 248 1465 290 SAEVIERIT.
1672 247 1743 287 323

246 380 400 436 μάχων
429 378 678 435 πρεσβεύων
712 377 784 420 καὶ
820 381 893 433 τῆς
930 376 1132 431 αἱρέσεως
1171 373 1376 458 διάπυρος
1413 370 1607 427 ἐραστής)
1655 371 1749 413 οὔτε

248 448 298 491 τὰ
331 449 452 503 δῶρα
482 447 727 502 προσήκατο
758 445 830 488 καὶ
859 444 931 487 τὸν
960 444 1122 487 τούτων
1152 442 1354 498 κομιστὴν
1377 441 1672 495 ἀπεπέμψατο,
1705 440 1751 488 ἐξ
1763 442 1811 479 23

251 517 442 560 εἰδώλων
471 519 765 571 προσκυνητοῢ
795 515 856 570 μή
887 530 923 555 τι
953 513 1094 568 λαβεῖν
1125 511 1348 567 ἀνέχεσθαι
1376 509 1567 566 φάμενος
1588 508 1659 550 καὶ
1679 512 1752 562 τῆς
1765 511 1802 546 D

251 585 459 641 βασιλείας
489 584 560 626 καὶ
589 588 662 638 τῆς
693 584 809 638 ζωῆς
840 581 907 624 διὰ
938 582 1121 637 βραχέος
1149 579 1384 623 ἓπαπειλῶν
1403 582 1466 633 τῷ
1486 577 1648 632 βασιλεῖ
1664 576 1751 618 στέ-

214 659 237 695 5
253 670 385 709 ρησιν,
418 654 456 695 εἰ
471 652 532 708 μὴ
554 656 629 694 τοῦ
649 655 900 706 προσκυνεῖν
920 654 1007 697 τοῖς
1027 649 1216 695 εἰδώλοις
1237 647 1476 702 ἀπόσχοιτο,
1506 645 1580 692 τὰς
1601 643 1753 690 σεπτὰς

253 721 419 768 εἰκόνας
450 722 562 763 οὕτω
594 720 750 762 καλῶν.
810 723 938 761 ταῦτα
969 717 1085 772 παρὰ
1116 721 1190 759 τοῦ
1223 716 1470 761 σταλθέντος
1501 713 1753 796 ἀγγελθέντα
1767 717 1815 752 24

251 795 315 844 τῷ
344 789 494 832 Λέοντι
525 789 752 844 ἔμφροντιν
783 787 910 829 αὐτὸν
940 787 1210 841 πεποιήκασι
1248 784 1320 826 καὶ
1350 798 1561 826 κοινουται
1590 781 1640 823 τὰ
1671 797 1753 836 μη-

251 858 430 900 νυθέντα
461 860 547 899 τῶν
578 857 619 898 οῖ
649 856 852 911 συνήθων
883 855 956 897 τινὶ
986 860 1048 909 τῷ
1069 854 1325 909 Μελισσηνῷ
1347 851 1560 905 Θεοδότῳ,
1592 851 1640 896 ὃς
1669 853 1755 895 τοῖς

41 931 79 968 D
95 926 544 980 Π1382εῑκονομάχοις
582 925 827 979 αἱρεσιώτης
866 923 1087 978 ἐτύγχανεν
1126 923 1200 964 ὤν.
1265 921 1380 976 δόλῳ
1419 921 1556 962 τοίνυν
1598 919 1756 964 ἐκεῖνος
1768 923 1814 958 25

194 1002 241 1038 10
252 994 324 1036 τὸν
345 994 507 1036 Λέοντα
527 994 678 1048 μέτεισι
700 993 775 1034 καί
791 1007 878 1034 τινα
899 991 1091 1046 μοναχὸν
1112 992 1251 1045 ἑαυτῷ·
1275 990 1496 1044 γινώσκων
1527 987 1754 1042 ὁμόδοξον,

252 1062 390 1117 τούτῳ
421 1061 695 1116 συνεβούλευε
726 1060 1015 1102 κοινώσασθαι
1045 1059 1120 1114 τὴν
1140 1059 1355 1107 ὑπόθεσιν,
1387 1057 1458 1099 καὶ
1479 1058 1503 1098 ὃ
1525 1057 1577 1097 ἂν
1598 1056 1756 1101 ἐκεῖνος

250 1131 475 1186 ὑπόθηται,
507 1133 629 1171 τοῦτο
660 1133 847 1184 ποιῆσαι·
881 1128 982 1170 εἶναι
1014 1128 1094 1183 γὰρ
1125 1127 1197 1170 τὸν
1228 1127 1362 1181 ἄνδρα
1393 1124 1545 1180 μεστὸν
1571 1123 1755 1179 χαρίτων
1768 1129 1815 1165 26

250 1201 544 1254 πνευματικῶν
574 1198 646 1239 καὶ
675 1200 931 1252 προορῶντα
962 1197 1012 1238 τὰ
1042 1197 1244 1252 μέλλοντα
1267 1195 1339 1237 καὶ
1359 1194 1630 1249 προλέγοντα.
1693 1191 1756 1238 ὡς
1769 1197 1814 1233 27

252 1266 329 1309 οὖν
360 1266 442 1309 εἶδε
472 1266 544 1309 τὸν
573 1266 744 1321 βασιλέα
777 1266 1035 1321 συνθέμενον
1056 1269 1141 1312 τοῖς
1161 1264 1299 1319 λόγοις
1320 1263 1462 1311 αὐτοῦ,
1494 1262 1627 1303 ἄπεισι
1647 1259 1756 1314 πρὸς

192 1345 237 1380 15
251 1335 324 1378 τὸν
352 1334 543 1390 μοναχὸν
564 1334 588 1376 ὁ
610 1333 821 1381 Θεόδοτος
851 1334 922 1376 καὶ
953 1334 1144 1389 προλέγει
1176 1333 1295 1388 αὐτῷ
1324 1331 1399 1386 τὴν
1430 1331 1492 1377 ὡς
1523 1329 1650 1371 αὐτὸν
1680 1332 1754 1370 τοῦ
1771 1333 1968 1370 Ρ1ῐ13οΛ

251 1404 544 1459 βασιλεύοντος
580 1403 624 1444 ἐν
663 1402 833 1444 ἰδιώτου
872 1403 1051 1458 σχήματι
1082 1403 1222 1457 ἄφιξιν
1253 1400 1324 1442 καὶ
1355 1400 1453 1442 ὅτου
1486 1399 1608 1453 χάριν
1639 1397 1751 1439 έλεύ-

252 1489 362 1516 σεται
392 1471 464 1515 καὶ
493 1474 763 1527 μυσταγωγεῖ
788 1475 935 1513 τοῦτον
966 1471 1044 1513 ὅσα
1076 1476 1138 1526 τῷ
1173 1469 1335 1525 βασιλεῖ
1369 1467 1606 1516 διαλέξεται.
1668 1464 1751 1507 εἶτα
1766 1471 1813 1506 28

249 1540 401 1588 νυκτὸς
430 1541 589 1583 ἄπεισιν
610 1540 634 1581 ὁ
656 1539 848 1594 βασιλεὺς
878 1539 987 1595 πρὸς
1017 1539 1088 1582 τὸν
1118 1537 1310 1594 μοναχὸν
1339 1534 1751 1592 μεταμφιασάμενος,

0 0 254 195 ι

0 391 51 655 ξ

0 1673 20 1743 ἕ
251 1689 275 1724 6
305 1702 386 1733 περι
420 1692 480 1723 τοῦ
514 1688 742 1733 Μελισσηνοῢ
779 1689 984 1734 (μελισηνοῦ
1010 1688 1055 1730 Ε)
1097 1687 1272 1724 Θεοδότου
1305 1699 1365 1722 και
1398 1686 1494 1723 ὅπως
1529 1683 1587 1718 τὸν
1618 1682 1752 1718 Λέοντα

252 1736 410 1782 ἠπάτησε
434 1734 524 1771 κατὰ
547 1740 619 1771 τῶν
645 1736 755 1781 ἁγίων
779 1737 931 1772 εἰκόνων
955 1737 1117 1782 λυττῆσαι
1145 1735 1208 1772 ΟΕ
1343 1734 1388 1769 13
1413 1734 1479 1778 ὅρα
1503 1732 1614 1767 πόσον
1639 1731 1660 1765 ὅ
1683 1731 1753 1766 Σα-

253 1783 355 1823 τανὰς
381 1784 466 1829 (sic)
493 1784 604 1828 ἰσχύει
631 1783 661 1818 Β

329 1927 348 1962 1
375 1925 567 1962 σπουδαστ
551 1941 594 1972 ης
611 1926 708 1973 pr
782 1926 805 1962 2
830 1925 952 1972 τὸν]
919 1940 960 1972 τη
963 1940 982 1961 ν
999 1925 1211 1972 typotheta
1229 1924 1341 1972 apud
1359 1924 1416 1961 Di
1489 1924 1513 1960 4
1536 1923 1699 1970 βραχέως
1722 1921 1753 1958 Ε

373 1974 514 2020 βασιλεῖ
533 1973 602 2010 ΑΕ
628 1938 744 2011 Cedr.
770 1973 961 2034 (Seglitz.)
988 1973 1026 2009 ῙῙ
1053 1985 1090 2019 p.
1116 1973 1172 2018 54,
1200 1973 1257 2018 23,
1282 1973 1392 2008 λέοντι
1420 1972 1518 2018 pr
1629 1971 1651 2006 6
1677 1984 1754 2006 στα-

326 2022 442 2061 λέντος
466 2021 689 2068 BCEwpDi
777 2022 799 2058 7
825 2021 921 2058 αὐτῶ
948 2021 979 2057 Ε
1064 2022 1087 2056 8
1112 2026 1182 2056 τῶν
1207 2022 1244 2056 οἶ
1267 2040 1311 2046 -
1337 2021 1360 2056 9
1385 2020 1592 2066 αιρεσιώτης
1619 2030 1694 2055 om.
1722 2018 1754 2054 E

326 2118 350 2153 8
374 2118 411 2153 οἱ
434 2127 509 2153 om.
537 2116 634 2163 pr
745 2117 790 2152 12
814 2117 984 2153 ὑπόθοιτο
1011 2116 1108 2163 pr
1221 2116 1266 2152 14
1289 2116 1433 2162 βασιλέα
1457 2115 1538 2160 AR,
1562 2066 1752 2158 ξὲἔύέέαθ,

326 2165 445 2201 λέοντα
462 2165 606 2211 βασιλέα
632 2164 765 2211 wpDi,
792 2165 1053 2211 imperatore:
1085 2165 1153 2201 Wo
1171 2164 1237 2199 lat.
1258 2165 1403 2200 omisso
1423 2163 1572 2199 Leonis
1590 2163 1754 2198 nomine

328 2213 373 2248 16
398 2212 495 2257 αὐτῷ
520 2218 571 2258 τῷ
598 2212 645 2256 D,
672 2212 815 2248 ἰδιώτου
842 2222 943 2248 corr.
969 2211 1039 2250 Dw

256 2358 416 2415 bantur,
443 2357 606 2394 dimisso
633 2356 838 2402 professus
866 2358 926 2391 est
952 2365 995 2390 se
1021 2365 1045 2390 a
1071 2355 1378 2390 εἰσιιιὶαοιοιίιῐῐι
1409 2354 1626 2390 adoratore
1658 2353 1753 2388 nihil
1769 2353 1815 2389 23

257 2406 455 2452 accipere,
481 2405 567 2451 regi
593 2406 633 2439 et
658 2404 774 2449 regni
801 2407 842 2438 et
870 2403 975 2438 vitae
1002 2403 1196 2438 iacturam
1224 2403 1339 2438 brevi
1366 2402 1641 2444 comminatus,
1679 2402 1756 2436 nisi

257 2454 496 2490 adoratione
511 2452 816 2489 simulacrorum
832 2452 904 2492 (sic
915 2451 1020 2486 enim
1034 2450 1310 2486 venerandas
1302 2450 1499 2495 imagines
1510 2449 1756 2505 appellabat)

258 2501 490 2537 abstineret.
523 2500 637 2536 Haec
654 2500 840 2535 nuntiata
859 2498 1069 2533 sollicitum
1089 2498 1279 2533 reddidei
1281 2502 1354 2533 unt
1369 2497 1564 2542 Leonem3
1582 2507 1665 2532 rem
1685 2497 1756 2543 igi·
1769 2496 1816 2532 24

258 2552 325 2585 tur
342 2558 433 2584 cum
459 2548 636 2594 quodam
653 2557 703 2583 ex
724 2546 989 2581 familimibus
1007 2545 1217 2581 Theodoto
1237 2545 1448 2581 Melisseno
1476 2524 1755 2588 communicat,

259 2597 329 2642 qui
347 2595 700 2651 oppugnatoribus
718 2594 939 2640 imaginum
959 2593 1160 2629 studebat.
1195 2593 1265 2628 Illo
1284 2592 1461 2628 Leonem
1481 2592 1572 2628 dolo
1592 2602 1757 2638 aggies-
1769 2592 1816 2628 25

260 2653 328 2679 sus
341 2648 488 2688 monet,
502 2646 547 2679 ut
560 2643 769 2689 negotium
786 2651 874 2677 cum
888 2641 1062 2687 quodam
1075 2641 1284 2685 monacho
1299 2651 1418 2686 quem
1430 2640 1606 2675 eiusdem
1620 2649 1756 2675 secum

259 2691 476 2774 opinionis
479 2700 566 2727 esse
592 2695 721 2734 norat,
748 2689 1015 2725 communicet
1033 2693 1072 2724 et
1099 2698 1205 2734 quae
1224 2689 1288 2723 iile
1306 2689 1480 2724 suaserit
1497 2691 1756 2733 exsequatur.

296 2739 398 2774 irum
414 2739 518 2774 enim
535 2738 696 2784 plenum
712 2747 800 2773 esse
815 2737 949 2782 gratia
963 2737 1046 2782 spii
1050 2737 1128 2771 itus
1143 2746 1190 2771 ae
1205 2746 1269 2771 res
1286 2736 1444 2771 futuras
1459 2738 1499 2771 et
1518 2734 1757 2781 praevidere.
1770 2734 1817 2770 26

261 2789 301 2822 «t
321 2786 567 2832 praedicere.
611 2785 767 2828 Quibus
793 2785 928 2820 verbis
955 2795 1053 2829 rege
1080 2793 1243 2819 assenso
1263 2783 1497 2818 Theodotus
1515 2782 1756 2818 monachum
1771 2782 1817 2818 27

262 2834 463 2878 convenit,
488 2842 627 2879 regem
655 2832 796 2868 habitu
821 2832 968 2878 privati
1000 2832 1170 2866 hominis
1205 2831 1256 2866 ad
1294 2841 1386 2866 eum
1420 2833 1637 2866 ventulum
1670 2839 1757 2866 esse

262 2884 302 2917 et
325 2891 407 2927 qua
424 2881 558 2927 gratia
583 2881 634 2915 sit
660 2883 856 2915 venturus
883 2879 1045 2923 indicat,
1073 2889 1259 2924 quaeque
1287 2888 1376 2914 cum
1403 2888 1502 2924 rege
1528 2878 1607 2914 sint
1639 2878 1758 2913 disse-

263 2928 390 2965 renda
421 2938 513 2966 eum
546 2928 673 2965 docet.
723 2926 810 2964 Rex
842 2930 965 2963 noctu
993 2926 1045 2962 ad
1071 2926 1312 2962 monachum
1339 2926 1423 2961 abit
1453 2929 1608 2962 mutata
1635 2929 1758 2971 veste,
1772 2925 1819 2962 28
