2054 3282
349 256 419 290 ‘230
741 255 921 292 ZONAR.
952 255 1080 291 EPJ'F.
1108 255 1197 291 XIV
1226 255 1281 299 92,
1312 255 1460 291 10—26.

292 381 329 414 ll
348 376 499 422 αὐτοὺς
531 378 698 418 ἐκάλεσε
723 378 971 431 περιούσιον.
1034 377 1096 422 οἷς
1128 377 1322 430 γεγηθώς
1353 392 1394 417 τε
1425 377 1495 418 καὶ
1525 378 1744 424 πεποιθὼς
1775 379 1846 420 καὶ

347 446 419 492 τὰς
450 445 558 499 πρὸς
589 445 685 491 τοὺς
707 445 894 499 Ἄραβας
934 445 1153 498 συνθήκας
1189 445 1432 498 παρέλυσεν,
1479 446 1610 487 αἰτίαν
1653 447 1846 502 ἐσχηκὼς

349 515 409 556 ὅτι
446 515 588 556 σταλὲν
625 515 671 556 τὸ
710 518 781 555 τοῦ
815 514 978 567 ἕτησίου
1011 513 1150 567 φόρου
1183 514 1381 567 χάραγμα
1415 515 1466 555 οὗ
1497 514 1734 569 Ῥωμαικὸν
1765 516 1846 571 εἶχε

231 586 260 622 C
291 586 334 620 12
349 583 606 638 σφράγισμα,
640 582 741 623 ἀλλὰ
764 583 858 623 νέον
877 581 1084 636 Ἀράβιον.
1147 582 1246 623 οῦδὲ
1276 582 1354 636 γὰρ
1377 583 1474 637 ἐξῆν
1495 583 1539 624 ἐν
1560 589 1708 638 χρυσῷ
1728 586 1845 639 νομί-

350 668 471 706 σματι
502 656 747 706 χαρακτῆρα
780 651 920 704 ἕτερον
952 651 1230 691 ἕντυποῦσθάι
1263 653 1287 705 ἢ
1320 650 1391 692 τὸν
1422 656 1494 693 τοῦ
1519 652 1724 706 βασιλέως
1744 653 1882 695 Ῥω-ἕ)

294 722 498 775 13μαίων.
562 720 825 774 ἐστράτευσεν
857 718 933 761 οὖν
964 716 1053 760 κατ’
1089 719 1229 760 αὐτῶν
1261 720 1311 760 οὐ
1335 724 1534 762 τοσοῦτον
1560 725 1647 767 ταῖς
1668 721 1897 776 Ῥωμαϊ-Ι)
1916 726 2054 762 111322

349 794 442 835 καῒς
474 789 684 836 συντάξεσι
715 788 995 842 τεθαρρηκὼς
1027 788 1127 829 ὅσον
1156 792 1217 841 τῷ
1248 789 1331 842 νέῳ
1363 789 1498 843 τούτῳ
1530 789 1600 830 καὶ
1621 791 1848 845 περιουσίῳ

293 860 336 895 14
348 858 451 911 λαῷ.
513 861 598 898 τῶν
630 857 675 898 δὲ
701 857 897 911 Ἀράβων
928 856 1000 902 τὰς
1032 857 1216 903 σπονδὰς
1253 858 1513 911 αἰτουμένων
1549 859 1608 913 μὴ
1650 859 1849 914 ἀθετῆσαι

349 925 458 980 μηδὲ
495 924 567 971 τὰς
605 926 844 979 ἐγγράφους
883 926 1124 980 παραβῆναι
1161 927 1380 980 συνθήκας
1418 927 1489 968 καὶ
1525 927 1596 968 τὸν
1627 927 1730 969 θεὸν
1761 929 1847 969 εἴπι-

349 994 698 1047 ,ιιαρτυρομένωῃ
737 995 784 1040 ὃς
813 994 943 1048 μέσος
973 994 1268 1048 παραληφθεὶς
1300 994 1428 1041 αὐτας
1459 996 1746 1049 ἒμπεπέδωκε,
1779 997 1849 1038 καὶ
1865 1001 1911 1036 10

351 1061 572 1117 ἐκδικητὴν
604 1063 849 1104 καλούντων
880 1062 1007 1104 αὐτὸν
1038 1063 1143 1104 κατὰ
1176 1066 1261 1104 τῶν
1284 1068 1356 1118 τῆς
1376 1064 1517 1118 μάχης
1539 1065 1691 1113 αἰτίων,
1724 1066 1748 1106 ὁ
1771 1067 1848 1120 βα-

294 1135 337 1170 15
351 1130 483 1176 σιλεὶνς
519 1130 567 1171 τὰ
606 1129 694 1172 ὦτα
732 1131 840 1186 πρὸς
876 1136 1001 1173 ταῦτα
1040 1132 1173 1186 β’ύσας
1204 1131 1311 1186 πρὸς
1341 1133 1483 1187 μάχην
1514 1133 1748 1187 ἡτοίμαστο.
1812 1135 1851 1175 οἱ

353 1203 453 1252 γοῦν
475 1199 655 1255 Ἄραβες
687 1200 830 1253 δόρατι
861 1200 907 1242 τὸ
938 1204 1024 1242 τῶν
1056 1201 1253 1242 σπονδῶν
1289 1202 1600 1256 προσδήσαντες
1637 1203 1851 1257 ἔγγραφον

301 1268 422 1309 Βκαὶ
465 1268 609 1322 ὥσπερ
654 1269 837 1324 σημαίαν
880 1271 1053 1323 ἄραντες
1096 1273 1217 1311 τοῦτο
1260 1274 1334 1311 τοῦ
1379 1274 1503 1324 σφῶν
1547 1271 1852 1325 στρατεύματος

295 1342 338 1376 16
350 1337 678 1392 προερχόμενον,
713 1339 1014 1392 συρρήγνυνται
1044 1343 1128 1384 τοῖς
1149 1338 1386 1393 Ῥωμαίοις·
1419 1339 1489 1380 καὶ
1521 1340 1667 1381 αὐτίκα
1699 1340 1746 1381 ἐκ
1777 1345 1851 1382 τοῦ
1869 1344 1913 1380 15

157 1410 338 1446 W11176
351 1407 591 1459 περιουσίου
623 1406 728 1448 λαοῦ
761 1407 805 1447 αἱ
835 1408 963 1448 εἴκοσι
994 1407 1172 1461 χιλιάδες
1202 1407 1311 1460 πρὸς
1342 1407 1436 1453 τοὺς
1450 1407 1637 1462 Ἄραβας
1668 1409 1850 1463 ηὐτομό-

351 1474 494 1529 λησαν,
527 1476 551 1516 ὃ
582 1479 667 1521 τοῖς
687 1475 908 1529 Ῥωμαίοις
941 1476 1089 1522 δειλίας
1121 1477 1288 1529 γέγονεν
1317 1477 1458 1529 αἴτιον,
1490 1481 1575 1522 τοῖς
1597 1474 1634 1518 δ’
1658 1478 1852 1524 ἐναντίοις

294 1548 338 1585 17
353 1544 474 1598 ἐνῆκε
495 1544 669 1597 θάρσος.
731 1544 803 1585 καὶ
833 1545 1003 1599 ἥττηντο
1034 1544 1112 1598 μὲν
1144 1545 1184 1585 οῖ
1204 1544 1413 1598 Ῥωμαῖοι,
1446 1545 1587 1600 ἡνίκη
1620 1542 1657 1587 δ’
1691 1546 1850 1600 ἐπεμει-

354 1612 420 1653 δία
452 1616 537 1658 τοῖς
559 1611 758 1666 Ἄραψιν·
804 1614 848 1654 οἳ
885 1617 969 1659 τοῖς
1007 1613 1232 1667 φεύγουσιν
1271 1613 1522 1667 ἐφεπόμενοι
1562 1614 1747 1669 ἀνῄρουν
1778 1616 1853 1662 οὓς

353 1680 684 1735 κατελάμβανον,
717 1681 779 1727 ὡς
810 1682 881 1723 καὶ
913 1682 1100 1736 ἀριθμοῦ
1132 1682 1341 1735 κρείττους
1373 1681 1523 1736 σχεδὸν
1555 1682 1602 1723 ἐκ
1633 1685 1719 1723 τῶν
1749 1682 1851 1724 Ῥω-
1867 1688 1914 1722 20

295 1754 340 1788 18
351 1752 522 1803 μαϊκῶν
558 1750 878 1804 στρατευμάτων
914 1754 1061 1792 πεσεῖν.
1124 1751 1310 1804 αἰσχρῶς
1348 1750 1391 1792 δὲ
1425 1750 1646 1805 διαφυγὼν
1679 1751 1704 1792 ὁ
1734 1752 1851 1805 βασι-

425 1866 448 1902 2
472 1867 631 1912 εἰληφὼς
650 1867 747 1913 pr
822 1868 844 1903 3
870 1869 984 1914 φόρου
1002 1868 1177 1913 χάραγμα]
1206 1869 1340 1913 φόρους
1365 1868 1505 1913 άραγμα
1531 1867 1618 1913 (Sic)
1645 1869 1676 1903 Ε
1748 1870 1854 1914 ἔφερε

427 1916 458 1951 Ο
557 1916 579 1950 5
604 1917 722 1960 ἕτερον
750 1926 824 1951 om.
852 1916 936 1961 κνῆ)
964 1916 1101 1951 invitis
1129 1915 1210 1959 Ast,
1242 1916 1378 1951 aliam:
1414 1917 1480 1951 Wo
1499 1916 1564 1951 lat,
1663 1917 1685 1952 9
1709 1917 1853 1962 ἐπιμαρ-

427 1964 650 2008 τυρουμένων
678 1964 772 2009 Ewp
875 1964 917 1999 13
945 1965 1091 2008 δόρατος
1118 1964 1180 1999 BC
1278 1964 1526 2008 ἐξαρτήσαντες
1551 1963 1623 2006 BC,
1649 1964 1864 2009 ἐξαρτύσαν·”

426 2026 481 2050 τες
507 2011 542 2045 D
644 2012 686 2046 16
713 2014 803 2057 post
827 2013 1031 2056 περιουσίου
1058 2012 1149 2046 add.
1174 2012 1311 2046 ἐκείνου
1339 2012 1435 2056 pr
1535 2015 1624 2056 post
1649 2012 1735 2047 λαοῦ
1761 2012 1854 2048 add.

426 2063 497 2094 τῶν
514 2060 723 2105 σθλαβικῶν
750 2059 785 2093 D
818 2061 885 2095 Wo
912 2059 978 2094 lat.
1078 2061 1121 2095 17
1147 2060 1273 2098 δειλίας
1292 2058 1459 2105 prDl',
1489 2070 1563 2094 0111.
1579 2058 1614 2094 A

298 2165 340 2200 11
358 2167 445 2209 bus,
472 2177 572 2212 quos
588 2167 781 2213 populum
807 2167 977 2202 electum
1005 2167 1234 2213 appellavit.
1287 2167 1441 2208 Quibus
1467 2168 1635 2212 gavisus
1662 2171 1701 2202 et
1727 2167 1855 2203 fretus

357 2215 476 2250 etiam
502 2213 722 2250 Arabicum
751 2215 895 2250 foedus
922 2215 1041 2262 rupit,
1078 2225 1202 2250 causa
1231 2225 1281 2250 ex
1309 2225 1356 2250 eo
1384 2218 1554 2260 sumpta,
1594 2215 1703 2260 quod
1730 2216 1854 2250 annui

357 2263 495 2297 tributi
522 2266 684 2298 moneta
710 2273 793 2298 non
818 2262 1044 2298 Romanum
1071 2264 1230 2308 signum
1269 2263 1338 2298 sed
1365 2273 1516 2297 novum
1542 2261 1762 2298 Arabicum
1790 2263 1855 2297 ha-

300 2308 490 2345 12hebat.
553 2310 695 2356 Neque
734 2310 839 2345 enim
879 2321 1004 2346 aureo
1043 2321 1165 2345 numo
1205 2311 1324 2345 aliam
1362 2311 1592 2355 imaginem,
1631 2310 1707 2345 nisi
1745 2311 1854 2356 regis

298 2356 343 2390 13
357 2358 527 2393 Romani
555 2358 728 2404 insculpi
754 2358 816 2393 fas
843 2361 939 2394 erat.
989 2358 1144 2394 Bellum
1171 2358 1296 2404 igitur
1322 2358 1369 2392 iis
1395 2357 1538 2401 intulit,
1566 2367 1647 2392 non
1673 2359 1754 2392 tam
1780 2357 1853 2393 Ro-

300 2403 343 2438 14
355 2406 485 2440 manis
502 2406 733 2452 legionibus
760 2407 899 2450 fretus,
927 2417 1048 2452 quam
1064 2416 1171 2441 novo
1200 2406 1275 2440 isto
1303 2409 1341 2440 et
1368 2406 1494 2440 electo
1510 2405 1671 2450 populo.
1711 2405 1854 2446 Quam—

357 2454 419 2488 vis
445 2454 550 2489 enim
577 2452 734 2488 Arabes
762 2457 935 2498 orarent,
974 2464 1026 2489 ne
1053 2453 1229 2488 indutias
1268 2455 1474 2498 rumperet
1511 2462 1616 2487 neve
1642 2456 1854 2497 pactorum

357 2501 517 2536 tabulas
547 2501 730 2545 violaret,
770 2501 888 2536 deum
916 2501 1115 2544 obtestati,
1157 2501 1271 2536 cuius
1298 2501 1389 2535 illae
1415 2500 1580 2534 numine
1616 2500 1853 2545 interposito

357 2549 619 2584 confirmatae
646 2552 791 2594 essent,
819 2559 993 2594 eumque
1019 2549 1218 2583 vindicem
1257 2551 1451 2582 vocarent
1486 2550 1626 2582 contra
1666 2557 1746 2590 eos,
1785 2548 1854 2593 qui

358 2606 524 2642 pugnae
551 2606 715 2632 causam
742 2597 996 2642 praeberent,
1036 2606 1110 2632 rex
1138 2596 1336 2631 obturatis
1375 2596 1542 2630 auribus
1581 2595 1633 2629 ad
1672 2605 1853 2641 pugnam

302 2642 343 2677 15
359 2644 577 2679 ferebatur.
627 2643 784 2680 Arabes
821 2644 947 2690 igitur
972 2644 1220 2679 indutiarum
1259 2643 1405 2678 tabulis
1433 2642 1548 2677 hasta
1574 2644 1780 2688 suspensis
1806 2653 1853 2678 ac

359 2691 495 2726 vexilli
524 2692 652 2727 instar
678 2695 772 2727 ante
799 2702 915 2727 suum
943 2692 1166 2727 exereitum
1191 2690 1306 2726 elatis
1339 2700 1429 2725 cum
1457 2690 1647 2725 Romanis
1687 2700 1854 2726 cono-re-

300 2738 343 2771 16
359 2738 535 2774 diuntur.
586 2739 727 2776 Statim
754 2743 889 2774 autem
916 2739 1061 2785 viginti
1087 2739 1196 2774 milia
1223 2738 1338 2773 electi
1371 2738 1475 2773 illius
1508 2738 1647 2783 populi
1680 2737 1732 2772 ad
1757 2719 1854 2772 Kra-

358 2786 429 2821 bes
468 2786 721 2831 defecerunt,
766 2797 871 2832 quae
909 2797 974 2822 res
1012 2786 1203 2822 Romanis
1244 2786 1398 2820 animos
1436 2786 1580 2820 minuit
1618 2785 1855 2830 clademque

301 2833 343 2868 17
358 2833 501 2877 attulit,
531 2833 736 2870 Arabibus
763 2835 879 2870 auxit
905 2845 953 2869 ac
979 2835 1175 2870 victoriae
1204 2843 1327 2869 causa
1361 2834 1448 2868 fuit.
1498 2833 1700 2868 Romanos
1730 2833 1855 2878 igitur

358 2882 569 2926 persecuti,
594 2892 859 2927 quoscunque
878 2881 1045 2927 adipisci
1061 2884 1258 2927 poterant,
1277 2881 1472 2916 tollebant
1487 2891 1535 2915 ac
1553 2881 1638 2916 fere
1655 2881 1855 2915 innumeri

301 2928 344 2963 18
360 2939 410 2963 ex
453 2928 682 2974 legionibus
714 2929 905 2964 Romanis
944 2929 1188 2965 ceciderunt.
1239 2929 1329 2974 Ipse
1367 2939 1436 2964 rex
1479 2929 1585 2974 turpi
1625 2929 1724 2973 suga
1764 2937 1855 2962 cum
