2054 3282
441 228 708 269 CONSTANS
734 231 782 267 II.
810 228 1124 268 IMPERATOR.
1173 227 1423 266 AGARENI.
1604 228 1675 265 219

178 353 423 409 δηλωτικόν,
455 354 601 408 “ἆ’λλῳ
632 353 708 400 θὲς
737 353 812 408 τὴν
832 353 987 408 νίκην”
1011 352 1183 408 δηλοῦν·
1216 353 1241 394 ὃ
1261 351 1334 394 καὶ
1354 352 1510 406 γέγονε.
1572 366 1673 393 ναυ-
1689 354 1734 391 12

175 423 331 477 μαχίας
363 421 443 477 γὰρ
474 422 701 477 γενομένης
730 422 962 477 ὑπερέσχον
993 422 1034 463 οἱ
1063 420 1339 475 ἀντιπόλεμοι,
1376 420 1446 462 καὶ
1477 423 1676 466 τοσοῦτος

177 492 320 546 γέγονε
350 491 484 546 φόνος
499 490 724 545 Ῥωμαίων
745 491 807 537 ὡς
838 491 885 532 ἒκ
915 494 990 533 τοῦ
1021 491 1196 545 αἵματος
1225 489 1570 544 πορφυρωθῆναι
1601 487 1676 543 τὴν

175 560 409 602 θάλασσαν.
471 560 496 602 ὁ
528 559 574 601 δὲ
603 558 795 614 βασιλεὺς
825 560 982 614 ἐσθῆτα
1014 559 1182 614 φαύλην
1212 558 1334 605 ἐνδὺς
1359 557 1431 600 καὶ
1451 559 1509 604 εἰς
1528 557 1675 604 πλοῖον
1690 562 1735 598 13

141 628 430 683 5ἒμβεβηκὼς
459 627 506 670 τὸ
541 627 786 682 παρατυχόν
821 628 923 682 μετά
960 644 1084 670 τινων
1122 627 1275 682 ὀλίγων
1318 627 1462 681 διέδρα
1504 625 1576 668 καὶ
1618 626 1677 672 εἷς

176 696 224 738 τὸ
244 696 478 745 Βυζάντιον
509 696 778 738 διασέσωστο.
841 698 882 739 οἱ
903 696 1128 751 Ἄγαρηνοὶ
1158 696 1204 738 δὲ
1234 694 1418 751 μηδενὸς
1449 695 1504 737 ἔτι
1534 695 1676 741 αὐτοῖς
1689 700 1735 736 14

178 765 494 819 ἐναντιουμένου
517 764 648 819 ὁμόσε
668 764 774 806 κατὰ
795 766 966 806 πάντων
987 765 1190 820 ἐχώρουν.
1251 765 1341 806 τότε
1362 763 1433 807 καὶ
1452 763 1527 819 τὴν
1547 767 1676 818 νῆσον
1690 770 1734 806 15

172 833 319 876 Ῥόδον
351 830 425 888 ὑφ’
459 832 633 879 ἑαυτοὺς
670 834 944 888 ποιησάμενοι
980 834 1052 875 τὸν
1089 834 1132 875 ἐν
1171 835 1277 888 αὐτῇ
1313 833 1564 887 περίπυστον
1599 839 1720 874 κο-Β

177 901 329 944 λοσσόν
366 902 676 957 καθῃρήκασιν,
720 901 771 944 οὗ
808 902 880 943 τὸν
917 902 1076 956 χαλκὸν
1101 902 1306 948 Ἰουδαῖος
1341 902 1571 956 πριάμενος
1601 900 1674 955 ἔμ-
1690 909 1735 944 16

120 977 166 1013 10
178 986 314 1025 πορος
350 971 608 1017 ἔννακοσίαις
646 971 852 1026 καμήλοις
888 971 1044 1025 λέγεται
1080 975 1228 1013 τοῦτον
1258 974 1524 1025 μετενεγκεῖν.
1586 969 1674 1011 ἀλλ’
1690 978 1735 1014 17

181 1039 250 1082 ἐπί
281 1054 368 1081 τινα
405 1039 554 1093 καιρὸν
591 1040 616 1094 ἡ
654 1043 740 1081 τῶν
771 1039 1018 1094 Ἀγαρηνῶν
1054 1039 1159 1081 κατὰ
1194 1039 1419 1093 Ῥωμαίων
1460 1038 1677 1093 θρασύτης

181 1108 380 1163 ἀνεστάλη
411 1111 574 1154 ποσῶς·
608 1108 798 1162 γεγόνασι
829 1108 909 1162 γὰρ
939 1105 1029 1149 κατ’
1053 1108 1244 1163 ἀλλήλων
1267 1107 1562 1162 διαφερόμενοι
1581 1106 1677 1161 περὶ

12 1175 168 1212 1315
181 1178 385 1232 ἀρχηγοῦ.
447 1178 489 1219 οἱ
516 1177 595 1231 μὲν
626 1176 706 1231 γὰρ
736 1177 808 1218 τὸν
839 1178 1012 1219 Μαυίαν
1047 1178 1242 1232 ᾑροῦντο,
1285 1178 1326 1218 οῖ
1356 1176 1402 1218 δὲ
1431 1175 1504 1217 τὸν
1528 1175 1736 1230 Ἀλήμ,18

181 1245 374 1301 γαμβρὸν
404 1250 477 1287 τοῦ
509 1247 769 1301 ΙΙΙουχούμετ
800 1245 1036 1300 γενόμενον.
1098 1244 1181 1286 εἶτα
1212 1244 1284 1286 καὶ
1314 1243 1501 1290 σπονδὰς
1531 1243 1676 1285 ἔθεντο
1692 1254 1736 1290 19

123 1315 167 1351 15
181 1315 247 1358 ἐπὶ
291 1314 370 1356 δύο
412 1314 624 1361 ἐνιαυτοὺς
665 1314 774 1369 πρὸς
815 1314 1063 1368 Ῥωμαίους,
1106 1314 1471 1367 καταδεξαμένους
1513 1312 1677 1367 φόρους

181 1383 315 1425 τελεῖν.
378 1384 521 1437 γέγονε
559 1382 605 1425 δὲ
643 1384 952 1438 αὐταρχοῦντος
986 1387 1061 1424 τοῦ
1093 1382 1274 1425 Κώνστα
1312 1382 1463 1428 κλόνος
1497 1386 1571 1437 τῆς
1602 1385 1678 1437 γῆς
1691 1395 1738 1430 20

181 1451 252 1494 καὶ
281 1451 429 1493 πολλαὶ
460 1455 598 1506 χῶραι
627 1455 700 1506 τῆς
724 1450 948 1505 Ῥωμαίων
979 1452 1203 1506 ἡγεμονίας
1233 1454 1383 1497 κακῶς
1413 1451 1578 1492 ἔπαθον
1608 1450 1680 1492 καὶ

180 1524 345 1575 πνεῦμα
376 1521 512 1575 βίαιον
543 1520 738 1562 ἔπνευσεν
768 1519 914 1562 ἄλλοτε
944 1519 1015 1562 καὶ
1045 1519 1179 1562 πολλὰ
1210 1523 1296 1562 τῶν
1323 1519 1681 1574 οἰκοδομημάτων

180 1589 395 1645 κατέβαλε.

183 1731 229 1766 10
253 1732 303 1766 ὅτι
329 1731 384 1767 ε’πὶ
409 1731 533 1777 καιρὸν
558 1731 740 1778 ἠρέμησαν
764 1733 800 1767 οἱ
819 1731 1004 1778 Ἀγαρηνοί
1027 1731 1067 1777 C,
1094 1733 1290 1778 σημείωσαι
1315 1730 1350 1767 Α

257 1864 275 1899 1
302 1869 473 1908 σημαῖνον
500 1863 531 1900 Ο
669 1863 693 1899 2
717 1863 926 1910 ὑπερέσχον]
953 1866 990 1899 οἱ
1011 1865 1187 1910 παρέσχον
1213 1864 1244 1899 Ε
1381 1864 1618 1909 ἀντιπολὲμιοι
1644 1863 1681 1898 D

253 1911 276 1945 5
300 1912 499 1958 ἐμβεβηκὸς
527 1912 555 1947 C
667 1912 712 1947 10
735 1912 953 1952 ἕννακοσίαις
979 1911 1186 1958 ARwap
1214 1912 1393 1958 The-oph.
1421 1911 1438 1947 I
1466 1923 1500 1958 p.
1528 1912 1608 1956 345,
1638 1912 1684 1947 10

254 1959 385 2002 (Cedr.
419 1959 434 1995 1
469 1971 505 2006 p.
534 1960 613 2003 755,
643 1961 712 2004 10),
750 1961 948 1999 ἐνακοσίαις
979 1959 1094 2005 ΒΒὶς
1134 1964 1347 2006 praeterea
1379 1971 1417 1996 v.
1444 1961 1557 1996 B-W
1582 1960 1680 2006 Βυκ-

255 2006 451 2043 Zeitschr.
478 2018 512 2043 a.
542 2008 634 2043 1892
662 2019 697 2053 p.
725 2007 795 2043 ‘214
902 2008 946 2043 13
971 2008 1029 2043 τὸν
1055 2009 1166 2054 prius
1194 2019 1268 2044 om.
1295 2007 1327 2043 B
1425 2009 1558 2054 μαβίαν
1583 2008 1681 2054 Ewp

301 2055 399 2101 ἀλεὶμ
419 2055 455 2090 D
554 2055 600 2091 14
623 2055 696 2091 εἶτα
716 2075 760 2080 -
781 2055 826 2091 16
843 2055 962 2102 τελεῖν]
983 2067 1020 2092 v.
1038 2055 1255 2092 Muraltum
1274 2054 1381 2092 essai
1399 2057 1447 2092 de
1466 2057 1681 2102 chronoqr.

254 2103 424 2150 Byzant.
445 2103 644 2150 l'etropol.
668 2103 759 2139 1855
786 2115 822 2149 p.
837 2103 908 2139 302
1007 2104 1052 2139 16
1076 2104 1298 2143 κώνσταντος
1324 2104 1408 2151 w*p
1435 2105 1573 2140 invitis
1598 2103 1681 2148 AR,

255 2162 292 2187 v.
319 2150 499 2198 Theoph.
527 2151 545 2187 I
571 2163 607 2197 p.
635 2151 716 2196 348,
741 2151 788 2187 30
886 2152 931 2188 18
955 2152 1203 2198 οἰκοδομάτων
1229 2151 1264 2187 D

181 2292 278 2337 ἄλλῳ
304 2291 365 2332 θὲς
390 2291 453 2338 τὴν
477 2293 580 2338 νίκην
606 2293 854 2339 significaret
880 2293 994 2329 alteri
1018 2294 1230 2330 victoriam
1256 2293 1533 2338 tribuendam3
1558 2293 1682 2339 idque

183 2340 340 2376 accidit.
391 2339 610 2376 Commisso
630 2341 735 2376 enim
762 2341 916 2386 proelio
943 2341 1078 2377 hostes
1104 2343 1335 2388 superiores
1361 2351 1541 2385 evasere,
1567 2338 1742 2376 tanta12

182 2388 455 2424 Romanorum
471 2388 598 2424 caede
625 2388 744 2432 edita,
771 2392 816 2424 ut
833 2399 946 2425 mare
960 2389 1115 2424 illorum
1136 2390 1337 2436 sanguine
1354 2392 1680 2436 put-putesceret,

183 2442 224 2472 et
249 2435 447 2472 Constans
474 2436 543 2471 vili
570 2440 683 2472 veste
709 2437 876 2472 indutus
915 2437 1082 2473 fortuito
1121 2438 1288 2482 navigio
1329 2447 1549 2473 conscenso
1590 2446 1680 2472 oum
1699 2435 1741 2470 13

183 2484 326 2530 paucis
339 2483 580 2530 Byzantium
600 2484 805 2521 evaderet.
856 2483 1038 2531 Agareni
1065 2495 1163 2521 vero
1190 2486 1270 2520 iam
1285 2484 1507 2521 obsistente
1520 2484 1682 2520 nemine
1698 2483 1742 2518 14

183 2531 434 2567 invadebant
461 2533 605 2568 omnia.
656 2531 773 2567 Tunc
787 2533 906 2568 etiam
933 2532 1075 2568 Rhodo
1102 2533 1234 2568 insula
1248 2533 1418 2569 subacta
1433 2532 1680 2568 celebratum
1698 2531 1742 2567 15

183 2579 224 2615 in
251 2590 300 2615 ea
315 2579 511 2615 colossum
533 2580 710 2616 demoliti
737 2584 848 2625 sunt3
877 2581 992 2616 cuius
1019 2591 1089 2616 aes
1104 2580 1280 2617 Iudaeus
1297 2580 1460 2626 quidam
1479 2583 1682 2616 mercatus
1697 2579 1742 2614 16

183 2628 401 2674 nongentis
415 2628 578 2663 camelis
604 2629 732 2664 fertur
750 2631 992 2674 asportasse.
1042 2627 1228 2665 Ceterum
1247 2628 1532 2674 Agarenorum
1558 2628 1741 2663 auda-17

185 2676 259 2719 cia,
287 2685 368 2720 qua
382 2674 586 2712 Romanos
599 2676 864 2719 lacessebant,
889 2676 1182 2722 aliquantisper
1202 2677 1384 2712 nonnihil
1403 2680 1464 2712 est
1485 2685 1682 2722 repressa,

185 2726 274 2758 orta
291 2723 396 2759 inter
422 2733 491 2758 eos
520 2723 571 2759 de
598 2724 702 2760 duee
727 2725 931 2760 exercitus
958 2725 1248 2768 controversia,
1274 2724 1363 2760 aliis
1381 2724 1567 2768 Maviam‚
1593 2723 1682 2759 aliis
1698 2722 1742 2758 18

183 2770 368 2814 AHmum,
395 2770 638 2807 Muchumeti
653 2782 862 2818 generum,
890 2772 1236 2818 p1·aesorontibus;
1263 2782 1312 2807 ac
1339 2772 1490 2807 biennii
1503 2772 1682 2808 indutias
1698 2771 1742 2806 19

185 2828 275 2854 eum
302 2818 493 2854 Romanis
520 2819 672 2855 tributa
697 2819 884 2866 pollicitis
919 2821 1113 2855 focerunt.
1164 2819 1248 2857 Sub
1275 2819 1495 2856 Constante
1532 2819 1683 2856 multae
1696 2819 1743 2855 ‘20

185 2865 459 2902 Romanorum
478 2868 715 2912 provinciae
741 2870 874 2903 terrae
900 2872 1012 2903 motu
1027 2871 1325 2914 ventorumque
1351 2867 1548 2914 procellis,
1576 2877 1683 2914 quae

185 2914 310 2950 multa
337 2913 521 2950 aedificia
548 2914 742 2961 deiecere,
769 2916 946 2951 afflictae
971 2919 1075 2951 sunt.
