1968 3302
621 227 838 267 GALLVS.
888 225 1238 266 MAGNENTIVS.
1632 223 1679 264 43

180 354 228 398 τὸ
259 352 506 408 στράτευμα,
538 351 609 394 καὶ
638 351 784 394 πολλοὶ
804 355 891 395 τῶν
912 350 996 394 ὕπὸ
1018 350 1280 405 ᾹῙαγνέντιον
1301 350 1419 405 αὐτῷ
1439 349 1680 405 προσῄεσαν

181 423 356 470 ἑαυτούς
386 439 428 465 τε
458 421 530 464 καὶ
559 421 607 463 τὰ
640 421 826 476 φρούρια
859 420 1159 476 ἐγχειρίζοντες.
1221 419 1483 474 Μαγνέντιος
1505 419 1551 462 δὲ
1572 420 1678 461 ἀπο·
1692 414 1739 452 24
1766 414 1801 451 D

181 491 305 548 γνοὺς
335 496 408 534 τοῦ
441 491 694 546 συγγνώμης
730 494 865 545 τυχεῖν
901 489 1009 544 πρὸς
1039 489 1226 544 πόλεμον
1256 489 1501 544 ἡτοιμάζετο
1533 488 1604 531 καὶ
1636 489 1680 531 ἒν

181 561 225 603 Γ
219 561 374 607 αλλίαις
414 560 572 614 διάγων
610 559 753 614 πλήθη
795 559 1084 614 συνήθροιζεν.
1148 559 1213 600 ἵνα
1254 558 1300 600 δὲ
1340 558 1528 613 φροντίσι
1563 574 1678 613 περι-
1693 553 1739 590 25

144 633 167 670 5
180 630 288 686 βάλῃ
320 629 392 672 τὸν
420 629 712 683 αὖτοκράτορα
742 628 812 670 καὶ
835 629 880 677 ἒξ
900 630 1050 671 ἑαυτοῦ
1073 627 1394 683 ἄντιπερισπάσῃ
1416 626 1526 680 πρὸς
1547 627 1678 681 ἔτερα,

181 699 346 754 ἔπεμψέ
383 714 470 740 τινα
509 701 595 740 τῶν
634 698 773 752 ἑαυτῷ
810 698 978 740 οἰκείων
1009 699 1066 744 εἷς
1091 696 1352 752 Ἀντιόχειαν,
1401 697 1679 751 ἀναιρήσοντα

181 767 252 810 τὸν
282 767 326 809 Γ
321 768 455 810 άλλον.
526 767 597 809 καὶ
637 767 661 808 ὁ
699 767 912 821 πεμφθεὶς
953 766 1019 808 διὰ
1051 766 1098 809 τὸ
1131 766 1372 808 ἀνύποπτον
1403 766 1460 812 εἷς
1490 765 1681 820 καλύβην
1694 760 1740 797 26
1766 759 1888 797 WHI
1904 759 1948 796 16

180 837 289 884 τινὸς
325 837 522 879 κατέλυσε
562 835 693 890 γραὸς
728 835 844 889 παρὰ
882 840 944 890 τῷ
969 834 1149 891 Ὀρόντῃ
1189 833 1372 890 ποταμῷ
1410 835 1681 889 πεπηγμένην

185 906 249 961 (ὃς
273 905 450 961 Ὀφίτης
479 905 631 960 πρῴην
662 905 936 958 καλούμενος,
978 905 1040 951 ὥς
1071 921 1174 952 τινες
1205 906 1450 959 ἱστοροῦσιν,
1475 903 1681 958 Ὀρόντης

123 977 170 1013 10
182 975 395 1030 ἐπεκλήθη
418 975 644 1029 μετέπειτα,
677 977 750 1015 τοῦ
778 974 872 1016 υἱοῦ
895 972 1134 1028 Καμβύσου
1165 978 1239 1015 τοῦ
1261 973 1447 1027 Περσῶν
1474 973 1682 1029 βασιλέως

182 1046 239 1091 εἷς
269 1043 397 1086 αὐτὸν
429 1043 692 1099 ἐμπεσόντος,
725 1043 991 1098 καλουμένου
1008 1042 1231 1097 Ὀρόντου)
1259 1067 1310 1071 ——
1335 1043 1417 1097 ἤδη
1441 1046 1543 1097 γοῦν
1563 1041 1680 1096 παρὰ
1694 1037 1740 1074 27

179 1117 253 1155 τοῦ
286 1112 547 1167 Μαγνεντίου
581 1111 737 1159 σταλεὶς
767 1112 842 1166 τὴν
872 1112 979 1154 κατὰ
1011 1115 1084 1154 τοῦ
1116 1111 1282 1154 Γάλλου
1324 1112 1554 1166 ἐξαρτύσας
1593 1111 1680 1153 ἔπι-

182 1182 339 1238 βουλὴν
369 1182 441 1224 καὶ
471 1180 652 1228 πολλοὺς
682 1184 767 1223 τῶν
799 1181 888 1223 ἐκεῖ
913 1181 1308 1236 προσποιησάμενος
1333 1181 1526 1234 ὁπλιτῶν,
1561 1180 1680 1222 ἕσπέ-

182 1267 261 1306 ρας
289 1251 407 1305 παρὰ
438 1255 488 1306 τῇ
509 1255 581 1306 τῆς
603 1250 733 1305 γραὸς
754 1251 918 1305 καλύβῃ
940 1253 1027 1292 τῶν
1048 1250 1304 1304 συνιστόρων
1325 1249 1398 1291 τισὶ
1422 1249 1682 1292 συνδειπνῶν

123 1322 168 1359 15
182 1320 425 1374 ἀδεέστερον
464 1320 605 1366 αὐτοῖς
644 1319 788 1373 ὡμίλει
827 1319 920 1373 περὶ
961 1317 1024 1362 ὧν
1063 1319 1348 1374 ἐβουλεύοντο,
1395 1315 1726 1373 καταφρονῶνΡ
1741 1315 1779 1351 ῙῙ
1795 1313 1891 1352 18Α

181 1394 253 1444 τῆς
292 1388 423 1443 γραὸς
460 1389 522 1435 ὡς
558 1388 833 1442 ἀπράγμονος
870 1387 940 1429 καὶ
976 1387 1086 1443 μηδὲ
1124 1387 1327 1443 συνιείσης
1365 1386 1432 1429 διὰ
1470 1386 1516 1429 τὸ
1550 1391 1682 1442 γῆρας

181 1460 267 1500 τῶν
296 1457 545 1512 λεγομένων.
608 1458 633 1511 ή
668 1456 713 1499 δὲ
744 1456 927 1512 φύσεως,
961 1457 1023 1504 ὡς
1054 1457 1199 1505 ἔοικεν,
1244 1456 1555 1511 ἕντρεχεστέρας
1585 1472 1681 1510 τυγ-
1695 1454 1741 1489 28

181 1588 205 1624 4
230 1589 279 1623 ὅτι
306 1588 557 1634 ἐπεβούλευσεν
582 1588 603 1622 ὅ
627 1587 845 1632 ᾹΙαγνέντιος
870 1593 921 1633 τῷ
948 1587 1074 1633 Γάλλῳ
1101 1586 1164 1623 CE'
1280 1587 1303 1622 9
1326 1586 1406 1631 περὶ
1432 1591 1493 1622 τοῦ
1515 1586 1682 1631 Ὀρόντου

181 1641 340 1682 ποταμοῦ
366 1635 407 1680 C,
431 1636 512 1680 περὶ
536 1640 696 1680 ποταμοῦ
721 1641 783 1671 τοῦ
805 1635 971 1680 Ὀρόντου
998 1635 1030 1671 Ε
1159 1635 1204 1671 13
1230 1636 1327 1675 ὅπως
1352 1634 1517 1681 ἐγνώσθη
1543 1634 1566 1681 ἧ
1593 1634 1683 1671 κατὰ

184 1685 260 1730 (τοῦ
286 1684 379 1720 add.
406 1683 453 1727 E)
478 1684 616 1720 Γάλλου
642 1683 812 1730 ἐπιβουλή
840 1683 903 1720 GE

257 1805 274 1840 1
301 1805 506 1850 μαγνεντίου
533 1804 569 1839 D
692 1804 714 1840 3
739 1808 834 1840 ante
860 1809 921 1840 τοῦ
948 1804 1040 1840 add.
1068 1804 1105 1839 τὸ
1131 1804 1210 1849 Dw,
1240 1815 1315 1840 om.
1343 1803 1413 1839 AR
1536 1803 1558 1839 4
1583 1817 1683 1848 περι·

253 1853 365 1899 βάλλη
381 1853 423 1897 Ε,
448 1853 539 1899 βάλη
555 1851 603 1897 D,
631 1862 732 1888 corr.
747 1852 816 1891 Dw
911 1853 933 1887 6
958 1852 1083 1888 ἑαυτοῦ
1098 1852 1264 1898 BSpr‚
1293 1863 1394 1888 corr.
1410 1851 1479 1891 Dw
1577 1852 1598 1888 7
1624 1851 1683 1887 τὸν

256 1947 331 1973 Οῐη.
352 1937 450 1982 pr
549 1938 571 1972 8
596 1914 704 1981 ὅρέόν
722 1936 769 1980 D,
797 1937 945 1982 ὀρρόντῃ
974 1947 1048 1982 wp,
1077 1947 1114 1971 v.
1141 1947 1199 1972 VS.
1227 1937 1258 1971 9.
1288 1937 1327 1971 1]
1454 1937 1476 1971 9
1501 1937 1627 1981 ὁφίτης
1645 1936 1681 1970 D

302 1985 446 2030 ὀρόντης
465 1983 566 2028 RDi,
603 1985 772 2029 ὀρρόντης
790 1983 824 2020 Α
851 1984 946 2027 (non
967 1995 1023 2019 VS.
1038 1985 1075 2026 8)
1102 1984 1216 2027 pr.
1246 1995 1283 2020 v.
1303 1984 1394 2020 XVI
1419 1985 1476 2026 26,
1491 1984 1525 2019 9.
1550 1984 1682 2020 XVIII

255 2032 311 2077 23,
341 2033 385 2068 18
490 2033 536 2067 10
559 2033 697 2077 ἐκλήθη
724 2033 756 2067 Ε
860 2032 902 2067 11
931 2033 1076 2076 ὀρόντου
1103 2031 1203 2076 RDi,
1230 2033 1399 2077 ὀρρόντου
1426 2031 1565 2078 Apr
1663 2034 1684 2067 ὅ

255 2084 350 2116 ante
375 2080 470 2126 παρὰ
497 2081 588 2116 add.
616 2079 809 2126 CprDi
931 2081 975 2116 13
999 2082 1323 2125 προςποιησόμενος
1352 2080 1381 2117 C
1497 2080 1542 2116 16
1566 2080 1616 2126 μὴ
1644 2080 1683 2116 δὲ

255 2127 433 2175 A(R)wp,
459 2128 509 2175 μὴ
526 2127 555 2165 C
643 2128 686 2164 17
713 2129 734 2174 ἦ
750 2128 789 2164 δὲ
808 2148 850 2153 -
869 2140 906 2175 p.
920 2128 978 2174 44,
994 2129 1011 2164 1
1040 2129 1238 2175 λεγομένων
1265 2140 1339 2166 om.
1355 2128 1386 2164 B
1484 2134 1637 2174 τυχοῦσα
1651 2128 1682 2164 Ε

183 2248 384 2284 cientibus
409 2259 458 2284 ac
484 2252 610 2284 semet
636 2249 744 2294 ipsos
771 2252 810 2284 ct
837 2249 1000 2284 castella
1019 2250 1373 2285 committentibus.
1423 2249 1683 2295 Magnentius
1697 2242 1744 2278 24

183 2299 331 2338 autem,
371 2306 462 2332 cum
496 2297 752 2342 desperasset
785 2296 835 2332 de
868 2297 989 2332 venia
1021 2297 1287 2342 impetranda,
1326 2297 1475 2333 bellum
1509 2297 1684 2342 parabat

184 2346 224 2380 et
248 2345 290 2379 in
317 2343 456 2380 Galliis
483 2345 622 2390 copias
646 2344 873 2390 colligebat.
924 2343 978 2380 Ut
996 2347 1130 2380 autem
1151 2344 1487 2381 sollicitudinibus
1506 2345 1683 2380 afficeret
1697 2338 1744 2374 25

183 2393 467 2437 imperatorem
495 2396 535 2428 et
561 2403 584 2427 a
611 2403 653 2427 se
686 2393 773 2438 ipso
807 2395 1011 2428 averteret
1043 2392 1095 2427 ad
1127 2392 1218 2435 alia,
1256 2394 1362 2428 misit
1396 2393 1599 2438 quendam
1633 2391 1684 2428 dc
1735 2434 1742 2444 .

185 2440 267 2475 suis
293 2440 558 2475 familiaribus
584 2439 850 2483 Antiochiam,
879 2441 947 2485 qui
974 2440 1220 2476 interficeret
1245 2440 1416 2477 Gallum.
1467 2441 1516 2484 Is,
1543 2450 1595 2475 ne
1622 2433 1743 2475 sii-26

185 2488 404 2533 spicionem
425 2491 617 2531 moveret,
637 2489 677 2523 in
697 2488 863 2534 tugurio
884 2488 1092 2523 cuiusdam
1113 2488 1352 2524 deversatus
1371 2492 1431 2524 est
1449 2499 1554 2523 anus
1572 2488 1683 2534 apud

186 2534 375 2571 Orontem
396 2536 563 2571 fluvium
582 2540 813 2572 constructo
841 2537 924 2581 (qui
953 2535 1117 2581 Ophites
1142 2536 1231 2571 olim
1260 2536 1401 2579 dictus,
1427 2539 1474 2571 ut
1499 2536 1682 2571 nonnulli

186 2584 332 2627 ferunt,
361 2582 532 2619 Orontes
557 2585 789 2619 nominatus
813 2587 873 2619 est
898 2584 1077 2630 posthac,
1107 2583 1213 2629 quod
1234 2585 1338 2619 filius
1366 2583 1576 2629 Cambysis
1592 2583 1684 2618 Per-

186 2641 320 2666 sarum
348 2632 457 2675 regis
483 2631 520 2666 in
550 2642 640 2666 eum
668 2631 877 2675 inciderat,
918 2633 980 2666 cui
1009 2642 1155 2667 nomen
1187 2635 1274 2667 erat
1301 2632 1455 2673 Oronti)
1483 2652 1526 2657 -—
1554 2643 1578 2667 a
1604 2631 1683 2667 Ma-
1697 2626 1743 2662 ‘27

184 2679 352 2723 guentio
380 2679 505 2724 igitur
531 2681 686 2722 inissuS,
726 2683 867 2715 contra
894 2678 1051 2715 Gallum
1088 2680 1239 2724 paratis
1274 2680 1428 2715 insidiis
1467 2680 1684 2724 multisque

186 2727 253 2771 qui
281 2726 335 2761 ibi
363 2731 479 2762 erant
507 2727 728 2762 conciliatis
756 2727 990 2772 legionariis
1019 2728 1177 2773 vesperi
1207 2738 1332 2773 prope
1352 2738 1455 2763 anus
1473 2729 1683 2772 tugurium

183 2783 267 2809 una
294 2784 383 2809 cum
410 2775 614 2811 nonnullis
640 2775 810 2810 consciis
837 2785 988 2810 cenans
1015 2775 1179 2810 liberius
1199 2785 1287 2811 cum
1308 2776 1355 2810 iis
1375 2775 1683 2821 colloquebatur

185 2821 236 2857 dc
262 2822 448 2866 consiliis,
477 2826 707 2869 contempta
734 2833 816 2858 anu
842 2827 983 2868 utpote
1012 2826 1165 2858 remota
1192 2834 1216 2857 a
1242 2824 1417 2869 negotiis
1445 2823 1616 2869 publicis
1635 2833 1683 2858 ac

184 2879 236 2905 ne
262 2869 522 2914 intellegente
550 2870 712 2916 quidem
739 2880 838 2917 prae
865 2874 1073 2906 senectute
1106 2881 1212 2916 quae
1244 2871 1487 2907 dicerentur.
1537 2870 1590 2907 At
1615 2871 1682 2906 illa
1697 2866 1744 2902 28

184 2917 362 2965 ingenio,
388 2922 433 2954 ut
459 2923 640 2966 apparet,
670 2918 855 2967 praedita
878 2918 1095 2964 callidiore,
1124 2920 1309 2967 quamvis
1328 2919 1536 2957 videretur
1555 2919 1683 2956 verba
