1968 3302
618 183 957 249 MAGNENTIVS
982 209 1050 246 ET
1075 207 1353 247 VETRANJO.
1693 210 1740 247 39

240 332 478 389 ἐποιήσατο·
512 332 595 375 εἷτα
627 333 652 388 ἠ
685 332 867 388 Προῢσα
899 333 1017 388 αὐτῷ
1051 331 1185 388 (πόλις
1217 332 1255 374 δ’
1283 333 1387 388 αὕτη
1409 336 1495 375 τῶν
1516 331 1736 388 Βιθυνῶν)
1752 335 1799 372 27

239 404 297 450 εἷς
326 403 541 445 κατοικίαν
572 403 790 457 ἀφώριστο
821 402 892 444 καὶ
923 402 1059 457 χωρία
1091 401 1200 456 πρὸς
1236 403 1440 457 χορηγίαν
1477 405 1563 444 τῶν
1601 402 1737 457 ε’πιτη-

239 471 364 514 δείων
400 472 694 527 ἀπονενέμητο.
757 472 862 514 ἔνθα
893 474 1069 526 τρυφῶν
1100 471 1166 514 ἐπὶ
1196 472 1244 520 ἒξ
1274 470 1486 518 ἐνιαυτοὺς
1515 471 1590 527 τὴν
1621 471 1739 527 ζωὴν
1751 474 1799 511 28

238 541 493 596 ἕξεμέτρησε.

202 611 225 648 5
361 609 442 652 Καὶ
479 609 528 651 τὰ
566 609 645 664 μὲν
686 610 781 664 περὶ
817 610 1088 663 Βετρανίωνα
1132 610 1189 657 εἷς
1230 613 1417 652 τοιοῦτον
1459 606 1821 665 κατηντήκασιΒΒ

237 679 368 726 τέλος·
403 679 428 721 ὅ
456 679 501 721 δὲ
523 679 800 733 αὐτοκράτωρ
822 678 1114 726 Κωνστάντιος
1135 677 1245 733 πρὸς
1264 678 1527 733 Μαγνέντιον
1549 679 1737 734 ὥρμητο.

237 748 261 791 ὅ
294 748 340 790 δὲ
371 748 415 790 ἒν
435 748 692 803 Μεδιολάνῳ
725 748 852 804 διῆγε,
885 748 956 790 τὸν
982 747 1167 803 ἀδελφὸν
1188 747 1405 790 Δεκέντιον
1426 747 1610 790 ἀνειπὼν
1630 747 1736 789 Καί-
1751 749 1774 784 2

236 833 346 872 σαρα
383 817 455 859 καὶ
493 817 649 863 στείλας
685 816 814 859 αὐτὸν
851 817 924 864 τὰς
962 817 1141 863 Γαλλίας
1177 817 1428 872 φυλάξοντα.
1497 817 1541 858 ἒν
1578 816 1774 863 τούτοις3

238 884 276 928 δ’
311 885 436 933 αὖθις
472 887 496 928 ὁ
527 886 748 941 Σαπώρης
785 886 926 933 ἀδείας
964 886 1238 940 δραξάμενος,
1275 885 1324 927 τὰ
1363 884 1473 940 πρὸς
1511 885 1571 927 ἕω
1610 885 1737 940 ε’πόρ-

177 956 224 992 10
237 955 345 1010 θησε
381 955 452 997 καὶ
488 955 600 997 λείαν
630 954 776 1010 λαβὼν
806 955 878 997 καὶ
911 955 1209 1009 δορυαλώτους
1238 954 1420 1001 πολλοὺς
1451 955 1736 1005 ἒπανέζευξεν.

235 1025 348 1067 οὕτω
381 1021 419 1066 δ’
453 1025 719 1078 ἑκατέρωθεν
750 1025 775 1066 o‘
805 1024 997 1079 βασιλεὺς
1027 1023 1431 1079 περιστοιχιζόμενος
1460 1027 1549 1070 ταῖς
1572 1012 1627 1066 ’ἔκ
1653 1025 1774 1066 τῶν4

234 1094 434 1149 πολέμων
477 1094 665 1148 φροντίσι
703 1093 867 1135 Γάλλον
906 1093 976 1135 τὸν
1014 1095 1168 1135 οἰκεῖον
1207 1093 1439 1147 ἓξάδελφον
1474 1093 1651 1147 τιμήσας
1687 1097 1737 1148 τῇ

235 1163 330 1218 ἀξίᾳ
350 1167 424 1205 τοῦ
451 1162 663 1217 Καίσαρος
694 1163 766 1204 καὶ
793 1161 868 1216 τὴν
889 1162 1039 1204 ἑαυτοῦ
1062 1161 1249 1216 ἀδελφὴν
1271 1161 1568 1203 Κωνσταντίαν
1589 1177 1736 1216 κατεγ-

235 1233 394 1287 γυήσας
426 1232 543 1287 αὐτῷ
578 1233 635 1278 εἶς
671 1230 745 1286 τὴν
783 1229 896 1286 ἑῴαν
936 1231 1158 1286 ἐξέπεμψε,
1194 1230 1268 1277 τὰς
1300 1229 1485 1285 ἐφόδους
1515 1229 1589 1277 τὰς
1619 1229 1736 1285 Περ-

176 1301 222 1337 15
236 1300 355 1348 σικάς
386 1300 670 1355 ἀνακόψοντα.

349 1369 403 1412 Ὁ
431 1369 510 1424 μὲν
531 1368 607 1411 οὗν
627 1369 790 1416 Γάλλος
811 1369 979 1423 Καῖσαρ
1010 1367 1082 1411 τὸν
1111 1368 1270 1423 τρόπον
1299 1371 1447 1410 τοῦτον
1478 1368 1773 1423 ἀναρρηθεὶςὸ
1788 1369 1818 1407 C

235 1438 301 1481 ἒπὶ
331 1438 405 1494 τὴν
441 1438 555 1494 ἑῴαν
592 1437 727 1495 ἀπῄει,
772 1438 843 1481 καὶ
885 1437 959 1493 τὴν
998 1438 1180 1492 σύζυγον
1219 1436 1498 1492 ἑπαγόμενος·
1543 1435 1568 1478 ὁ
1607 1436 1655 1478 δέ
1692 1453 1737 1491 γε

236 1578 282 1614 12
305 1578 384 1624 περὶ
408 1578 545 1614 Γάλλου
572 1577 635 1615 CE
722 1578 768 1614 16
792 1578 872 1623 περὶ
899 1579 1122 1625 Μαγνεντίου
1148 1577 1427 1624 τυραννήσαντος
1452 1577 1514 1613 καὶ
1539 1577 1737 1624 συμβαλόν·

235 1641 293 1667 τος
318 1632 368 1672 τῷ
393 1627 629 1673 Κωνσταντίῳ
656 1626 718 1663 καὶ
742 1626 954 1673 ἡττηθέντος
980 1626 1044 1664 CE

308 1759 326 1794 1
355 1758 452 1805 αὐτῷ
468 1770 542 1795 om.
557 1759 592 1794 D
691 1759 723 1795 2.
751 1759 773 1794 3
799 1763 869 1795 τῶν
882 1759 1091 1806 ἐπιτηδείων
1104 1759 1364 1804 ἀπονενέμηντο
1379 1757 1420 1803 Β,
1448 1757 1545 1803 αὐτῷ
1557 1758 1738 1804 προςνενέ-

305 1822 398 1852 μητο
411 1812 482 1843 τῶν
495 1807 704 1852 ἐπιτηδείων
719 1806 748 1843 C
846 1808 868 1843 3
893 1808 1130 1853 ἀπονενέμητο
1148 1806 1334 1852 ADEWp,
1360 1806 1619 1851 προςνενέμητο
1635 1805 1736 1844 CDw

307 1855 330 1892 5
354 1856 570 1901 βρετανίωνα
590 1856 632 1900 E,
659 1856 896 1901 βρεττανίωνα
916 1856 990 1891 DW
1087 1856 1108 1891 6
1135 1855 1167 1890 δ’
1188 1852 1403 1898 BsprDi
1501 1854 1523 1889 9
1549 1854 1582 1889 δ’
1611 1865 1687 1890 om.
1707 1854 1738 1889 E

355 1904 544 1949 δεξάμενος
570 1905 630 1945 (ut
655 1903 833 1943 videtur)
860 1904 891 1939 E
987 1903 1076 1949 πρὸς
1102 1903 1183 1946 AR,
1209 1902 1290 1947 περὶ
1313 1902 1416 1948 pr
1527 1902 1573 1937 10
1598 1903 1738 1947 δωρυα-

306 1952 440 1991 λώτους
466 1951 514 1994 D,
542 1951 778 1996 δοριαλώτους
805 1950 861 1987 Di
886 1955 932 1987 ut
958 1952 1059 1988 solet
1087 1951 1139 1996 (V.
1167 1949 1303 1996 Steph.
1330 1950 1429 1986 thes.
1455 1949 1494 1985 II
1521 1961 1557 1996 p.
1575 1950 1668 1986 1636
1687 1950 1737 1991 D)

309 2000 349 2035 11
379 1999 418 2034 δὲ
443 1997 657 2045 BsprDa·
777 2001 798 2034 ὃ
820 1999 894 2034 Dw
1018 2000 1063 2035 12
1087 1999 1252 2043 πολέμων
1279 1998 1365 2040 (sed
1389 2012 1416 2043 ,ιι
1441 1999 1481 2033 in
1509 2001 1668 2037 rasura.)
1696 1997 1736 2041 C,

306 2048 485 2092 πολεμίων
511 2047 613 2093 pr
725 2047 769 2083 15
794 2047 1025 2094 ἀνακόψαντα
1052 2048 1095 2090 Ε,
1120 2047 1361 2083 ἀνακύπτοντα
1386 2044 1435 2090 p*
1536 2046 1580 2082 16
1606 2047 1737 2090 καίσαρ

307 2094 475 2180 ἑωβίἑιέ
497 2106 534 2130 v.
563 2095 614 2130 ad
640 2094 737 2131 XIII
764 2095 819 2141 10,
849 2096 892 2131 11
990 2101 1113 2132 τοῦτον
1136 2095 1194 2131 τὸν
1220 2096 1350 2140 τρόπον
1378 2094 1480 2140 pr
1606 2094 1651 2130 17
1677 2094 1740 2130 καὶ

237 2285 361 2311 manu
387 2275 561 2310 suffulsit
592 2285 729 2311 senem
759 2278 799 2311 et
831 2285 956 2311 cenae
990 2275 1186 2310 adhibuit.
1238 2274 1342 2310 Tum
1368 2273 1500 2310 Prusa
1538 2275 1614 2315 (est
1640 2274 1739 2309 urbs
1753 2270 1799 2307 ‘27

237 2323 467 2367 Bithyniae)
495 2323 530 2359 ei
558 2323 610 2358 ad
637 2322 902 2359 habitandum
931 2322 1026 2357 data
1053 2325 1092 2358 et
1108 2323 1197 2358 loca
1215 2323 1268 2358 ad
1287 2323 1438 2358 vietum
1459 2321 1739 2367 praebendum

239 2371 434 2407 attributa
461 2374 565 2406 sunt.
628 2371 688 2406 Ibi
715 2371 799 2406 vita
827 2370 1041 2415 opulenter
1067 2374 1158 2405 acta
1185 2381 1257 2416 per
1284 2381 1355 2405 sex
1390 2380 1519 2405 annos
1555 2370 1738 2404 decessit.
1754 2367 1800 2402 ‘28

358 2420 391 2454 8.
442 2417 502 2454 Ae
532 2429 597 2455 res
623 2419 881 2455 Vetranionis
919 2418 1037 2454 talen]
1078 2418 1310 2453 habuerunt
1348 2418 1521 2462 exitu1n3
1562 2417 1634 2453 sed
1672 2418 1740 2452 im-

240 2470 404 2513 perator
438 2466 698 2502 Constantius
735 2466 934 2502 adversus
967 2465 1244 2507 Mag-nentium
1287 2467 1494 2510 profectus
1534 2469 1606 2501 est.
1664 2462 1776 2500 Hit-2

240 2517 375 2550 autem
393 2514 609 2550 Mediolani
630 2515 883 2558 versabatur,
912 2524 1000 2549 cum
1020 2513 1260 2549 Decentium
1279 2514 1443 2548 fratrem
1466 2513 1741 2558 praedicasset

240 2561 454 2599 Caesarem
482 2566 521 2598 et
547 2563 718 2598 misisset
736 2561 888 2599 Gallias
916 2562 1224 2597 custoditurum.
1259 2561 1435 2596 oInterea
1454 2560 1585 2606 Sapor
1605 2559 1776 2596 denuo3

240 2613 402 2655 arrepta
430 2611 734 2657 opportunitate
762 2610 996 2646 orientalem
1025 2613 1179 2655 partem
1208 2609 1385 2643 vastavit
1412 2612 1451 2644 et
1473 2619 1563 2643 cum
1586 2609 1740 2654 praeda

240 2659 492 2703 captivisque
526 2658 659 2693 inultis
691 2658 820 2693 rediit.
873 2657 936 2694 Sic
974 2658 1176 2702 utrimque
1206 2668 1276 2691 rex
1307 2657 1606 2691 circumventus
1634 2654 1777 2691 euris4

239 2706 391 2742 beliicis
417 2704 575 2742 Gallum
603 2716 720 2741 suum
748 2706 970 2752 patruelem
1005 2706 1215 2749 dignatum
1250 2705 1403 2739 honore
1436 2703 1632 2748 Caesaris,
1667 2715 1740 2739 sua

240 2764 379 2789 sorore
394 2752 630 2790 Constantia
646 2754 847 2800 desponsa
875 2753 1034 2797 tradita,
1063 2754 1100 2788 in
1131 2753 1325 2787 orientem
1355 2752 1470 2795 misit,
1496 2756 1540 2787 ut
1566 2753 1741 2798 impetus

239 2801 423 2837 Persicos
449 2802 698 2847 reprimeret.

360 2848 420 2885 Ita
453 2849 578 2894 igitur
607 2848 745 2885 Gallus
772 2848 921 2885 Caesar
957 2848 1186 2883 deelaratus
1220 2849 1256 2882 in
1294 2848 1488 2883 orientem
1523 2848 1621 2883 abiit
1654 2846 1777 2893 ipsa5

241 2907 371 2934 uxore
398 2908 535 2934 secum
562 2897 702 2943 ducta3
740 2898 812 2934 sed
838 2897 1099 2934 Constantius
1131 2897 1171 2932 in
1205 2896 1353 2932 bellum
1381 2902 1523 2933 contra
1549 2895 1743 2943 Magnen-
