2054 3282
370 230 442 266 372
769 221 948 266 ZONAR.
978 220 1109 264 EmT.
1136 227 1206 264 xv
1232 218 1288 272 28,
1317 222 1467 263 16—30.

313 355 357 392 17
371 350 508 404 ψιλῶς
529 351 774 392 ἃπετίννυεν.
838 351 916 391 οὐκ
949 350 1006 395 εἷς
1035 348 1207 403 μακρὰν
1230 349 1275 390 δὲ
1301 350 1343 390 αἱ
1373 353 1458 391 τῶν
1479 349 1708 403 βασκάνων
1730 348 1864 403 γλῶσ-

326 423 439 459 Βσαι
469 418 543 471 τὴν
575 419 749 472 γνώμην
779 422 853 458 τοῦ
885 417 1090 470 βασιλέως
1126 417 1231 458 κατὰ
1263 422 1336 458 τοῦ
1363 417 1574 471 Μανουὴλ
1606 418 1662 463 εἷς
1691 418 1864 459 τούναν-

314 492 358 527 18
371 487 455 528 τίον
487 487 725 540 ἐτρέψαντο.
789 485 980 540 διέβαλον
1008 485 1087 539 γὰρ
1110 485 1236 527 αὐτὸν
1259 487 1320 532 ὡς
1340 486 1548 538 τυραννίδι
1570 486 1864 539 ἐπιχειροῦντα,
1881 497 1915 532 D
1930 497 1988 533 111
2004 497 2048 533 41

371 554 442 595 καὶ
474 554 554 607 ἤδη
587 558 674 599 ταῖς
706 554 919 607 διαβολαῖς
951 554 1163 595 ἐπέπειστο
1186 554 1210 594 ὁ
1238 553 1444 608 Θεόφιλος
1475 553 1637 595 καὶτὸν
1659 553 1866 608 ΝΙανουὴλ

313 629 357 663 19
371 622 634 675 ἐκτυφλῶσαι
658 622 908 675 διανενόητο.
963 621 1086 675 γνοὺς
1119 619 1155 663 δ’
1190 622 1346 668 ἐκεῖνος
1376 622 1422 664 τὸ
1453 622 1742 676 μελετώμενον
1764 622 1901 664 εἰπέ-5

372 690 451 743 δρα
495 689 566 730 καὶ
605 690 738 744 ἀγχοῦ
774 706 857 731 που
898 690 1123 744 γενόμενος
1162 695 1245 736 τοῖς
1271 691 1516 745 Ἄγαρηνοῒς
1549 690 1670 745 δηλοῖ
1695 695 1758 744 τῷ
1789 691 1862 732 αὗ-

370 761 454 798 τῶν
486 758 662 811 ἀρχηγοῦ
694 758 802 803 ὅστις
834 758 915 799 ἐστὶ
946 758 1016 799 καὶ
1048 759 1120 806 ὡς,
1154 759 1191 799 εἰ
1218 759 1392 812 λήψεται
1422 759 1572 805 πίστεις
1601 758 1661 813 μὴ
1685 758 1864 813 βιασθῆ-

311 833 358 868 20
370 842 435 867 ναι
466 825 539 879 τὴν
571 826 727 867 οἰκείαν
758 826 989 880 θρησκείαν
1011 826 1311 881 ἐξομόσασθαι,
1335 827 1654 880 προσελεύσεταί
1672 827 1721 868 οἱ.
1770 827 1794 868 ὁ
1818 827 1863 869 δὲ

311 902 355 936 21
371 895 517 936 αὐτίκα
549 895 698 940 πίστεις
728 911 770 936 τε
802 895 948 936 δίδωσι
979 895 1049 936 καὶ
1070 899 1311 950 περιχαρῶς
1337 895 1464 936 αὐτὸν
1485 895 1741 950 ὑποδέχεται.
1793 895 1865 937 καὶ

371 962 395 1002 ὁ
426 962 637 1016 ΛΙανουὴλ
669 963 799 1004 ἐκεῖσε
831 962 1054 1016 γενόμενος
1085 963 1156 1004 καὶ
1187 963 1421 1017 στράτευμα
1452 963 1684 1010 πιστευθεὶς
1708 962 1864 1010 πολλὰς
1879 969 1925 1004 10

371 1030 574 1083 ἀριστείας
612 1030 718 1071 κατὰ
750 1031 934 1085 Περσῶν
966 1032 1184 1085 εἰργάσατο
1216 1032 1287 1073 καὶ
1317 1032 1477 1086 μεγάλα
1514 1031 1690 1085 τρόπαια
1723 1032 1865 1086 ἔστησε

311 1107 357 1142 22
370 1098 441 1139 καὶ
473 1099 648 1152 ἐφιλεῖτο
679 1099 794 1153 παρὰ
826 1103 911 1141 τῶν
941 1104 1014 1154 τῆς
1036 1100 1167 1154 Ἅγαρ
1199 1100 1269 1141 καὶ
1301 1100 1577 1154 ἐθαυμάζετο.
1629 1100 1654 1141 ὁ
1686 1099 1731 1142 δὲ
1758 1099 1863 1142 Θεό-

327 1167 492 1221 Οφιλος
522 1167 593 1208 καὶ
624 1168 808 1209 ἐλυπεῖτο
842 1168 907 1209 διὰ
939 1168 1011 1209 τὸν
1033 1168 1242 1223 Μανουὴλ
1273 1167 1344 1209 καὶ
1375 1168 1612 1222 ἐφρόντιζεν
1644 1168 1763 1214 ὅπως
1788 1168 1863 1210 αὒ-

311 1243 358 1278 23
370 1234 442 1276 τὸν
473 1236 635 1277 ἐκεῖθεν
665 1236 993 1290 μετακαλέσεται.
1055 1237 1205 1283 πίστεις
1248 1235 1324 1277 οὖν
1367 1237 1484 1290 αὐτῷ
1526 1235 1598 1277 καὶ
1637 1233 1688 1278 δι’
1730 1237 1864 1291 ὅρκου

370 1303 442 1345 καὶ
475 1301 525 1345 δι’
560 1304 776 1359 ἐγγράφου
816 1305 1165 1359 χρυσοσημάντου
1202 1305 1305 1359 μετά
1343 1320 1451 1351 τινος
1485 1308 1678 1359 μοναχοῦ
1709 1305 1865 1351 στείλας
1881 1311 1925 1347 15

372 1445 390 1479 1
418 1446 469 1480 ὅτι
496 1445 675 1491 διαβολαῖς
701 1445 790 1481 κατὰ
815 1451 876 1481 τοῦ
901 1445 1075 1492 Μανουὴλ
1100 1447 1283 1485 πιστεύσας
1309 1446 1329 1480 ὁ
1351 1446 1527 1491 βασιλεύς,
1553 1447 1734 1491 τυφλῶσαι
1759 1446 1864 1482 αὐτὸν

370 1493 527 1538 ἐμελέτα·
554 1495 575 1528 ὃ
599 1493 702 1538 γνοὺς
727 1494 861 1532 ἐκεῖνος
885 1495 1129 1540 προσπέφευγε
1146 1500 1217 1532 τοῖς
1239 1495 1439 1539 Ἆγαρηνοΐς
1466 1494 1494 1529 C
1593 1494 1638 1529 12
1662 1495 1712 1529 ὅτι
1737 1495 1864 1534 πίστεις

369 1540 490 1587 λαβὼν
515 1541 536 1576 ὅ
558 1541 733 1587 Μανουὴλ
758 1542 799 1576 ἐκ
827 1546 886 1577 τοῦ
913 1542 1097 1587 βασιλέως,
1131 1542 1236 1581 αὖθις
1259 1542 1432 1587 ἐπανῆλθε
1457 1542 1783 1587 κατασοφισάμενος
1806 1541 1864 1577 τὸν

370 1593 442 1624 τῶν
462 1589 663 1635 Ἀγαρηνῶν
688 1589 845 1635 ἀρχηγόν
872 1588 901 1626 C

444 1727 463 1762 1
491 1725 529 1762 δὲ
547 1725 793 1772 AEBS(?)Wp‚
821 1726 853 1762 δ’
872 1725 964 1762 RDi
1060 1726 1082 1761 2
1107 1725 1195 1762 κατὰ
1213 1731 1273 1761 τοῦ
1299 1725 1444 1772 ΑΕΨΡ,
1472 1726 1526 1761 ἐπὶ
1544 1732 1594 1771 τῷ
1622 1726 1653 1762 Ο
1750 1727 1773 1762 3
1798 1726 1863 1762 διέ-

442 1775 572 1820 βαλλον
597 1774 660 1810 BC
821 1775 843 1809 6
868 1775 978 1820 ἀγχοῦ
1005 1773 1190 1820 stpDz',
1217 1775 1327 1819 ἀγχού
1353 1774 1388 1808 Α
1548 1775 1570 1809 9
1596 1774 1700 1810 αὐτὸν
1726 1785 1802 1810 om.
1828 1774 1864 1809 D

442 1823 486 1857 11
512 1822 664 1867 ἀριστίας
690 1822 737 1868 D,
765 1833 865 1858 corr.
892 1822 961 1860 Dw
1081 1822 1289 1857 κατὰπεσῶν
1314 1821 1360 1866 D,
1389 1832 1489 1857 corr.
1516 1822 1584 1859 Dw
1703 1822 1864 1868 μεγάλεις

444 1869 492 1914 D,
519 1880 620 1905 corr.
646 1870 715 1908 Dw
841 1869 1023 1916 τρὸπαα-ξλ
1051 1869 1098 1915 D,
1124 1871 1269 1914 τρόπαια
1297 1880 1397 1904 corr.
1425 1869 1493 1908 Dw
1615 1870 1660 1905 12
1683 1870 1743 1905 καὶ
1769 1874 1864 1905 ante

442 1918 534 1963 ἒφιλ.
563 1928 638 1953 om.
665 1918 712 1960 D,
740 1918 869 1963 suppl.
896 1918 964 1955 Dw
1104 1918 1156 1952 12.
1186 1918 1229 1952 13
1255 1918 1422 1962 θεόφιλος
1448 1944 1707 1952 ..........
1734 1917 1791 1952 τὸν
1816 1917 1865 1960 D,

445 1966 631 2001 lacunam
658 1966 786 2012 suppl.
813 1966 883 2003 Dw
1045 1965 1090 2000 14
1113 1966 1387 2010 μετακαλέσηται
1416 1966 1521 2010 Ewp‚
1545 1979 1681 2009 μετακα
1697 1991 1800 2001 .....
1815 1970 1865 1999 τῶ

444 2013 492 2058 D,
517 2014 792 2058 μετακαλέσηται
819 2013 888 2051 Dw
984 2014 1096 2052 πίστις
1114 2013 1161 2057 D,
1189 2024 1289 2048 corr.
1310 2013 1377 2050 Dw
1477 2013 1521 2048 15
1546 2013 1606 2048 καὶ
1621 2040 1628 2048 .
1643 2040 1651 2048 .
1669 2039 1676 2048 .
1690 2014 1866 2058 ἔγγραφον

444 2060 492 2106 D,
518 2061 578 2096 καὶ
604 2061 650 2096 δι’
676 2061 854 2107 ἐγγράφου
881 2061 950 2100 Dw
1083 2061 1241 2106 ἐγράφου
1269 2062 1353 2105 (sie)
1379 2059 1414 2095 A
1546 2062 1796 2106 χρυσημάντου
1823 2060 1864 2104 Β,

443 2143 635 2191 χρυσομάνξ
642 2159 701 2180 του
729 2144 768 2190 C,
793 2158 1013 2190 χρυσοσιμαν
1039 2145 1087 2190 D,
1115 2155 1215 2180 eorl.
1243 2144 1311 2182 Dw
1420 2143 1480 2179 καὶ
1506 2144 1623 2189 δόριος
1647 2143 1802 2190 μοναχός
1828 2145 1868 2180 ὂν

445 2193 493 2238 D,
517 2193 604 2238 μετά
629 2207 720 2232 τινος
747 2198 907 2238 μοναχοῦ
933 2193 1066 2232 στείλας
1092 2192 1161 2231 Dw

316 2331 360 2367 17
374 2333 622 2366 servatorem
656 2329 888 2376 appellabat
918 2333 958 2365 et
982 2330 1170 2365 munifice
1203 2329 1552 2366 remunerabatur.
1601 2328 1742 2375 Neque
1768 2339 1866 2365 vero

373 2378 497 2413 multo
525 2381 616 2423 post
642 2378 872 2413 invidorum
898 2379 1103 2413 hominum
1129 2378 1294 2423 linguae
1320 2378 1429 2422 regis
1455 2378 1632 2411 animum
1652 2378 1692 2411 in
1712 2381 1866 2412 eontra-

316 2427 361 2461 18
374 2427 477 2460 rium
503 2430 724 2470 verterunt,
764 2436 894 2471 eoque
922 2426 1170 2470 redegerunt
1196 2426 1373 2460 affectati
1409 2425 1524 2469 regni
1564 2425 1784 2468 calumniis,
1821 2428 1866 2460 ut

316 2473 620 2519 19'Phe0philus
657 2474 698 2508 in
739 2474 871 2508 animo
909 2473 1076 2508 haberet
1113 2472 1339 2508 Manuelem
1378 2482 1612 2507 excaecare.
1675 2471 1761 2514 Quo
1801 2473 1866 2507 ille

375 2523 538 2568 cognito
564 2522 605 2556 in
632 2520 915 2566 Agarenorum
941 2521 1129 2556 viciniam
1157 2521 1318 2566 aufugit
1353 2530 1574 2564 eorumque
1600 2519 1692 2554 duci
1719 2520 1866 2565 signifi-

375 2575 449 2613 cat,
478 2570 567 2615 quis
585 2570 653 2613 sit3
681 2569 824 2613 quodsi
851 2568 950 2603 fides
977 2568 1095 2603 detur
1119 2578 1162 2603 se
1188 2578 1269 2603 non
1295 2571 1477 2602 eoactum
1505 2568 1552 2602 iri
1577 2577 1691 2601 suam
1709 2568 1866 2613 religio-

315 2616 467 2652 20nem
505 2617 676 2660 eiurare,
716 2626 758 2651 se
797 2616 848 2650 ad
889 2617 1019 2662 ipsum
1059 2615 1322 2650 defecturum.
1373 2615 1442 2649 Ille
1481 2615 1615 2649 statim
1654 2615 1749 2649 data
1786 2615 1865 2650 fide

315 2665 359 2700 21
376 2665 505 2700 laetus
532 2674 624 2699 eum
650 2665 828 2709 suscipit.
870 2663 1032 2698 Manuel
1058 2663 1151 2698 dum
1178 2664 1232 2698 ibi
1258 2666 1455 2706 versatur,
1483 2663 1736 2707 praepositus
1754 2672 1865 2697 exer-

375 2713 470 2747 citui
497 2722 620 2756 saepe
645 2722 730 2746 rem
756 2711 860 2746 bene
885 2711 1011 2756 gessit
1036 2714 1176 2746 contra
1195 2710 1339 2745 Persas
1365 2719 1617 2755 magnosque
1642 2710 1865 2755 triumphos

315 2759 361 2794 22
375 2760 547 2804 adeptus
572 2759 774 2804 Agarenis
807 2763 845 2794 et
878 2769 996 2794 carus
1029 2761 1068 2794 et
1098 2758 1353 2792 admirationi
1379 2761 1477 2793 erat.
1528 2757 1772 2802 'lheophilus
1798 2767 1866 2792 au—

315 2807 361 2842 23
374 2811 454 2842 tem
473 2806 668 2842 Manu'elis
686 2808 787 2851 fuga
805 2816 929 2852 aegre
946 2806 1029 2842 lata
1056 2806 1106 2841 de
1132 2816 1179 2841 eo
1206 2805 1438 2841 revocando
1466 2805 1682 2850 cogitabat.
1720 2803 1866 2840 Scribit

375 2855 499 2900 igitur
525 2855 577 2889 ad
604 2865 694 2890 euni
713 2855 876 2899 litteias,
903 2855 1051 2900 quibus
1069 2853 1330 2889 iureiurando
1350 2853 1468 2888 fide-m
1495 2862 1608 2888 suam
1635 2852 1672 2887 ei
1698 2852 1865 2888 obstrin-

374 2903 511 2949 gebat,
536 2912 688 2948 easque
713 2912 838 2938 aureo
864 2901 995 2949 sigillo
1023 2901 1279 2938 confirmatas
1304 2911 1377 2948 per
1404 2900 1642 2937 monachum
1661 2899 1864 2947 quendam
