2054 3282
366 274 436 313 352
722 271 902 312 ZONAR.
931 272 1061 310 EPIT.
1087 268 1160 309 XV
1186 270 1241 318 24,
1268 269 1420 318 27—25,
1449 273 1505 308 10.

368 399 418 439 οὗ
449 397 552 452 μετὰ
583 396 751 452 μακρὸν
784 396 903 449 δίκην
934 394 1076 436 ἐκτίνει
1107 397 1179 448 τῆς
1201 393 1355 439 οἰκείας
1375 393 1642 447 παρανομίας
1663 393 1734 436 καὶ
1756 395 1862 436 ἀπο-

366 466 482 512 νοίας
512 466 582 506 καὶ
614 465 860 518 στερίσκεται
891 468 963 517 τῆς
995 463 1122 517 ζωῆς,
1158 461 1393 515 ἀναιρεθεὶς
1423 461 1647 515 βιαιότατα.

307 540 354 575 28
483 533 535 575 eO
564 532 755 587 βασιλεὺς
793 532 837 572 δὲ
871 530 1041 585 Μιχαὴλ
1081 530 1146 571 ἐπὶ
1183 531 1250 584 ἔτη
1296 530 1409 571 ὀκτὼ
1453 530 1524 571 καὶ
1566 535 1703 585 μῆνας
1746 531 1863 572 ε’ννέα

367 602 609 647 ἀπολαύσας
639 605 711 655 τῆς
741 599 949 654 βασιλείας
978 599 1175 653 νεφρίτιδι
1207 598 1323 652 νόσῳ
1354 598 1424 639 καὶ
1456 599 1656 653 ἒπισχέσει
1681 602 1767 640 τῶν
1790 600 1863 640 οὗ-

367 686 458 725 ρων
479 672 504 724 ἢ
529 669 764 722 ὃυσεντερίᾳ
799 667 969 722 (λέγεται
992 667 1070 721 γὰρ
1093 667 1163 708 καὶ
1185 665 1336 721 ἄμφω)
1365 667 1617 720 κατέστρεψε
1637 667 1711 721 τὴν
1733 668 1862 721 ζωήν,
1877 672 1900 707 5

307 746 353 781 29
366 744 427 792 τῷ
469 739 550 791 υἱῲ
587 736 785 791 Θεοφίλῳ
828 735 902 790 τὴν
945 736 1154 789 βασιλείαν
1198 735 1449 776 καταλιπών.
1512 733 1575 776 ἐπ”
1616 735 1777 776 ἐκείνου
1818 735 1863 777 δὲ

307 815 354 849 30
366 807 437 848 καὶ
468 807 493 860 ἡ
527 805 739 859 Δαλματία
776 808 848 858 τῆς
885 807 970 845 τῶν
997 803 1221 858 Ῥωμαίων
1261 804 1395 858 ἀρχῆς
1433 804 1647 858 ἀφηνίασε.
1708 804 1863 857 λέγεται

368 874 412 916 δὲ
444 874 514 915 καὶ
546 874 721 928 ἀρχαῖον
753 871 853 913 εἶναι
883 871 1076 927 χρησμὸν
1109 872 1266 913 οὑτωσί
1293 887 1388 918 πως
1418 873 1683 926 περιέχοντα·

322 951 353 985 Β
641 940 749 996 ἀρχὴ
783 944 933 982 κακῶν
965 957 1009 994 γε
1040 944 1329 995 προσπεσεῖται
1360 945 1409 995 τῇ
1441 941 1577 995 χθονί,

642 1010 740 1051 ὅταν
771 1009 957 1063 κατάρξῃ
990 1013 1062 1063 τῆς
1094 1009 1355 1064 Βαβυλῶνος
1389 1008 1563 1063 δράκων
1880 1014 1926 1049 10

642 1078 902 1132 ὃύσγλωττος
934 1075 1056 1124 οὗτος
1087 1077 1158 1118 καὶ
1190 1077 1445 1132 φιλόχρυσος
1475 1077 1578 1119 λίαν.

367 1147 438 1190 καὶ
468 1147 521 1203 ἦν
553 1148 614 1193 ὡς
645 1147 821 1201 ἀληθῶς
853 1147 1010 1192 ἐκεῖνος
1040 1146 1130 1187 λίαν
1161 1145 1525 1200 φιλοχρυσότατος.

297 1220 354 1263 25
487 1216 768 1271 Αὖταρχήσας
800 1215 845 1256 δὲ
877 1215 901 1256 ὁ
939 1214 1145 1269 Θεόφιλος
1175 1218 1346 1269 πρῶτον
1378 1214 1600 1268 ἐποιήσατο
1632 1215 1755 1269 ἔργον
1791 1214 1864 1269 τὴν

367 1285 538 1327 κόλασιν
568 1289 653 1326 τῶν
683 1289 745 1338 τῷ
775 1283 898 1339 πατρὶ
930 1285 1058 1325 αὐτοῦ
1091 1284 1398 1338 συναραμένων
1420 1284 1476 1329 εἷς
1497 1283 1543 1324 τὸ
1564 1287 1636 1337 τῆς
1657 1283 1864 1337 βασιλείας

333 1358 503 1409 2τυχεῒν
533 1354 604 1395 καὶ
636 1353 868 1395 ἀνελόντων
896 1352 966 1394 τὸν
987 1352 1161 1394 Λέοντα.
1223 1351 1294 1393 καὶ
1325 1353 1389 1393 ἵνα
1420 1352 1480 1406 μή
1513 1368 1570 1398 τις
1603 1352 1744 1392 αὐτῶν
1776 1351 1864 1393 δια·
1881 1353 1925 1388 15

369 1493 392 1528 3
416 1491 553 1538 τελευτὴ
576 1491 723 1538 ΛΙιχαὴλ
749 1496 809 1526 τοῦ
837 1491 1010 1537 βασιλέως
1030 1490 1058 1527 C
1158 1491 1202 1526 13
1227 1491 1385 1536 βασιλεία
1410 1495 1471 1525 τοῦ
1499 1492 1590 1533 (om.
1609 1489 1758 1532 ABCE)
1781 1490 1864 1525 Θεο-

369 1541 474 1586 φίλου
499 1540 698 1578 ARwav
723 1541 802 1575 υἱοῦ
828 1539 934 1574 αὐτοῦ
960 1538 995 1574 Α
1225 1540 1321 1577 ὅπως
1347 1539 1513 1573 ἐκόλασεν
1538 1539 1558 1573 ὁ
1586 1538 1761 1583 Θεόφιλος
1785 1537 1864 1576 τοὺς

369 1589 550 1627 ἀνελόντας
575 1587 633 1623 τὸν
657 1588 792 1623 Λέοντα
819 1586 882 1623 ΟΕ

441 1717 460 1751 1
486 1715 618 1762 μικρὸν
643 1716 689 1761 D,
720 1727 820 1751 corr.
845 1715 913 1753 Dw
1034 1716 1116 1750 τίνει
1143 1715 1186 1757 Β,
1214 1715 1354 1750 ἐκτείνει
1381 1714 1429 1758 D,
1457 1714 1600 1750 ἒκτίννει
1625 1714 1656 1748 Ε
1766 1713 1790 1748 4
1813 1727 1864 1748 νε·

441 1766 575 1810 φρίτιδι
602 1763 670 1799 ΑΕ
696 1765 748 1806 (v.
775 1764 1002 1799 Hirschium
1029 1764 1127 1809 Byz.
1155 1762 1270 1798 Stucl.
1299 1774 1335 1808 p.
1362 1763 1457 1807 384),
1489 1762 1657 1808 φρενίτιδι
1685 1761 1782 1807 pr

441 1813 463 1848 5
489 1813 704 1857 δυςεντερίαν
728 1811 775 1856 D,
807 1822 908 1847 corr.
935 1811 1014 1856 Dw‚
1044 1812 1210 1855 δυςουριά
1237 1810 1265 1846 C
1394 1811 1415 1845 6
1441 1810 1479 1845 δὲ
1507 1821 1581 1845 om.
1604 1809 1634 1843 E
1757 1809 1778 1844 7
1804 1809 1864 1843 καὶ

442 1871 518 1895 om.
536 1860 566 1894 B
664 1860 686 1905 ἡ
718 1870 792 1894 om.
820 1858 906 1904 Wssp
934 1859 1069 1894 invitis
1090 1859 1161 1893 AR
1265 1858 1435 1902 δαλματία
1462 1857 1542 1902 ΑΟ,
1569 1858 1757 1902 δαλματεία
1783 1857 1863 1900 EW,

442 1919 542 1943 corr.
569 1919 594 1953 p
716 1908 738 1942 8
766 1906 816 1951 δὲ]
844 1907 909 1952 γὰρ
936 1906 971 1940 D
1091 1905 1265 1951 χρησμὸν]
1294 1906 1403 1941 Idem
1432 1906 1639 1940 oraculum
1667 1908 1727 1940 est
1753 1904 1864 1949 apud

442 1955 620 2000 Theoph.
652 1958 755 1990 cont.
790 1966 826 2000 p.
854 1955 910 1998 84,
938 1954 970 1998 7,
1010 1953 1116 1999 Sym.
1143 1965 1249 1999 mag.
1284 1965 1320 1999 p.
1347 1954 1426 1998 622,
1451 1954 1473 1988 5
1508 1955 1559 1995 (v.
1587 1953 1814 1988 Hirschium
1841 1952 1864 1986 l.

442 2014 474 2038 c.
501 2014 537 2048 p.
564 2003 634 2038 329
648 2003 703 2047 s.),
732 2002 846 2038 Cedr.
873 2002 1063 2048 (Scylitz.)
1091 2002 1127 2036 II
1154 2013 1190 2047 p.
1218 2002 1275 2043 99,
1304 2002 1348 2036 12
1482 2002 1503 2036 9
1529 2015 1566 2046 γε
1594 2011 1669 2036 om.
1696 1999 1744 2042 D,
1771 1999 1864 2034 add.

440 2051 519 2095 Dw,
547 2050 586 2085 δὲ
612 2050 727 2087 Cedr.
846 2055 1086 2095 προςπεσεῒται
1111 2049 1209 2095 pr
1236 2049 1415 2094 Tlicoph.
1444 2052 1559 2093 cont„
1588 2048 1713 2092 Cedr„
1739 2061 1864 2092 προπε-

440 2105 546 2134 σεΐται
564 2097 611 2143 A,
628 2105 779 2133 πεσεῖται
799 2097 906 2143 Sym.
1000 2098 1044 2132 10
1061 2098 1184 2142 ἄρχων
1203 2097 1249 2142 D,
1272 2108 1371 2132 corr.
1391 2097 1537 2141 δράκων
1555 2096 1623 2134 Dw
1721 2095 1763 2129 11
1784 2095 1864 2130 δύσ-

439 2148 596 2192 γλωσσος
614 2146 791 2192 Theoph.
812 2148 928 2188 cont„
956 2145 1062 2191 Sym.
1146 2144 1258 2189 οὗτος]
1285 2145 1398 2189 ἄρδην
1416 2144 1593 2189 Theoph.
1614 2146 1730 2187 cont.,
1758 2141 1864 2188 Sym.

488 2195 714 2240 φυλόχρυσος
741 2193 824 2239 wssp
935 2194 980 2228 15
1006 2192 1136 2238 αὐτῶν]
1163 2192 1267 2228 αὐτὸν
1290 2193 1294 2236 Ι
1317 2193 1348 2226 Ε
1457 2192 1609 2236 διαλάθη
1638 2190 1668 2226 Ο

369 2326 615 2373 Euphemius
641 2325 803 2362 sceleris
830 2328 869 2361 et
894 2325 1130 2361 temeritatis
1157 2324 1226 2359 dat
1252 2333 1415 2370 poenas,
1446 2322 1719 2358 crudelissime
1747 2322 1864 2356 inter-

370 2376 512 2410 fectus.

310 2422 356 2458 28
489 2422 576 2458 Rex
602 2421 781 2466 Michael,
810 2431 899 2456 cum
928 2423 1017 2456 octo
1045 2430 1173 2455 annos
1200 2422 1239 2454 et
1264 2429 1411 2454 novem
1435 2428 1592 2453 menses
1619 2417 1863 2462 imperasset,

371 2470 597 2516 nephritide
632 2472 671 2504 et
702 2470 927 2504 retentione
957 2469 1100 2503 urinae
1135 2468 1220 2503 sive
1253 2466 1484 2511 dysenteria
1514 2468 1619 2507 (uam
1649 2469 1864 2508 utrumque

310 2518 357 2553 29
371 2519 514 2559 fertur)
542 2517 650 2562 obiit,
677 2517 844 2562 imperio
871 2516 951 2551 filio
979 2515 1200 2560 Theophilo
1227 2515 1376 2549 relicto.
1422 2512 1504 2548 Sub
1532 2513 1598 2546 illo
1626 2513 1744 2546 etiam
1773 2511 1865 2545 Dal-

311 2566 359 2601 30
371 2566 494 2600 matia
511 2565 682 2600 Romani
707 2564 864 2610 imperii
890 2564 1032 2609 iugum
1055 2563 1243 2597 excussit.
1290 2562 1338 2596 Et
1365 2561 1510 2596 dicitur
1537 2563 1739 2595 vetustum
1766 2558 1865 2593 illud

372 2613 579 2648 oraculum
605 2613 750 2647 fuisse:

654 2659 864 2704 Babylone
890 2658 1053 2704 quando
1080 2657 1230 2692 Balbus
1256 2656 1524 2701 imperaverit,

654 2707 788 2743 Draco
816 2707 1008 2743 subactus
1035 2706 1124 2740 auri
1150 2715 1286 2739 amore
1313 2704 1480 2749 perdito,

655 2755 791 2790 Tellus
818 2754 1012 2789 malorum
1038 2753 1184 2788 sentiet
1210 2751 1438 2797 primordia.

371 2803 467 2839 Erat
493 2806 627 2838 autem
654 2803 719 2838 ille
747 2802 907 2838 omnino
935 2800 1206 2836 avarissimus.

490 2851 546 2886 25.
597 2851 769 2896 Imperio
795 2851 946 2895 potitus
973 2849 1245 2883 THEOPHILVS
1271 2846 1368 2881 nihil
1398 2847 1531 2891 potius
1556 2845 1707 2889 habuit,
1743 2854 1864 2890 quam

371 2901 417 2933 ut
454 2909 534 2938 cos,
574 2899 642 2943 qui
681 2899 786 2943 patri
825 2897 877 2932 ad
915 2906 1088 2942 regnum
1127 2894 1390 2930 obtinendum
1429 2894 1660 2928 adiumento
1703 2894 1865 2927 fuerant

336 2945 630 2992 2Leonemque
665 2946 962 2989 interfecerant,
1001 2943 1207 2990 suppliciis
1239 2942 1430 2977 afficeret.
1481 2941 1658 2984 Quorum
1690 2950 1741 2975 ne
1777 2940 1865 2986 quis
