2054 3282
83 647 111 684 Ρ
121 649 157 684 ΙΙ
165 649 235 685 235
245 648 276 684 A
305 650 326 685 5
341 647 540 700 ετρέπετο.

341 253 411 288 586
726 252 907 290 ZONAR.
935 252 1064 288 EPIT.
1093 252 1203 288 XVII
1231 252 1285 297 14,
1311 252 1440 289 4—14.

342 375 476 428 βοῧσα
515 375 652 416 τοίνυν
688 373 816 420 εὐθὺς
847 373 917 415 τὸν
950 372 1121 427 ᾸῙιχαὴλ
1153 373 1223 414 καὶ
1255 373 1404 428 στολὴν
1434 375 1550 429 αὐτῷ
1580 376 1831 431 περιθεμένη

341 442 546 496 βασίλειον
582 442 653 483 καὶ
685 443 906 496 διαδήματι
936 441 1010 495 τὴν
1041 442 1200 483 ἐκείνου
1232 442 1421 497 κεφαλὴν
1452 443 1554 497 αὐτὴ
1588 444 1832 499 ἀναδήσασα

341 510 411 551 καὶ
443 511 507 551 ε’πὶ
538 511 691 551 θώκου
722 510 939 564 βασιλικοῦ
971 510 1266 564 καθιδρύσασα
1299 511 1369 552 καὶ
1401 512 1503 566 αὐτὴ
1536 513 1832 566 παρακαθισα-

339 579 444 632 μένη
476 582 575 619 πᾶσι
605 583 688 624 τοῖς
719 578 807 619 τότε
838 583 1019 632 παροῦσι
1050 578 1121 620 καὶ
1142 580 1345 633 εὐφημεῖν
1366 580 1437 621 καὶ
1457 585 1706 634 προσκυνεῖν
1726 597 1832 635 προ-

341 714 522 768 γαμικὴν
550 712 612 755 ἐπ’
638 716 777 761 αὐτοῖς
799 716 990 769 γενέσθαι
1014 715 1248 770 ἱστόρησαν,
1280 720 1354 757 τοῦ
1375 717 1634 771 πατριάρχου
1651 717 1832 766 Ἀλεξίου

341 783 601 836 ἀφικομένου
633 782 741 836 πρὸς
771 783 820 824 τὰ
853 784 1037 838 βασίλεια
1068 784 1140 825 καὶ
1170 783 1241 826 τὸν
1270 784 1349 838 μὲν
1375 784 1595 839 Ῥωμανὸν
1624 786 1833 827 τεθνεῶτα

340 851 662 905 καταλαβόντος,
695 851 767 893 τὸν
799 852 846 893 δέ
867 869 911 906 γε
934 852 1106 906 ῘΡΙιχαὴλ
1138 854 1192 894 ἔτι
1222 852 1271 894 τὰ
1304 853 1369 894 ἐπὶ
1399 858 1448 908 τῇ
1479 853 1662 908 βασιλείᾳ
1693 853 1832 895 τελού-

305 924 326 958 6
339 935 478 973 μενον.
540 920 621 975 ἤδη
657 920 702 961 δὲ
734 921 805 961 καὶ
835 925 920 967 τοῖς
951 922 1034 969 ἔξω
1069 921 1338 968 διαδοθέντος
1376 926 1449 963 τοῦ
1489 922 1719 976 γεγονότος,
1763 922 1833 964 καὶ

604 647 643 688 οἱ
677 646 722 688 δὲ
753 646 824 687 καὶ
854 647 944 688 τότε
975 647 1122 688 αὐτίκα
1158 647 1307 694 νυκτὸς
1337 647 1410 702 τὴν
1442 649 1730 702 ἷεροτελεστίαν
1759 648 1868 703 τὴνὸ

2036 220 2054 612 ἔμολ’-»Μ’ΜῑΜᾶῆιᾱςάἎ
2051 196 2054 201 ,
2051 177 2053 180 Α

339 992 452 1029 πᾶσα
485 990 510 1043 ἡ
543 989 661 1035 πόλις
691 988 762 1030 τὸν
793 990 888 1031 νέον
920 989 1171 1044 ἀνηγόρευεν
1201 991 1504 1044 αὐτοκράτορα,
1537 989 1583 1031 τὸ
1613 990 1691 1045 μὲν
1716 991 1882 1045 αὐτῷΒ
1903 994 1955 1031 IV
1976 995 2043 1032 137

340 1057 622 1111 χαριζόμενοι,
666 1057 712 1099 τὸ
752 1055 788 1099 δ’
823 1058 883 1099 ὅτι
921 1057 992 1099 τὸν
1031 1057 1202 1100 ἀπιόντα
1242 1059 1571 1112 ἀπεφορτίσαντο
1607 1059 1830 1113 χαίροντες.

306 1126 365 1180 7ἡ
403 1125 481 1179 μὲν
521 1125 597 1167 οὖν
635 1126 794 1180 βασιλὶς
830 1128 936 1181 ᾤετο
975 1126 1285 1181 βουλεύσασθαι
1323 1128 1466 1181 ἄριστα
1502 1127 1573 1168 καὶ
1604 1128 1730 1182 ἑαυτῇ
1760 1127 1834 1182 τὴν
1892 1123 1894 1125 ’

340 1198 479 1235 πᾶσαν
510 1195 702 1243 ἐξουσίαν
730 1195 1082 1249 περιποιήσασθαι
1103 1196 1173 1237 καὶ
1194 1195 1266 1237 τὸν
1286 1196 1459 1250 Μιχαὴλ
1480 1197 1689 1251 ὑπηρέτην
1710 1197 1830 1244 ἕξειν·

305 1262 386 1304 Sto
419 1263 466 1304 δέ
495 1280 530 1304 τι
569 1264 750 1318 ἑτεροῖον
787 1265 1040 1318 συμβέβηκε.
1101 1265 1225 1319 μέχρι
1254 1264 1332 1319 μὲν
1364 1265 1443 1319 γάρ
1474 1280 1582 1310 τινος
1613 1265 1832 1319 ἐσχηματί-

295 1332 432 1379 Βζετο
468 1336 605 1386 τηρεῖν
640 1331 749 1386 πρὸς
786 1331 861 1386 τὴν
891 1332 1081 1387 βασιλίδα
1115 1333 1300 1374 διάθεσιν
1330 1333 1401 1374 καὶ
1431 1334 1556 1387 ταύτῃ
1589 1333 1833 1387 χαρίζεσθαι
1849 1334 1894 1370 15

305 1403 326 1436 9
341 1400 411 1440 καὶ
442 1399 490 1440 τὰ
523 1401 656 1454 ἐκείνῃ
689 1401 865 1454 θυμήρη
898 1405 1044 1442 ποιεῖν·
1077 1400 1159 1442 εἶτα
1193 1402 1271 1442 οῖ”κ
1300 1402 1357 1447 εἰς
1376 1401 1546 1455 μακρὸν
1568 1402 1739 1444 ἐκτεῖναι
1759 1401 1833 1456 τὴν

339 1469 615 1522 προσποίησιν
659 1469 946 1522 ἀνασχόμενος
982 1469 1313 1523 μεθαρμόττεται
1351 1469 1422 1510 καὶ
1453 1470 1673 1511 ὑποπτεύει
1705 1469 1834 1525 αὐτὴν

340 1536 411 1577 καὶ
435 1535 572 1582 δείσας
592 1536 687 1589 περὶ
710 1537 847 1590 ἑαυτῷ
867 1537 1084 1591 μεθίστησι
1114 1537 1191 1591 μὲν
1222 1541 1307 1579 τῶν
1337 1538 1558 1592 βασιλείων
1588 1537 1684 1585 τοὺς
1716 1539 1832 1580 ἕκτο-

339 1605 438 1658 μίας
467 1603 566 1651 τοὺς
597 1605 725 1660 αὐτῆς
754 1604 981 1660 πατρῴους
1011 1606 1276 1660 θεράποντας
1306 1605 1377 1647 καὶ
1397 1605 1470 1653 τὰς
1492 1607 1618 1662 αὐτῆς
1639 1607 1835 1661 συνήθεις

345 1764 386 1799 12
412 1766 497 1803 οἵως
523 1764 635 1809 (ὅπως
661 1765 706 1810 Ε)
733 1766 872 1811 διετέθη
898 1765 985 1810 πρὸς
1011 1765 1071 1811 τὴν
1095 1766 1259 1811 βασιλίδα
1285 1766 1305 1799 ὁ
1328 1767 1474 1812 Μιχαήλ
1501 1765 1563 1803 ΟΕ

412 1914 434 1949 5
452 1914 498 1958 οἵ]
517 1915 600 1950 ἔνιοι
619 1914 781 1960 BCEwp
881 1916 901 1951 7
917 1916 1196 1961 μετακληθέντος
1213 1915 1277 1951 BC
1374 1916 1396 1951 9
1414 1916 1474 1951 καὶ
1492 1916 1660 1951 alterum
1681 1928 1754 1952 om.
1770 1917 1833 1953 BC

415 1962 459 1996 14
483 1962 698 2008 ἀποβεβήκει
726 1963 788 1999 BC
951 1964 994 1998 15
1021 1967 1110 2009 post
1137 1969 1254 2008 τηρεῖν
1281 1964 1372 1998 add.
1398 1963 1460 2009 τὴν
1488 1963 1672 2009 wapDi
1698 1965 1834 1999 invitis

412 2009 484 2044 AR
502 2013 541 2045 et
559 2010 674 2045 Psell.
699 2022 735 2056 p.
754 2010 810 2054 50,
828 2011 871 2046 16
970 2012 1014 2046 16
1040 2011 1183 2056 μακρὰν
1202 2010 1405 2056 DEwpDi‚
1433 2022 1470 2046 V.
1498 2012 1550 2046 ad
1568 2012 1698 2047 XVIII
1717 2013 1773 2056 22,
1791 2013 1834 2048 17

415 2058 460 2092 18
485 2058 601 2099 δείξας
623 2058 658 2092 D
756 2073 784 2093 τ.
810 2059 974 2104 ἐκτομίας
1003 2058 1122 2094 0111.C
1222 2059 1266 2093 19
1291 2059 1379 2104 αὐτῇ
1404 2059 1569 2105 συνήθεις
1595 2059 1835 2106 BSCEwpDi

304 2202 373 2241 4si
406 2216 487 2251 qua
518 2207 559 2241 in
594 2208 759 2253 negotio
792 2219 906 2244 mora
935 2209 1272 2255 interponeretur.
1323 2207 1464 2245 Statim
1499 2209 1624 2254 igitur
1650 2208 1834 2245 Michaeli

342 2257 528 2289 ornatum
554 2256 711 2301 regium
737 2257 1015 2291 accommodat
1041 2260 1163 2302 atque
1190 2257 1276 2292 eius
1303 2260 1425 2302 caput
1451 2256 1678 2292 diademate
1705 2261 1832 2301 ornat,

341 2305 425 2336 tum
464 2303 501 2337 ei
534 2302 575 2336 in
609 2303 723 2348 regio
759 2303 857 2339 solio
897 2304 1092 2340 collocato
1133 2305 1314 2339 assidens
1356 2315 1504 2348 omnes,
1544 2305 1612 2349 qui
1652 2305 1833 2349 aderant,

305 2345 536 2389 5h0rtatur‚
563 2353 608 2385 ut
627 2360 718 2386 eum
736 2351 911 2387 salutent
930 2355 968 2387 et
995 2352 1175 2387 adorent.
1228 2352 1399 2393 Quidam
1426 2355 1612 2387 auctores
1638 2355 1730 2387 sunt
1749 2355 1832 2387 tum

341 2397 473 2431 statim
489 2407 646 2432 sacrum
662 2399 842 2442 nuptiale
857 2403 974 2434 nocte
985 2402 1205 2444 peractum,
1220 2400 1450 2444 patriarcha
1464 2398 1607 2435 Alexio
1622 2400 1662 2434 in
1677 2400 1833 2444 regiam

341 2445 544 2488 arcessito,
565 2446 633 2490 qui
653 2448 691 2481 et
709 2445 933 2481 Romanum
953 2451 1153 2482 mortuum
1174 2450 1212 2482 et
1230 2447 1462 2482 Michaelem
1478 2447 1634 2493 imperii
1652 2448 1834 2492 auspicia

305 2489 438 2526 6tunc
464 2497 727 2537 peragentem
757 2493 970 2529 invenerit.
1021 2494 1175 2535 Quibus
1206 2495 1329 2529 rebus
1362 2495 1481 2529 etiam
1515 2494 1612 2530 foris
1644 2494 1832 2539 vulgatis,

341 2542 426 2573 tota
453 2540 595 2575 civitas
621 2551 772 2575 novum
800 2542 1082 2586 imperatorem
1114 2542 1405 2585 consalutabat,
1442 2543 1586 2586 partim
1620 2542 1712 2576 huic
1744 2553 1833 2587 gra-

306 2585 326 2619 7
342 2587 549 2629 tificantes,
576 2589 722 2632 partim
741 2589 846 2632 laeti,
874 2589 941 2634 qui
961 2589 1141 2624 defuncti
1161 2589 1252 2624 odio
1271 2589 1430 2624 liberati
1453 2592 1596 2625 essent.
1635 2589 1832 2634 Reginam

341 2641 476 2669 autem
509 2639 637 2669 rata-m
671 2646 714 2670 se
745 2646 865 2681 quam
898 2637 1117 2672 rectissime
1143 2637 1219 2672 sibi
1252 2637 1507 2682 prospexisse
1547 2637 1736 2681 omnique
1767 2647 1833 2681 po-

341 2684 486 2716 testate
508 2682 548 2716 in
576 2693 618 2717 se
645 2684 839 2718 translata
857 2683 1091 2719 Michaelem
1111 2684 1337 2718 habituram
1357 2685 1579 2719 ministrum
1599 2694 1690 2729 spes
1715 2683 1834 2719 valde

305 2728 493 2763 Sfefellit.
543 2729 644 2765 Nam
683 2730 932 2775 aliquamdiu
965 2731 1030 2766 ille
1069 2731 1231 2776 quidem
1266 2732 1434 2776 pristino
1473 2742 1610 2766 amore
1648 2731 1832 2766 simulato

343 2776 545 2821 obsequiis
570 2777 778 2813 mulierem
805 2778 1058 2814 demulcebat
1085 2788 1225 2823 eaque,
1253 2789 1358 2823 quae
1385 2779 1439 2812 illi
1462 2783 1581 2824 grata
1608 2781 1750 2822 essent,
1778 2780 1833 2813 fa-

305 2821 485 2858 9eiebat.
536 2823 616 2860 Sed
650 2835 741 2859 cum
778 2826 1071 2861 simulationem
1107 2825 1268 2871 longius
1303 2826 1529 2871 producere
1563 2837 1643 2861 non
1687 2829 1832 2870 posset,

341 2871 504 2905 mutatis
531 2872 709 2907 moribus
737 2882 824 2908 eam
852 2876 1080 2918 suspectam
1106 2873 1228 2908 habet
1254 2876 1293 2908 et
1319 2873 1394 2907 sibi
1420 2876 1602 2908 metuens
1623 2874 1832 2918 primarios

341 2917 446 2953 illius
473 2919 675 2955 ministros
702 2923 897 2956 castratos
926 2931 948 2956 e
973 2921 1089 2966 regia
1116 2921 1218 2965 eicit,
1254 2920 1407 2955 ancillis
1433 2922 1527 2956 item
1554 2921 1696 2956 amotis
1722 2920 1832 2955 fami-

2039 3055 2043 3070 ’“
2036 2912 2054 3026 ‘tw-³5:429&
2046 2884 2047 2888 Α
