2054 3282
366 233 435 269 368
733 232 912 272 ZONAR.
941 232 1072 271 EPJT.
1100 231 1170 272 XV
1197 232 1252 281 27,
1279 237 1431 283 20-28,
1458 234 1490 274 2.

304 360 351 395 2Ο
486 355 523 396 T
518 359 580 396 ῶν
618 356 662 397 δὲ
694 356 889 410 Ἀράβων
927 361 1011 403 ταῖς
1039 357 1291 411 Ἱ)(ι)μαϊκαῒς
1329 359 1593 402 ἐπελθόντων
1636 364 1796 416 χώραις
1832 365 1856 407 ὁ

368 423 573 478 Θεόφιλος
605 425 889 477 ἐξεστράτευσε
921 425 1010 465 κατ’
1045 426 1197 478 (ιῧτῶν,
1232 428 1342 480 ἔχων
1363 426 1462 480 μεθ’
1485 430 1635 471 ἑαυτοῦ
1657 431 1727 472 τὸν
1749 432 1855 474 Θεό-

301 496 343 532 21
361 493 500 546 φοβον
531 493 600 533 καὶ
632 493 702 533 τὸν
725 493 943 547 Μανονήλ.
1008 493 1065 534 τὼ
1100 493 1136 534 δ’
1171 496 1298 549 ἤστην
1330 496 1456 549 ἄνδρε
1487 498 1557 538 καὶ
1587 500 1762 552 γενναία)
1784 502 1855 543 καὶ

309 560 513 614 Βᾶγαθὼ
545 560 592 601 τοὶ
625 561 841 614 πολεμικά,
875 560 936 602 ὧν
970 562 992 602 ὁ
1023 562 1100 614 μὲν
1125 563 1330 617 Μανουὴλ
1364 565 1489 618 δῆλος
1520 567 1671 608 ἅπασιν
1702 568 1754 622 ἦν
1784 570 1856 611 καὶ

359 634 442 675 τοῖς
473 630 667 674 ἐναντίοις
699 630 838 675 αὐτοῖς
869 630 1066 675 πολλάκις
1098 647 1138 671 τε
1170 633 1454 686 στρατηγήσας
1485 634 1556 675 καὶ
1582 638 1890 691 πρωτοστρά-5

300 703 345 738 22
358 713 445 751 τωρ
477 702 550 739 τοῦ
581 698 786 751 βασιλέως
818 698 990 752 Ζῑῖιχαὴλ
1022 703 1094 740 τοῦ
1122 699 1324 754 Ῥαγγαβὲ
1356 703 1550 755 γεγονώς.
1613 704 1637 744 ὁ
1670 705 1715 746 δὲ
1747 705 1852 748 Θεό-

358 768 495 820 φοβος
526 767 671 819 γένους
701 766 778 820 μὲν
810 767 1010 820 κατήγετο
1047 767 1270 822 Περσικοῦ,
1316 769 1474 824 ἐτράφη
1509 769 1546 811 δ’
1581 772 1624 812 ἓν
1654 778 1704 827 τῇ
1734 774 1852 827 βασι-

356 835 433 876 λίδι
464 838 549 875 τῶν
579 835 745 876 πόλεων
776 835 846 875 καὶ
877 835 976 889 παρ’
1011 836 1115 891 αὐτῇ
1149 837 1297 891 διῆγεν,
1342 839 1509 893 ἀφανὴς
1549 841 1612 881 ὢν
1643 842 1714 882 καὶ
1743 843 1852 897 μηδὲ

297 908 343 943 23
357 903 677 957 γινωσκόμενος.
739 904 893 957 λέγεται
926 904 970 945 δὲ
1002 904 1072 946 τὸν
1103 907 1261 959 πατέρα
1285 907 1413 947 αὐτοῦ
1437 908 1483 949 ἐκ
1506 913 1576 963 τῆς
1596 909 1712 963 παρὰ
1735 910 1851 965 Πέρ-

356 987 446 1017 σαις
476 972 690 1026 βασιλικῆς
727 973 905 1026 ἐκφῦναι
944 973 1096 1027 φυλῆς·
1142 974 1443 1017 ἐκλελοιπότων
1475 976 1520 1017 δὲ
1551 982 1634 1023 τοῖς
1667 977 1913 1032 ΠέρσαιςΙΟ

355 1044 439 1081 τῶν
471 1041 516 1081 ἐκ
554 1044 626 1081 τοῦ
665 1041 872 1095 βασιλείου
896 1042 1070 1095 γένους,
1115 1044 1269 1095 μαθεῖν
1313 1043 1464 1090 αὐτοὺς
1508 1045 1569 1090 ὡς
1612 1047 1692 1087 ἔστι
1733 1047 1849 1101 παρὰ

350 1108 572 1163 ἶΡωΙιιαίοις
610 1109 715 1163 ἀνὴρ
754 1110 799 1150 §x
841 1110 987 1163 γένους
1031 1110 1167 1151 ἕλκων
1210 1112 1425 1165 βασιλικοῦ
1470 1113 1543 1167 τὴν
1586 1115 1736 1168 σειράν,
1779 1116 1850 1157 καὶ

295 1182 342 1218 24
355 1177 582 1232 ἀφικέσθαι
622 1179 787 1232 ζήτησιν
824 1180 1104 1232 ποιουμένους
1143 1180 1282 1220 αὐτοῦ.
1346 1181 1407 1227 ὡς
1440 1179 1476 1222 δ’
1510 1182 1665 1237 εὑρέθη
1701 1184 1848 1238 ζητού-

353 1262 492 1300 μενος,
539 1247 704 1300 γέγονεν
737 1247 927 1288 ἐντεῦθεν
959 1247 1143 1300 γνωστὸς
1174 1248 1244 1288 καὶ
1275 1253 1336 1302 τῷ
1367 1250 1528 1302 βασιλεῖ
1553 1251 1623 1291 καὶ
1654 1252 1710 1297 εἰς
1740 1253 1898 1307 μέγαΙ)
1917 1258 2050 1295 ΙΠ41]

139 1318 336 1356 ΡΙΙῙ48Α
353 1315 479 1370 τύχης
511 1316 693 1370 ἀνήχθη,
726 1317 940 1370 πατρίκιος
971 1316 1157 1370 τιμηθεὶς
1189 1317 1258 1357 καὶ
1289 1322 1338 1372 τῇ
1369 1322 1441 1359 τοῦ
1474 1319 1679 1372 βασιλέως
1710 1336 1846 1363 συνοι-
1863 1329 1908 1365 15

293 1389 339 1425 25
353 1384 511 1430 κισθεὶς
542 1384 716 1439 ἀδελφῇ.
777 1383 936 1430 τούτοις
974 1383 1050 1425 οὗν
1087 1389 1171 1431 τοῖς
1210 1386 1441 1440 εἰρημένοις
1479 1387 1639 1442 ἀμφοῖν
1672 1389 1846 1443 ἀνδράσι

293 1458 338 1494 26
352 1452 572 1498 πεποιθὼς
604 1452 628 1494 ὁ
665 1451 871 1507 Θεόφιλος
903 1453 1133 1508 ἀντεπῆλθε
1164 1458 1248 1500 τοῖς
1280 1454 1485 1501 ἐναντίοις.
1538 1456 1600 1502 ὡς
1625 1456 1702 1498 οὗν
1723 1458 1846 1514 ἀλλή-

352 1570 370 1604 1
398 1570 476 1614 περὶ
502 1575 562 1605 τοῦ
587 1569 760 1616 Μανουὴλ
787 1570 847 1606 καὶ
872 1575 932 1606 τοῦ
963 1571 1151 1617 Θεοφόβου
1179 1571 1278 1607 ACE
1448 1573 1492 1608 17
1520 1574 1571 1608 ὅτι
1596 1580 1666 1613 τοῖς
1691 1575 1845 1620 Πέρσαις

349 1619 551 1663 μαχόμενος
577 1619 598 1652 ὁ
625 1619 799 1663 Θεόφιλος
824 1618 976 1664 ἡττήθη·
1017 1619 1077 1654 καὶ
1102 1619 1178 1665 ἥλω
1207 1620 1304 1664 (εἴλω
1333 1619 1413 1663 CW)
1440 1621 1482 1656 ἄν
1509 1622 1598 1667 (ἥλω
1626 1621 1665 1657 δὲ
1699 1624 1844 1660 omisso

350 1665 393 1701 ἄν
419 1666 476 1710 E),
503 1667 535 1700 εἰ
558 1665 608 1712 μὴ
635 1667 656 1700 ὁ
682 1667 867 1712 Θεόφοβος
892 1666 1089 1712 ἐβοήθησεν
1118 1666 1180 1703 CE

423 1785 440 1819 1
467 1785 571 1830 χώρα
597 1784 644 1829 D,
673 1796 773 1821 corr.
801 1785 869 1823 Dw
989 1786 1011 1820 ‘2
1037 1787 1216 1832 θεόφοβον
1242 1785 1388 1833 Apr,
1416 1788 1480 1823 θεο
1503 1788 1508 1832 1
1532 1787 1572 1831 C,
1600 1790 1782 1836 θεόβοφον
1807 1790 1844 1826 D

421 1833 443 1868 3
468 1834 594 1878 ἄνδρες
619 1833 655 1867 D
788 1834 810 1868 4
834 1834 983 1879 πολέμια
1009 1833 1107 1880 pr
1236 1835 1258 1870 5
1284 1839 1374 1881 post
1397 1837 1636 1882 στρατηγήσας
1665 1838 1757 1874 add.
1783 1839 1844 1874 καὶ

420 1879 624 1925 ἀριστεύσας
651 1880 818 1926 prDi,
846 1893 921 1917 om.
948 1881 1027 1925 AE,
1055 1893 1091 1917 v.
1121 1881 1235 1918 Cedr.
1263 1883 1454 1929 (Scylitz.)
1480 1884 1519 1919 II
1545 1895 1582 1930 p.
1610 1885 1688 1930 120,
1713 1886 1738 1920 4

465 1929 748 1973 πρωτοστράτωρ
774 1929 941 1975 prDi‚
967 1931 1229 1974 πρωτοστάτωρ
1256 1930 1291 1965 A
1389 1933 1412 1967 8
1437 1932 1497 1966 καὶ
1524 1937 1613 1977 post
1639 1934 1690 1968 ὢν
1717 1944 1792 1969 om.
1811 1934 1842 1970 Ο

421 1976 466 2011 10
489 1977 868 2022 βασιλικῆς-πέρσαις
895 1988 970 2013 om.
998 1978 1028 2012 Ε
1198 1979 1348 2023 ἑκφύναι
1372 1980 1557 2025 βασιλικῆς
1583 1980 1619 2014 D
1646 1982 1843 2028 (βασιλικῆς

419 2027 554 2059 tamen
581 2034 632 2059 ex
657 2025 843 2070 βασιλικᾶς
870 2035 971 2061 corr.
999 2025 1081 2067 Dw)
1218 2026 1469 2062 ἐκλελειπότων
1495 2027 1579 2073 W*p
1606 2029 1743 2064 invitis
1772 2029 1841 2066 AO

420 2071 464 2106 12
490 2072 676 2118 βασιλικὴν
702 2072 749 2117 D,
777 2083 877 2108 corr.
908 2073 976 2110 Dw
1077 2074 1120 2108 16
1145 2073 1279 2119 ἀμφοῖν
1305 2080 1373 2113 τοῖς
1397 2075 1591 2120 εἰρημένοις
1619 2075 1650 2112 O

345 2190 486 2227 tondet
511 2192 662 2237 vilique
688 2192 808 2238 pallio
835 2193 1002 2230 indutus
1025 2193 1314 2229 monachorum
1331 2194 1557 2230 institutum
1577 2196 1840 2241 amplectitur,

346 2239 558 2275 aedificato
585 2239 787 2275 Anthemii
814 2242 1069 2286 monasterio,
1105 2243 1145 2276 in
1173 2251 1252 2286 quo
1280 2242 1363 2277 vita
1390 2246 1535 2278 exacta
1562 2244 1743 2289 sepultus
1769 2249 1839 2279 est.

286 2286 333 2321 20
466 2286 564 2323 Cum
591 2291 727 2323 autem
751 2287 907 2324 Arabes
933 2289 1135 2324 Romanas
1162 2290 1392 2335 provincias
1422 2290 1673 2334 invasissent,
1714 2291 1839 2327 Theo·

345 2335 477 2380 philus
509 2336 769 2380 expeditione
803 2341 945 2372 eontra
971 2337 1056 2372 illos
1083 2340 1271 2382 suscepta
1297 2347 1434 2372 seeum
1465 2338 1605 2373 eduxit
1631 2338 1838 2384 Theopho-

285 2383 328 2417 21
348 2383 438 2417 bum
468 2387 506 2417 et
532 2382 768 2427 Manuelem,
804 2385 912 2420 viros
942 2388 1128 2420 strenuos
1155 2389 1194 2420 et
1221 2385 1440 2429 bellicosos,
1477 2395 1647 2430 quorum
1677 2385 1837 2422 Manue‘l

344 2430 489 2465 nobilis
516 2435 602 2465 erat
629 2431 739 2476 apud
767 2442 903 2467 omnes
939 2433 1129 2478 ipsosque
1168 2433 1312 2475 hostes,
1351 2436 1395 2467 ut
1434 2434 1501 2478 qui
1540 2437 1579 2467 et
1615 2435 1838 2469 exercitum

284 2477 331 2512 22
345 2487 467 2523 saepe
486 2478 667 2513 duxisset
687 2484 725 2513 et
743 2479 945 2515 Michaelis
965 2480 1200 2526 Rhangabis
1224 2482 1490 2525 protostrator
1516 2481 1668 2516 fuisset.
1711 2481 1838 2517 Theo—

345 2526 503 2570 phobus
530 2530 665 2561 autem
691 2537 822 2571 genus
841 2537 865 2561 a
884 2527 1015 2563 Persis
1041 2528 1215 2563 ducebat
1242 2530 1280 2562 et
1306 2528 1346 2562 in
1373 2528 1474 2563 urbe
1501 2529 1626 2573 regia,
1653 2529 1723 2563 ubi
1743 2529 1837 2564 edu‹

283 2572 330 2607 23
345 2576 458 2608 catus
486 2576 554 2617 est,
583 2574 779 2609 obscurus
807 2575 971 2610 vivebat
998 2579 1120 2620 atque
1146 2575 1345 2621 ignobilis.
1391 2575 1534 2610 Fertur
1561 2581 1695 2611 autem
1722 2581 1837 2622 pater

343 2621 429 2655 eius
457 2631 507 2656 ex
534 2622 649 2666 regia
675 2621 890 2657 Persarum
918 2624 1025 2658 tribu
1052 2624 1176 2658 fnisse
1203 2627 1324 2666 ortuS‚
1363 2633 1535 2668 cumque
1560 2625 1700 2669 regiae
1725 2625 1837 2659 fami-

343 2668 420 2703 liae
446 2669 557 2714 apud
584 2669 727 2704 Persas
754 2669 1006 2713 defecissent,
1030 2672 1057 2705 ii
1085 2671 1274 2705 dicuntur
1302 2672 1543 2716 cognovisse
1568 2671 1677 2717 apud
1695 2671 1836 2707 Roma-

342 2726 416 2750 nos
443 2726 531 2751 esse
563 2717 695 2751 virum
722 2718 835 2763 regio
863 2728 1015 2764 genere
1042 2718 1255 2754 oriundum
1290 2721 1329 2753 et
1355 2718 1407 2752 ad
1433 2728 1523 2753 eum
1551 2720 1836 2764 inquirendum

282 2761 329 2797 24
343 2764 512 2799 venisse.
563 2764 617 2799 Ut
642 2766 831 2800 inventus
858 2766 945 2809 fuit,
971 2766 1011 2800 in
1037 2766 1219 2801 notitiam
1246 2767 1354 2811 regis
1382 2776 1544 2811 quoque
1570 2767 1682 2801 venit
1700 2771 1738 2802 et
1756 2778 1835 2802 am-

343 2811 540 2855 plissimas
578 2812 764 2847 fortunas
803 2816 862 2848 est
905 2817 1157 2858 consecutus,
1199 2814 1357 2859 patricii
1398 2815 1551 2850 honore
1591 2817 1756 2849 ornatus
1795 2819 1835 2851 et

282 2856 328 2893 25
343 2858 450 2903 regis
477 2869 616 2895 sorore
642 2860 682 2895 in
708 2861 1007 2897 matrimonium
1033 2865 1211 2908 accepta.
1263 2861 1366 2898 Viris
1400 2862 1526 2908 igitur
1551 2862 1610 2897 his
1637 2863 1834 2899 ambobus

281 2904 328 2944 26
342 2905 468 2941 fretus
486 2906 731 2954 Theophilus
750 2908 883 2945 hostes
901 2919 1120 2956 aggressus
1138 2912 1208 2946 est.
1248 2908 1345 2946 Cum
1370 2912 1504 2946 autem
1531 2910 1713 2956 proxime
1730 2911 1835 2948 inter
