<?xml version="1.0" encoding="UTF-8"?>
<!DOCTYPE html PUBLIC "-//W3C//DTD XHTML 1.0 Transitional//EN"
    "http://www.w3.org/TR/xhtml1/DTD/xhtml1-transitional.dtd">
<html xmlns="http://www.w3.org/1999/xhtml" xml:lang="en" lang="en">
 <head>
  <title>
</title>
<meta http-equiv="Content-Type" content="text/html;charset=utf-8" />
  <meta name='ocr-system' content='tesseract 3.04.00' />
  <meta name='ocr-capabilities' content='ocr_page ocr_carea ocr_par ocr_line ocrx_word'/>
</head>
<body>
  <div class='ocr_page' id='page_1' title='image "./corpusscriptorum31niebuoft/corpusscriptorum31niebuoft_0579.png"; bbox 0 0 2054 3282; ppageno 0'>
   <div class='ocr_carea' id='block_1_1' title="bbox 487 242 1724 285">
    <p class='ocr_par' dir='ltr' id='par_1_1' title="bbox 487 242 1724 285">
     <span class='ocr_line' id='line_1_1' title="bbox 487 242 1724 285; baseline -0.003 0"><span class='ocrx_word' id='word_1_1' title='bbox 487 245 715 285; x_wconf 82' lang='lat' dir='ltr'>SCLERVS</span> <span class='ocrx_word' id='word_1_2' title='bbox 741 243 979 285; x_wconf 86' lang='lat' dir='ltr'>CAPITVR.</span> <span class='ocrx_word' id='word_1_3' title='bbox 1027 243 1235 284; x_wconf 84' lang='lat' dir='ltr'>PHOCAE</span> <span class='ocrx_word' id='word_1_4' title='bbox 1261 242 1458 282; x_wconf 85' lang='lat' dir='ltr'>OBITVS.</span> <span class='ocrx_word' id='word_1_5' title='bbox 1652 242 1724 281; x_wconf 80' lang='lat'><strong><em>553</em></strong></span> 
     </span>
    </p>
   </div>
   <div class='ocr_carea' id='block_1_2' title="bbox 23 364 1998 1527">
    <p class='ocr_par' dir='ltr' id='par_1_2' title="bbox 226 364 1781 629">
     <span class='ocr_line' id='line_1_2' title="bbox 231 364 1723 425; baseline -0.003 -13"><span class='ocrx_word' id='word_1_6' title='bbox 231 369 381 425; x_wconf 77' lang='grc' dir='ltr'><strong><em>(κῆδος</em></strong></span> <span class='ocrx_word' id='word_1_7' title='bbox 419 368 499 424; x_wconf 82' lang='grc' dir='ltr'><strong><em>γὰρ</em></strong></span> <span class='ocrx_word' id='word_1_8' title='bbox 536 367 647 423; x_wconf 83' lang='grc' dir='ltr'><strong><em>πρὸς</em></strong></span> <span class='ocrx_word' id='word_1_9' title='bbox 679 366 952 423; x_wconf 82' lang='grc' dir='ltr'><strong><em>Βλαὸιμηρὸν</em></strong></span> <span class='ocrx_word' id='word_1_10' title='bbox 987 365 1059 410; x_wconf 89' lang='grc' dir='ltr'><strong><em>τὸν</em></strong></span> <span class='ocrx_word' id='word_1_11' title='bbox 1097 367 1281 422; x_wconf 86' lang='grc' dir='ltr'><strong><em>ἄρχοντα</em></strong></span> <span class='ocrx_word' id='word_1_12' title='bbox 1317 366 1479 408; x_wconf 85' lang='grc' dir='ltr'><strong><em>τούτων</em></strong></span> <span class='ocrx_word' id='word_1_13' title='bbox 1510 364 1576 408; x_wconf 82' lang='grc' dir='ltr'><strong><em>ἐπὶ</em></strong></span> <span class='ocrx_word' id='word_1_14' title='bbox 1598 365 1723 420; x_wconf 84' lang='grc' dir='ltr'><strong><em>’Ἀννῃ</em></strong></span> 
     </span>
     <span class='ocr_line' id='line_1_3' title="bbox 227 433 1767 494; baseline -0.003 -15"><span class='ocrx_word' id='word_1_15' title='bbox 227 442 278 494; x_wconf 86' lang='grc' dir='ltr'><strong><em>τῇ</em></strong></span> <span class='ocrx_word' id='word_1_16' title='bbox 316 438 480 493; x_wconf 80' lang='grc' dir='ltr'><em>ἀδελφῇ</em></span> <span class='ocrx_word' id='word_1_17' title='bbox 517 437 646 479; x_wconf 77' lang='grc' dir='ltr'><strong><em>αὐτοῦ</em></strong></span> <span class='ocrx_word' id='word_1_18' title='bbox 686 437 867 492; x_wconf 77' lang='grc' dir='ltr'><em>θέμενος</em></span> <span class='ocrx_word' id='word_1_19' title='bbox 905 435 1174 491; x_wconf 84' lang='grc' dir='ltr'><strong><em>συμμαχικὸν</em></strong></span> <span class='ocrx_word' id='word_1_20' title='bbox 1215 435 1378 478; x_wconf 72' lang='grc' dir='ltr'><strong><em>ἐκεῖθεν</em></strong></span> <span class='ocrx_word' id='word_1_21' title='bbox 1419 433 1606 488; x_wconf 76' lang='grc' dir='ltr'><em>ἐδέξατο)</em></span> <span class='ocrx_word' id='word_1_22' title='bbox 1653 433 1724 475; x_wconf 86' lang='grc' dir='ltr'><strong><em>καὶ</em></strong></span> <span class='ocrx_word' id='word_1_23' title='bbox 1738 437 1767 474; x_wconf 91' lang='lat' dir='ltr'>C</span> 
     </span>
     <span class='ocr_line' id='line_1_4' title="bbox 229 503 1723 561; baseline -0.004 -12"><span class='ocrx_word' id='word_1_24' title='bbox 229 507 336 561; x_wconf 83' lang='grc' dir='ltr'><strong><em>ῥᾷον</em></strong></span> <span class='ocrx_word' id='word_1_25' title='bbox 365 510 451 548; x_wconf 91' lang='grc' dir='ltr'><strong><em>τῶν</em></strong></span> <span class='ocrx_word' id='word_1_26' title='bbox 481 506 679 548; x_wconf 76' lang='grc' dir='ltr'><strong><em>ἐναντίων</em></strong></span> <span class='ocrx_word' id='word_1_27' title='bbox 710 505 911 560; x_wconf 77' lang='grc' dir='ltr'><strong><em>ἐκράτησε</em></strong></span> <span class='ocrx_word' id='word_1_28' title='bbox 941 504 1012 546; x_wconf 81' lang='grc' dir='ltr'><strong><em>καὶ</em></strong></span> <span class='ocrx_word' id='word_1_29' title='bbox 1044 504 1172 546; x_wconf 84' lang='grc' dir='ltr'><strong><em>αὐτὸν</em></strong></span> <span class='ocrx_word' id='word_1_30' title='bbox 1197 503 1270 546; x_wconf 86' lang='grc' dir='ltr'><strong><em>τὸν</em></strong></span> <span class='ocrx_word' id='word_1_31' title='bbox 1291 503 1497 558; x_wconf 80' lang='grc' dir='ltr'><strong><em>Δελφινᾶν</em></strong></span> <span class='ocrx_word' id='word_1_32' title='bbox 1517 503 1723 558; x_wconf 74' lang='grc' dir='ltr'><strong><em>χειρωσά·</em></strong></span> 
     </span>
     <span class='ocr_line' id='line_1_5' title="bbox 226 572 1781 629; baseline -0.001 -12"><span class='ocrx_word' id='word_1_33' title='bbox 226 591 355 629; x_wconf 90' lang='grc' dir='ltr'><strong><em>μενος</em></strong></span> <span class='ocrx_word' id='word_1_34' title='bbox 391 574 723 617; x_wconf 85' lang='grc' dir='ltr'><strong><em>ἀνεσκολόπισεν.</em></strong></span> <span class='ocrx_word' id='word_1_35' title='bbox 786 573 868 615; x_wconf 84' lang='grc' dir='ltr'><strong><em>εἶτα</em></strong></span> <span class='ocrx_word' id='word_1_36' title='bbox 904 573 1013 627; x_wconf 87' lang='grc' dir='ltr'><strong><em>πρὸς</em></strong></span> <span class='ocrx_word' id='word_1_37' title='bbox 1042 573 1117 628; x_wconf 88' lang='grc' dir='ltr'><strong><em>τὴν</em></strong></span> <span class='ocrx_word' id='word_1_38' title='bbox 1138 573 1323 628; x_wconf 77' lang='grc' dir='ltr'><strong><em>Ἄβυδον</em></strong></span> <span class='ocrx_word' id='word_1_39' title='bbox 1353 573 1487 615; x_wconf 84' lang='grc' dir='ltr'><strong><em>ἄπεισι</em></strong></span> <span class='ocrx_word' id='word_1_40' title='bbox 1515 572 1619 627; x_wconf 84' lang='grc' dir='ltr'><strong><em>μετὰ</em></strong></span> <span class='ocrx_word' id='word_1_41' title='bbox 1650 576 1723 614; x_wconf 88' lang='grc' dir='ltr'><strong><em>τοῦ</em></strong></span> <span class='ocrx_word' id='word_1_42' title='bbox 1741 580 1781 615; x_wconf 92' lang='grc'><strong><em>11</em></strong></span> 
     </span>
    </p>

    <p class='ocr_par' dir='ltr' id='par_1_3' title="bbox 192 641 1998 972">
     <span class='ocr_line' id='line_1_6' title="bbox 192 641 1724 698; baseline -0.002 -12"><span class='ocrx_word' id='word_1_43' title='bbox 192 652 216 688; x_wconf 85' lang='grc'>5</span> <span class='ocrx_word' id='word_1_44' title='bbox 229 643 416 698; x_wconf 77' lang='grc' dir='ltr'><strong><em>ἀδελφοῦ</em></strong></span> <span class='ocrx_word' id='word_1_45' title='bbox 439 643 776 685; x_wconf 86' lang='grc' dir='ltr'><strong><em>Κωνσταντίνου·</em></strong></span> <span class='ocrx_word' id='word_1_46' title='bbox 809 642 881 684; x_wconf 82' lang='grc' dir='ltr'><strong><em>καὶ</em></strong></span> <span class='ocrx_word' id='word_1_47' title='bbox 908 642 990 697; x_wconf 74' lang='grc' dir='ltr'><strong><em>ἤδη</em></strong></span> <span class='ocrx_word' id='word_1_48' title='bbox 1013 643 1275 696; x_wconf 86' lang='grc' dir='ltr'><strong><em>ἀντιμέτωπα</em></strong></span> <span class='ocrx_word' id='word_1_49' title='bbox 1297 643 1472 697; x_wconf 83' lang='grc' dir='ltr'><strong><em>ἔστησαν</em></strong></span> <span class='ocrx_word' id='word_1_50' title='bbox 1491 641 1541 683; x_wconf 83' lang='grc' dir='ltr'><strong><em>τὰ</em></strong></span> <span class='ocrx_word' id='word_1_51' title='bbox 1562 642 1724 684; x_wconf 81' lang='grc' dir='ltr'><strong><em>ἐναντία</em></strong></span> 
     </span>
     <span class='ocr_line' id='line_1_7' title="bbox 229 709 1724 766; baseline 0 -14"><span class='ocrx_word' id='word_1_52' title='bbox 229 712 526 766; x_wconf 80' lang='grc' dir='ltr'><strong><em>στρατεύματα,</em></strong></span> <span class='ocrx_word' id='word_1_53' title='bbox 569 711 640 752; x_wconf 86' lang='grc' dir='ltr'><strong><em>καὶ</em></strong></span> <span class='ocrx_word' id='word_1_54' title='bbox 678 714 752 753; x_wconf 85' lang='grc' dir='ltr'><strong><em>τοῦ</em></strong></span> <span class='ocrx_word' id='word_1_55' title='bbox 787 710 866 765; x_wconf 86' lang='grc' dir='ltr'><strong><em>μὲν</em></strong></span> <span class='ocrx_word' id='word_1_56' title='bbox 905 711 1060 753; x_wconf 87' lang='grc' dir='ltr'><strong><em>οἰκείου</em></strong></span> <span class='ocrx_word' id='word_1_57' title='bbox 1096 711 1371 765; x_wconf 85' lang='grc' dir='ltr'><strong><em>προετέτακτο</em></strong></span> <span class='ocrx_word' id='word_1_58' title='bbox 1402 711 1427 752; x_wconf 84' lang='grc' dir='ltr'>ὁ</span> <span class='ocrx_word' id='word_1_59' title='bbox 1464 710 1635 759; x_wconf 86' lang='grc' dir='ltr'><strong><em>Φωκᾶς,</em></strong></span> <span class='ocrx_word' id='word_1_60' title='bbox 1677 709 1724 752; x_wconf 86' lang='grc' dir='ltr'><strong><em>τὸ</em></strong></span> 
     </span>
     <span class='ocr_line' id='line_1_8' title="bbox 230 778 1723 834; baseline -0.002 -12"><span class='ocrx_word' id='word_1_61' title='bbox 230 778 268 822; x_wconf 78' lang='grc' dir='ltr'><strong><em>δ’</em></strong></span> <span class='ocrx_word' id='word_1_62' title='bbox 301 780 529 834; x_wconf 87' lang='grc' dir='ltr'><strong><em>ἀντίμαχον</em></strong></span> <span class='ocrx_word' id='word_1_63' title='bbox 559 779 584 820; x_wconf 87' lang='grc' dir='ltr'>ὁ</span> <span class='ocrx_word' id='word_1_64' title='bbox 614 778 805 834; x_wconf 82' lang='grc' dir='ltr'><strong><em>βασιλεὺς</em></strong></span> <span class='ocrx_word' id='word_1_65' title='bbox 836 778 1053 825; x_wconf 84' lang='grc' dir='ltr'><strong><em>Βασίλειος</em></strong></span> <span class='ocrx_word' id='word_1_66' title='bbox 1091 780 1273 833; x_wconf 81' lang='grc' dir='ltr'><strong><em>ἔφιππος</em></strong></span> <span class='ocrx_word' id='word_1_67' title='bbox 1302 779 1475 833; x_wconf 86' lang='grc' dir='ltr'><strong><em>περιιὼν</em></strong></span> <span class='ocrx_word' id='word_1_68' title='bbox 1505 778 1723 832; x_wconf 77' lang='grc' dir='ltr'><strong><em>παρεθάρ-</em></strong></span> 
     </span>
     <span class='ocr_line' id='line_1_9' title="bbox 229 844 1998 902; baseline 0.001 -12"><span class='ocrx_word' id='word_1_69' title='bbox 229 857 372 902; x_wconf 88' lang='grc' dir='ltr'><strong><em>ρυνεν·</em></strong></span> <span class='ocrx_word' id='word_1_70' title='bbox 405 849 455 889; x_wconf 88' lang='grc' dir='ltr'><strong><em>ὃν</em></strong></span> <span class='ocrx_word' id='word_1_71' title='bbox 476 847 501 888; x_wconf 84' lang='grc' dir='ltr'>ὁ</span> <span class='ocrx_word' id='word_1_72' title='bbox 523 847 684 894; x_wconf 87' lang='grc' dir='ltr'><strong><em>Φωκᾶς</em></strong></span> <span class='ocrx_word' id='word_1_73' title='bbox 714 847 979 900; x_wconf 78' lang='grc' dir='ltr'><strong><em>θεασάμενος</em></strong></span> <span class='ocrx_word' id='word_1_74' title='bbox 1009 844 1099 888; x_wconf 83' lang='grc' dir='ltr'><strong><em>κατ’</em></strong></span> <span class='ocrx_word' id='word_1_75' title='bbox 1133 847 1262 889; x_wconf 82' lang='grc' dir='ltr'><strong><em>αὐτοῦ</em></strong></span> <span class='ocrx_word' id='word_1_76' title='bbox 1293 846 1366 889; x_wconf 84' lang='grc' dir='ltr'><strong><em>τὸν</em></strong></span> <span class='ocrx_word' id='word_1_77' title='bbox 1396 848 1523 888; x_wconf 83' lang='grc' dir='ltr'><strong><em>ἵππον</em></strong></span> <span class='ocrx_word' id='word_1_78' title='bbox 1553 846 1724 895; x_wconf 79' lang='grc' dir='ltr'><strong><em>ἐλαύνει,</em></strong></span> <span class='ocrx_word' id='word_1_79' title='bbox 1740 854 1785 890; x_wconf 78' lang='lat'><strong><em>19.</em></strong></span> <span class='ocrx_word' id='word_1_80' title='bbox 1807 854 1998 890; x_wconf 76' lang='lat' dir='ltr'><strong><em>wl1117&#39;1</em></strong></span> 
     </span>
     <span class='ocr_line' id='line_1_10' title="bbox 229 915 1723 972; baseline -0.001 -13"><span class='ocrx_word' id='word_1_81' title='bbox 229 917 331 972; x_wconf 84' lang='grc' dir='ltr'><strong><em>ὅλην</em></strong></span> <span class='ocrx_word' id='word_1_82' title='bbox 361 916 508 970; x_wconf 77' lang='grc' dir='ltr'><strong><em>ἐκείνῳ</em></strong></span> <span class='ocrx_word' id='word_1_83' title='bbox 538 915 613 970; x_wconf 89' lang='grc' dir='ltr'><strong><em>τὴν</em></strong></span> <span class='ocrx_word' id='word_1_84' title='bbox 644 916 763 970; x_wconf 85' lang='grc' dir='ltr'><strong><em>ἡνίαν</em></strong></span> <span class='ocrx_word' id='word_1_85' title='bbox 794 915 1057 963; x_wconf 77' lang='grc' dir='ltr'><strong><em>ἐνδεδωκώς,</em></strong></span> <span class='ocrx_word' id='word_1_86' title='bbox 1088 916 1246 969; x_wconf 84' lang='grc' dir='ltr'><strong><em>κρίνας,</em></strong></span> <span class='ocrx_word' id='word_1_87' title='bbox 1278 916 1340 962; x_wconf 90' lang='grc' dir='ltr'><strong><em>ὡς</em></strong></span> <span class='ocrx_word' id='word_1_88' title='bbox 1361 916 1399 957; x_wconf 86' lang='grc' dir='ltr'><strong><em>εἶ</em></strong></span> <span class='ocrx_word' id='word_1_89' title='bbox 1416 915 1575 957; x_wconf 79' lang='grc' dir='ltr'><strong><em>ἐκεῖνον</em></strong></span> <span class='ocrx_word' id='word_1_90' title='bbox 1595 930 1723 957; x_wconf 89' lang='grc' dir='ltr'><strong><em>κατα-</em></strong></span> 
     </span>
    </p>

    <p class='ocr_par' dir='ltr' id='par_1_4' title="bbox 168 981 1845 1314">
     <span class='ocr_line' id='line_1_11' title="bbox 168 981 1784 1040; baseline -0.001 -12"><span class='ocrx_word' id='word_1_91' title='bbox 168 993 214 1029; x_wconf 88' lang='grc'><strong><em>10</em></strong></span> <span class='ocrx_word' id='word_1_92' title='bbox 227 985 356 1040; x_wconf 85' lang='grc' dir='ltr'><strong><em>βαλεῖ,</em></strong></span> <span class='ocrx_word' id='word_1_93' title='bbox 399 985 531 1026; x_wconf 86' lang='grc' dir='ltr'><strong><em>ἔσεται</em></strong></span> <span class='ocrx_word' id='word_1_94' title='bbox 568 983 640 1026; x_wconf 86' lang='grc' dir='ltr'><strong><em>τὸν</em></strong></span> <span class='ocrx_word' id='word_1_95' title='bbox 679 984 824 1037; x_wconf 87' lang='grc' dir='ltr'><strong><em>ἀγῶνα</em></strong></span> <span class='ocrx_word' id='word_1_96' title='bbox 858 984 1100 1038; x_wconf 86' lang='grc' dir='ltr'><strong><em>νενικηκώς.</em></strong></span> <span class='ocrx_word' id='word_1_97' title='bbox 1165 981 1252 1025; x_wconf 82' lang='grc' dir='ltr'><strong><em>ἀλλ’</em></strong></span> <span class='ocrx_word' id='word_1_98' title='bbox 1286 985 1408 1026; x_wconf 81' lang='grc' dir='ltr'><strong><em>οὔπω</em></strong></span> <span class='ocrx_word' id='word_1_99' title='bbox 1440 987 1525 1025; x_wconf 87' lang='grc' dir='ltr'><strong><em>τῶν</em></strong></span> <span class='ocrx_word' id='word_1_100' title='bbox 1556 984 1724 1026; x_wconf 83' lang='grc' dir='ltr'><strong><em>οἰκείων</em></strong></span> <span class='ocrx_word' id='word_1_101' title='bbox 1741 992 1784 1027; x_wconf 89' lang='grc'><strong><em>13</em></strong></span> 
     </span>
     <span class='ocr_line' id='line_1_12' title="bbox 226 1051 1723 1108; baseline -0.001 -12"><span class='ocrx_word' id='word_1_102' title='bbox 226 1053 506 1108; x_wconf 73' lang='grc' dir='ltr'><strong><em>προεληλύθει</em></strong></span> <span class='ocrx_word' id='word_1_103' title='bbox 542 1052 663 1100; x_wconf 83' lang='grc' dir='ltr'><strong><em>πολύ,</em></strong></span> <span class='ocrx_word' id='word_1_104' title='bbox 706 1051 777 1093; x_wconf 82' lang='grc' dir='ltr'><strong><em>καὶ</em></strong></span> <span class='ocrx_word' id='word_1_105' title='bbox 816 1053 857 1093; x_wconf 85' lang='grc' dir='ltr'><strong><em>οἱ</em></strong></span> <span class='ocrx_word' id='word_1_106' title='bbox 891 1052 969 1106; x_wconf 87' lang='grc' dir='ltr'><strong><em>μὲν</em></strong></span> <span class='ocrx_word' id='word_1_107' title='bbox 1005 1052 1132 1094; x_wconf 86' lang='grc' dir='ltr'><strong><em>αὐτὸν</em></strong></span> <span class='ocrx_word' id='word_1_108' title='bbox 1163 1052 1461 1107; x_wconf 76' lang='grc' dir='ltr'><strong><em>ἐκκυλισθῆναι</em></strong></span> <span class='ocrx_word' id='word_1_109' title='bbox 1491 1056 1563 1094; x_wconf 87' lang='grc' dir='ltr'><strong><em>τοῦ</em></strong></span> <span class='ocrx_word' id='word_1_110' title='bbox 1595 1053 1723 1094; x_wconf 83' lang='grc' dir='ltr'><strong><em>ἵππου</em></strong></span> 
     </span>
     <span class='ocr_line' id='line_1_13' title="bbox 228 1119 1722 1177; baseline -0.001 -13"><span class='ocrx_word' id='word_1_111' title='bbox 228 1122 366 1177; x_wconf 78' lang='grc' dir='ltr'><strong><em>φασίν,</em></strong></span> <span class='ocrx_word' id='word_1_112' title='bbox 389 1121 430 1163; x_wconf 80' lang='grc' dir='ltr'><strong><em>οἱ</em></strong></span> <span class='ocrx_word' id='word_1_113' title='bbox 446 1120 492 1163; x_wconf 76' lang='grc' dir='ltr'><strong><em>δὲ</em></strong></span> <span class='ocrx_word' id='word_1_114' title='bbox 507 1122 565 1167; x_wconf 85' lang='grc' dir='ltr'><strong><em>εἴς</em></strong></span> <span class='ocrx_word' id='word_1_115' title='bbox 580 1136 667 1162; x_wconf 90' lang='grc' dir='ltr'><strong><em>τινα</em></strong></span> <span class='ocrx_word' id='word_1_116' title='bbox 684 1119 819 1175; x_wconf 78' lang='grc' dir='ltr'><strong><em>λόφον</em></strong></span> <span class='ocrx_word' id='word_1_117' title='bbox 835 1120 1017 1162; x_wconf 81' lang='grc' dir='ltr'><strong><em>ἐκκλῖναι</em></strong></span> <span class='ocrx_word' id='word_1_118' title='bbox 1032 1120 1103 1162; x_wconf 85' lang='grc' dir='ltr'><strong><em>καὶ</em></strong></span> <span class='ocrx_word' id='word_1_119' title='bbox 1119 1121 1335 1175; x_wconf 76' lang='grc' dir='ltr'><strong><em>ἀποβάντα</em></strong></span> <span class='ocrx_word' id='word_1_120' title='bbox 1357 1125 1430 1162; x_wconf 87' lang='grc' dir='ltr'><strong><em>τοῦ</em></strong></span> <span class='ocrx_word' id='word_1_121' title='bbox 1452 1121 1581 1162; x_wconf 78' lang='grc' dir='ltr'><strong><em>ἵππου</em></strong></span> <span class='ocrx_word' id='word_1_122' title='bbox 1604 1121 1722 1162; x_wconf 81' lang='grc' dir='ltr'><strong><em>ἕκτα-</em></strong></span> 
     </span>
     <span class='ocr_line' id='line_1_14' title="bbox 228 1188 1845 1246; baseline -0.001 -14"><span class='ocrx_word' id='word_1_123' title='bbox 228 1191 356 1246; x_wconf 75' lang='grc' dir='ltr'><strong><em>θῆναι</em></strong></span> <span class='ocrx_word' id='word_1_124' title='bbox 385 1188 491 1232; x_wconf 84' lang='grc' dir='ltr'><strong><em>κατὰ</em></strong></span> <span class='ocrx_word' id='word_1_125' title='bbox 524 1194 599 1244; x_wconf 86' lang='grc' dir='ltr'><strong><em>γῆς</em></strong></span> <span class='ocrx_word' id='word_1_126' title='bbox 635 1188 706 1230; x_wconf 84' lang='grc' dir='ltr'><strong><em>καὶ</em></strong></span> <span class='ocrx_word' id='word_1_127' title='bbox 744 1188 874 1235; x_wconf 78' lang='grc' dir='ltr'><strong><em>εὐθὺς</em></strong></span> <span class='ocrx_word' id='word_1_128' title='bbox 911 1188 1038 1231; x_wconf 81' lang='grc' dir='ltr'><strong><em>αὐτὸν</em></strong></span> <span class='ocrx_word' id='word_1_129' title='bbox 1075 1189 1121 1231; x_wconf 89' lang='grc' dir='ltr'><strong><em>τὸ</em></strong></span> <span class='ocrx_word' id='word_1_130' title='bbox 1159 1194 1324 1244; x_wconf 88' lang='grc' dir='ltr'><strong><em>πνεῦμα</em></strong></span> <span class='ocrx_word' id='word_1_131' title='bbox 1366 1190 1504 1231; x_wconf 85' lang='grc' dir='ltr'><strong><em>λιπεῖν.</em></strong></span> <span class='ocrx_word' id='word_1_132' title='bbox 1566 1190 1606 1231; x_wconf 79' lang='grc' dir='ltr'><strong><em>οἱ</em></strong></span> <span class='ocrx_word' id='word_1_133' title='bbox 1645 1188 1725 1243; x_wconf 86' lang='grc' dir='ltr'><strong><em>μὲν</em></strong></span> <span class='ocrx_word' id='word_1_134' title='bbox 1740 1195 1783 1231; x_wconf 81' lang='grc'><strong><em>14</em></strong></span> <span class='ocrx_word' id='word_1_135' title='bbox 1810 1196 1845 1231; x_wconf 94' lang='lat' dir='ltr'>D</span> 
     </span>
     <span class='ocr_line' id='line_1_15' title="bbox 229 1256 1783 1314; baseline -0.001 -12"><span class='ocrx_word' id='word_1_136' title='bbox 229 1258 305 1302; x_wconf 80' lang='grc' dir='ltr'><strong><em>οὖν</em></strong></span> <span class='ocrx_word' id='word_1_137' title='bbox 334 1259 540 1314; x_wconf 84' lang='grc' dir='ltr'><strong><em>πληγῆναι</em></strong></span> <span class='ocrx_word' id='word_1_138' title='bbox 569 1258 686 1311; x_wconf 82' lang='grc' dir='ltr'><strong><em>παρά</em></strong></span> <span class='ocrx_word' id='word_1_139' title='bbox 717 1273 790 1299; x_wconf 89' lang='grc' dir='ltr'><strong><em>του</em></strong></span> <span class='ocrx_word' id='word_1_140' title='bbox 821 1258 988 1311; x_wconf 88' lang='grc' dir='ltr'><strong><em>καιρίαν</em></strong></span> <span class='ocrx_word' id='word_1_141' title='bbox 1017 1256 1089 1299; x_wconf 86' lang='grc' dir='ltr'><strong><em>τὸν</em></strong></span> <span class='ocrx_word' id='word_1_142' title='bbox 1119 1258 1253 1312; x_wconf 78' lang='grc' dir='ltr'><strong><em>ἄνδρα</em></strong></span> <span class='ocrx_word' id='word_1_143' title='bbox 1285 1258 1436 1312; x_wconf 83' lang='grc' dir='ltr'><strong><em>ἔλεγον.</em></strong></span> <span class='ocrx_word' id='word_1_144' title='bbox 1497 1258 1568 1299; x_wconf 86' lang='grc' dir='ltr'><strong><em>καὶ</em></strong></span> <span class='ocrx_word' id='word_1_145' title='bbox 1596 1258 1621 1299; x_wconf 89' lang='grc' dir='ltr'>ὁ</span> <span class='ocrx_word' id='word_1_146' title='bbox 1645 1259 1723 1312; x_wconf 78' lang='grc' dir='ltr'><strong><em>βα·</em></strong></span> <span class='ocrx_word' id='word_1_147' title='bbox 1740 1265 1783 1300; x_wconf 82' lang='grc'><strong><em>15</em></strong></span> 
     </span>
    </p>

    <p class='ocr_par' dir='ltr' id='par_1_5' title="bbox 174 1325 1721 1381">
     <span class='ocr_line' id='line_1_16' title="bbox 174 1325 1721 1381; baseline -0.003 -9"><span class='ocrx_word' id='word_1_148' title='bbox 174 1336 215 1373; x_wconf 85' lang='grc'><strong><em>15</em></strong></span> <span class='ocrx_word' id='word_1_149' title='bbox 228 1327 362 1374; x_wconf 81' lang='grc' dir='ltr'><strong><em>σιλεὺς</em></strong></span> <span class='ocrx_word' id='word_1_150' title='bbox 382 1327 429 1370; x_wconf 78' lang='grc' dir='ltr'><strong><em>δὲ</em></strong></span> <span class='ocrx_word' id='word_1_151' title='bbox 450 1328 767 1372; x_wconf 84' lang='grc' dir='ltr'><strong><em>Κωνσταντῖνος</em></strong></span> <span class='ocrx_word' id='word_1_152' title='bbox 788 1326 926 1379; x_wconf 81' lang='grc' dir='ltr'><strong><em>ἑαυτῷ</em></strong></span> <span class='ocrx_word' id='word_1_153' title='bbox 946 1325 1020 1380; x_wconf 88' lang='grc' dir='ltr'><strong><em>τὴν</em></strong></span> <span class='ocrx_word' id='word_1_154' title='bbox 1042 1326 1248 1381; x_wconf 88' lang='grc' dir='ltr'><strong><em>ἀναίρεσιν</em></strong></span> <span class='ocrx_word' id='word_1_155' title='bbox 1280 1327 1440 1369; x_wconf 81' lang='grc' dir='ltr'><strong><em>ἐκείνου</em></strong></span> <span class='ocrx_word' id='word_1_156' title='bbox 1472 1327 1721 1381; x_wconf 82' lang='grc' dir='ltr'><strong><em>ἐπεφήμιζε·</em></strong></span> 
     </span>
    </p>

    <p class='ocr_par' dir='ltr' id='par_1_6' title="bbox 29 1393 1723 1451">
     <span class='ocr_line' id='line_1_17' title="bbox 29 1393 1723 1451; baseline -0.002 -12"><span class='ocrx_word' id='word_1_157' title='bbox 29 1427 31 1429; x_wconf 84' lang='lat'>·</span> <span class='ocrx_word' id='word_1_158' title='bbox 227 1400 350 1439; x_wconf 78' lang='grc' dir='ltr'><strong><em>τοῦτο</em></strong></span> <span class='ocrx_word' id='word_1_159' title='bbox 372 1393 410 1438; x_wconf 78' lang='grc' dir='ltr'><strong><em>δ’</em></strong></span> <span class='ocrx_word' id='word_1_160' title='bbox 433 1395 486 1451; x_wconf 84' lang='grc' dir='ltr'><strong><em>ἦν</em></strong></span> <span class='ocrx_word' id='word_1_161' title='bbox 506 1395 631 1449; x_wconf 82' lang='grc' dir='ltr'><strong><em>λόγος</em></strong></span> <span class='ocrx_word' id='word_1_162' title='bbox 651 1394 805 1440; x_wconf 84' lang='grc' dir='ltr'><strong><em>ἄλλως·</em></strong></span> <span class='ocrx_word' id='word_1_163' title='bbox 837 1394 937 1436; x_wconf 81' lang='grc' dir='ltr'><strong><em>οὐδὲ</em></strong></span> <span class='ocrx_word' id='word_1_164' title='bbox 959 1394 1038 1448; x_wconf 85' lang='grc' dir='ltr'><strong><em>γὰρ</em></strong></span> <span class='ocrx_word' id='word_1_165' title='bbox 1067 1396 1328 1449; x_wconf 84' lang='grc' dir='ltr'><strong><em>τετρωμένον</em></strong></span> <span class='ocrx_word' id='word_1_166' title='bbox 1358 1395 1488 1437; x_wconf 81' lang='grc' dir='ltr'><strong><em>αὐτοῦ</em></strong></span> <span class='ocrx_word' id='word_1_167' title='bbox 1519 1394 1565 1436; x_wconf 89' lang='grc' dir='ltr'><strong><em>τὸ</em></strong></span> <span class='ocrx_word' id='word_1_168' title='bbox 1597 1397 1723 1448; x_wconf 86' lang='grc' dir='ltr'><strong><em>σῶμα</em></strong></span> 
     </span>
    </p>

    <p class='ocr_par' dir='ltr' id='par_1_7' title="bbox 19 1462 1783 1527">
     <span class='ocr_line' id='line_1_18' title="bbox 23 1462 1783 1527; baseline -0.004 -17.016"><span class='ocrx_word' id='word_1_169' title='bbox 23 1519 33 1527; x_wconf 66' lang='lat'><strong><em>.‚</em></strong></span> <span class='ocrx_word' id='word_1_170' title='bbox 75 1473 126 1510; x_wconf 85' lang='lat' dir='ltr'><strong><em>lv</em></strong></span> <span class='ocrx_word' id='word_1_171' title='bbox 148 1474 215 1511; x_wconf 90' lang='grc'><strong><em>115</em></strong></span> <span class='ocrx_word' id='word_1_172' title='bbox 228 1466 379 1521; x_wconf 81' lang='grc' dir='ltr'><strong><em>εὕρητο</em></strong></span> <span class='ocrx_word' id='word_1_173' title='bbox 418 1464 599 1519; x_wconf 79' lang='grc' dir='ltr'><strong><em>οὐδαμῇ.</em></strong></span> <span class='ocrx_word' id='word_1_174' title='bbox 662 1463 703 1504; x_wconf 76' lang='grc' dir='ltr'><strong><em>οἱ</em></strong></span> <span class='ocrx_word' id='word_1_175' title='bbox 733 1462 779 1505; x_wconf 78' lang='grc' dir='ltr'><strong><em>δὲ</em></strong></span> <span class='ocrx_word' id='word_1_176' title='bbox 817 1463 1039 1518; x_wconf 80' lang='grc' dir='ltr'><strong><em>φαρμάκῳ</em></strong></span> <span class='ocrx_word' id='word_1_177' title='bbox 1076 1463 1313 1518; x_wconf 83' lang='grc' dir='ltr'><strong><em>ὀηλητηρίῳ</em></strong></span> <span class='ocrx_word' id='word_1_178' title='bbox 1344 1463 1546 1512; x_wconf 77' lang='grc' dir='ltr'><strong><em>ἐδόξαζον</em></strong></span> <span class='ocrx_word' id='word_1_179' title='bbox 1576 1465 1783 1516; x_wconf 63' lang='grc' dir='ltr'><strong><em>κατερ-Ῑίῖ</em></strong></span> 
     </span>
    </p>
   </div>
   <div class='ocr_carea' id='block_1_3' title="bbox 0 0 119 3282">
    <p class='ocr_par' dir='ltr' id='par_1_8' title="bbox 0 0 119 3282">
     <span class='ocr_line' id='line_1_19' title="bbox 0 0 119 3282; baseline 0 0"><span class='ocrx_word' id='word_1_180' title='bbox 0 0 119 3282; x_wconf 95' lang='lat' dir='ltr'><strong><em> </em></strong></span> 
     </span>
    </p>
   </div>
   <div class='ocr_carea' id='block_1_4' title="bbox 228 1586 1323 1634">
    <p class='ocr_par' dir='ltr' id='par_1_9' title="bbox 228 1586 1323 1634">
     <span class='ocr_line' id='line_1_20' title="bbox 228 1586 1323 1634; baseline -0.001 -9"><span class='ocrx_word' id='word_1_181' title='bbox 228 1589 252 1627; x_wconf 91' lang='grc'>8</span> <span class='ocrx_word' id='word_1_182' title='bbox 276 1590 374 1628; x_wconf 81' lang='grc' dir='ltr'><strong><em>ὅπως</em></strong></span> <span class='ocrx_word' id='word_1_183' title='bbox 400 1588 464 1634; x_wconf 80' lang='grc' dir='ltr'><strong><em>(ὅτι</em></strong></span> <span class='ocrx_word' id='word_1_184' title='bbox 490 1586 540 1633; x_wconf 89' lang='lat' dir='ltr'><strong><em>A)</em></strong></span> <span class='ocrx_word' id='word_1_185' title='bbox 566 1588 587 1623; x_wconf 82' lang='grc' dir='ltr'><strong><em>ὁ</em></strong></span> <span class='ocrx_word' id='word_1_186' title='bbox 615 1588 746 1627; x_wconf 84' lang='grc' dir='ltr'><strong><em>Φωκᾶς</em></strong></span> <span class='ocrx_word' id='word_1_187' title='bbox 769 1587 986 1633; x_wconf 79' lang='grc' dir='ltr'><strong><em>κατέστρεψε</em></strong></span> <span class='ocrx_word' id='word_1_188' title='bbox 1011 1587 1073 1634; x_wconf 84' lang='grc' dir='ltr'><strong><em>τὴν</em></strong></span> <span class='ocrx_word' id='word_1_189' title='bbox 1099 1587 1196 1633; x_wconf 84' lang='grc' dir='ltr'><strong><em>ζωήν</em></strong></span> <span class='ocrx_word' id='word_1_190' title='bbox 1221 1587 1323 1624; x_wconf 76' lang='lat' dir='ltr'>ACP]</span> 
     </span>
    </p>
   </div>
   <div class='ocr_carea' id='block_1_5' title="bbox 297 1705 1723 2278">
    <p class='ocr_par' dir='ltr' id='par_1_10' title="bbox 297 1705 1723 2278">
     <span class='ocr_line' id='line_1_21' title="bbox 300 1705 1723 1754; baseline -0.002 -10"><span class='ocrx_word' id='word_1_191' title='bbox 300 1709 320 1744; x_wconf 95' lang='lat'>1</span> <span class='ocrx_word' id='word_1_192' title='bbox 347 1707 405 1744; x_wconf 77' lang='grc' dir='ltr'><strong><em>τὸν</em></strong></span> <span class='ocrx_word' id='word_1_193' title='bbox 431 1705 590 1754; x_wconf 82' lang='lat' dir='ltr'><strong><em>prDi</em></strong></span> <span class='ocrx_word' id='word_1_194' title='bbox 616 1705 732 1743; x_wconf 79' lang='lat' dir='ltr'><strong>Cedr.</strong></span> <span class='ocrx_word' id='word_1_195' title='bbox 759 1705 948 1753; x_wconf 71' lang='lat' dir='ltr'><strong>(Scylitz.)</strong></span> <span class='ocrx_word' id='word_1_196' title='bbox 978 1707 1014 1742; x_wconf 95' lang='lat' dir='ltr'><strong><em>II</em></strong></span> <span class='ocrx_word' id='word_1_197' title='bbox 1044 1718 1080 1753; x_wconf 90' lang='lat' dir='ltr'><strong><em>p.</em></strong></span> <span class='ocrx_word' id='word_1_198' title='bbox 1106 1707 1188 1750; x_wconf 89' lang='lat'><strong><em>444,</em></strong></span> <span class='ocrx_word' id='word_1_199' title='bbox 1215 1707 1247 1748; x_wconf 76' lang='lat'><strong><em>7,</em></strong></span> <span class='ocrx_word' id='word_1_200' title='bbox 1275 1718 1351 1742; x_wconf 89' lang='lat' dir='ltr'><strong><em>om.</em></strong></span> <span class='ocrx_word' id='word_1_201' title='bbox 1377 1705 1412 1742; x_wconf 90' lang='lat' dir='ltr'><strong>A</strong></span> <span class='ocrx_word' id='word_1_202' title='bbox 1532 1706 1556 1742; x_wconf 86' lang='lat'>4</span> <span class='ocrx_word' id='word_1_203' title='bbox 1579 1706 1723 1742; x_wconf 82' lang='grc' dir='ltr'><strong><em>ἀνεσκο-</em></strong></span> 
     </span>
     <span class='ocr_line' id='line_1_22' title="bbox 297 1752 1723 1802; baseline -0.003 -10"><span class='ocrx_word' id='word_1_204' title='bbox 297 1757 438 1792; x_wconf 60' lang='lat' dir='ltr'><strong><em>Mortuo·</em></strong></span> <span class='ocrx_word' id='word_1_205' title='bbox 462 1752 631 1802; x_wconf 80' lang='lat' dir='ltr'><strong>prDi,</strong></span> <span class='ocrx_word' id='word_1_206' title='bbox 657 1753 904 1790; x_wconf 78' lang='grc' dir='ltr'><strong><em>ἀνεσκολόπισε</em></strong></span> <span class='ocrx_word' id='word_1_207' title='bbox 930 1754 976 1798; x_wconf 90' lang='grc' dir='ltr'><strong><em>Α,</em></strong></span> <span class='ocrx_word' id='word_1_208' title='bbox 1005 1766 1042 1790; x_wconf 87' lang='lat' dir='ltr'><strong><em>v.</em></strong></span> <span class='ocrx_word' id='word_1_209' title='bbox 1069 1754 1121 1790; x_wconf 85' lang='lat' dir='ltr'><strong><em>ad</em></strong></span> <span class='ocrx_word' id='word_1_210' title='bbox 1147 1754 1244 1790; x_wconf 85' lang='lat' dir='ltr'><strong>XIII</strong></span> <span class='ocrx_word' id='word_1_211' title='bbox 1271 1756 1302 1799; x_wconf 90' lang='grc'><strong><em>1,</em></strong></span> <span class='ocrx_word' id='word_1_212' title='bbox 1327 1755 1350 1790; x_wconf 81' lang='lat'>5</span> <span class='ocrx_word' id='word_1_213' title='bbox 1480 1755 1502 1790; x_wconf 85' lang='grc'>6</span> <span class='ocrx_word' id='word_1_214' title='bbox 1527 1755 1723 1798; x_wconf 79' lang='grc' dir='ltr'><strong><em>προέτακτο</em></strong></span> 
     </span>
     <span class='ocr_line' id='line_1_23' title="bbox 298 1801 1723 1849; baseline -0.003 -9"><span class='ocrx_word' id='word_1_215' title='bbox 298 1803 341 1847; x_wconf 85' lang='grc' dir='ltr'><strong><em>Β,</em></strong></span> <span class='ocrx_word' id='word_1_216' title='bbox 366 1803 580 1849; x_wconf 81' lang='grc' dir='ltr'><strong><em>προτέτακτο</em></strong></span> <span class='ocrx_word' id='word_1_217' title='bbox 606 1801 642 1837; x_wconf 94' lang='lat' dir='ltr'><strong>D</strong></span> <span class='ocrx_word' id='word_1_218' title='bbox 752 1803 774 1839; x_wconf 82' lang='lat'>7</span> <span class='ocrx_word' id='word_1_219' title='bbox 797 1801 946 1847; x_wconf 84' lang='grc' dir='ltr'><strong><em>περιιὼν</em></strong></span> <span class='ocrx_word' id='word_1_220' title='bbox 972 1801 1139 1848; x_wconf 83' lang='lat' dir='ltr'><strong>prDi,</strong></span> <span class='ocrx_word' id='word_1_221' title='bbox 1165 1802 1317 1848; x_wconf 87' lang='grc' dir='ltr'><strong><em>παριιών</em></strong></span> <span class='ocrx_word' id='word_1_222' title='bbox 1342 1801 1377 1837; x_wconf 87' lang='lat' dir='ltr'>A</span> <span class='ocrx_word' id='word_1_223' title='bbox 1488 1803 1510 1837; x_wconf 88' lang='grc'><strong>9</strong></span> <span class='ocrx_word' id='word_1_224' title='bbox 1535 1803 1567 1837; x_wconf 81' lang='grc' dir='ltr'><strong><em>εἰ</em></strong></span> <span class='ocrx_word' id='word_1_225' title='bbox 1592 1813 1667 1837; x_wconf 90' lang='lat' dir='ltr'><strong><em>om.</em></strong></span> <span class='ocrx_word' id='word_1_226' title='bbox 1692 1802 1723 1837; x_wconf 82' lang='grc' dir='ltr'>Ε</span> 
     </span>
     <span class='ocr_line' id='line_1_24' title="bbox 300 1849 1722 1896; baseline -0.003 -9"><span class='ocrx_word' id='word_1_227' title='bbox 300 1852 346 1887; x_wconf 88' lang='grc'><strong><em>10</em></strong></span> <span class='ocrx_word' id='word_1_228' title='bbox 369 1852 477 1887; x_wconf 79' lang='grc' dir='ltr'><strong><em>ἔσεται</em></strong></span> <span class='ocrx_word' id='word_1_229' title='bbox 503 1850 652 1896; x_wconf 79' lang='lat' dir='ltr'><strong><em>Apr,</em></strong></span> <span class='ocrx_word' id='word_1_230' title='bbox 677 1850 800 1886; x_wconf 85' lang='grc' dir='ltr'><strong><em>ἕσεΐται</em></strong></span> <span class='ocrx_word' id='word_1_231' title='bbox 825 1850 868 1893; x_wconf 84' lang='grc' dir='ltr'><strong><em>Ε,</em></strong></span> <span class='ocrx_word' id='word_1_232' title='bbox 893 1851 986 1886; x_wconf 85' lang='grc' dir='ltr'><strong><em>ἔσται</em></strong></span> <span class='ocrx_word' id='word_1_233' title='bbox 1013 1849 1079 1895; x_wconf 83' lang='lat' dir='ltr'><strong><em>Di,</em></strong></span> <span class='ocrx_word' id='word_1_234' title='bbox 1107 1861 1143 1885; x_wconf 87' lang='lat' dir='ltr'><strong><em>v.</em></strong></span> <span class='ocrx_word' id='word_1_235' title='bbox 1170 1850 1222 1885; x_wconf 87' lang='lat' dir='ltr'><strong><em>ad</em></strong></span> <span class='ocrx_word' id='word_1_236' title='bbox 1249 1850 1339 1886; x_wconf 92' lang='lat' dir='ltr'><strong><em>XVI</em></strong></span> <span class='ocrx_word' id='word_1_237' title='bbox 1366 1850 1422 1894; x_wconf 80' lang='lat'><strong><em>23,</em></strong></span> <span class='ocrx_word' id='word_1_238' title='bbox 1448 1850 1494 1885; x_wconf 82' lang='lat'><strong><em>34</em></strong></span> <span class='ocrx_word' id='word_1_239' title='bbox 1615 1863 1722 1884; x_wconf 82' lang='grc' dir='ltr'><strong><em>νεανι-</em></strong></span> 
     </span>
     <span class='ocr_line' id='line_1_25' title="bbox 297 1895 1721 1944; baseline -0.003 -9"><span class='ocrx_word' id='word_1_240' title='bbox 297 1898 374 1939; x_wconf 80' lang='grc' dir='ltr'><strong><em>κώς</em></strong></span> <span class='ocrx_word' id='word_1_241' title='bbox 400 1902 528 1935; x_wconf 83' lang='lat' dir='ltr'><strong>mutat</strong></span> <span class='ocrx_word' id='word_1_242' title='bbox 553 1908 604 1934; x_wconf 83' lang='lat' dir='ltr'><strong><em>ex</em></strong></span> <span class='ocrx_word' id='word_1_243' title='bbox 630 1898 814 1944; x_wconf 78' lang='grc' dir='ltr'><strong><em>νεανηκὼς</em></strong></span> <span class='ocrx_word' id='word_1_244' title='bbox 840 1898 871 1933; x_wconf 83' lang='grc' dir='ltr'>Ε</span> <span class='ocrx_word' id='word_1_245' title='bbox 1015 1898 1059 1933; x_wconf 84' lang='lat'><strong><em>12</em></strong></span> <span class='ocrx_word' id='word_1_246' title='bbox 1085 1898 1193 1943; x_wconf 78' lang='grc' dir='ltr'><strong><em>φησὶν</em></strong></span> <span class='ocrx_word' id='word_1_247' title='bbox 1220 1897 1249 1934; x_wconf 90' lang='lat' dir='ltr'>C</span> <span class='ocrx_word' id='word_1_248' title='bbox 1370 1897 1528 1933; x_wconf 81' lang='grc' dir='ltr'><strong><em>ἐκκλῖναι</em></strong></span> <span class='ocrx_word' id='word_1_249' title='bbox 1555 1895 1721 1942; x_wconf 78' lang='lat' dir='ltr'><strong>EwpDi,</strong></span> 
     </span>
     <span class='ocr_line' id='line_1_26' title="bbox 297 1944 1721 1991; baseline -0.002 -9"><span class='ocrx_word' id='word_1_250' title='bbox 297 1947 455 1983; x_wconf 68' lang='grc' dir='ltr'><strong><em>ἐκκλῖναι</em></strong></span> <span class='ocrx_word' id='word_1_251' title='bbox 481 1944 551 1983; x_wconf 85' lang='grc' dir='ltr'><strong><em>ΑΟ</em></strong></span> <span class='ocrx_word' id='word_1_252' title='bbox 736 1946 780 1982; x_wconf 89' lang='grc'><strong><em>13</em></strong></span> <span class='ocrx_word' id='word_1_253' title='bbox 806 1945 895 1981; x_wconf 83' lang='grc' dir='ltr'><strong><em>κατὰ</em></strong></span> <span class='ocrx_word' id='word_1_254' title='bbox 921 1951 983 1991; x_wconf 80' lang='grc' dir='ltr'><strong><em>γῆς</em></strong></span> <span class='ocrx_word' id='word_1_255' title='bbox 1009 1945 1080 1981; x_wconf 85' lang='lat' dir='ltr'><strong><em>AR</em></strong></span> <span class='ocrx_word' id='word_1_256' title='bbox 1105 1945 1206 1990; x_wconf 86' lang='grc' dir='ltr'><strong><em>(πρὸς</em></strong></span> <span class='ocrx_word' id='word_1_257' title='bbox 1231 1950 1296 1991; x_wconf 79' lang='grc' dir='ltr'><strong><em>γῆν</em></strong></span> <span class='ocrx_word' id='word_1_258' title='bbox 1323 1944 1438 1981; x_wconf 82' lang='lat' dir='ltr'><strong>Cedr.</strong></span> <span class='ocrx_word' id='word_1_259' title='bbox 1466 1944 1657 1991; x_wconf 82' lang='lat' dir='ltr'><strong>(Scylitz.)</strong></span> <span class='ocrx_word' id='word_1_260' title='bbox 1684 1944 1721 1979; x_wconf 88' lang='lat' dir='ltr'><strong><em>II</em></strong></span> 
     </span>
     <span class='ocr_line' id='line_1_27' title="bbox 298 1992 1722 2041; baseline -0.003 -11"><span class='ocrx_word' id='word_1_261' title='bbox 298 2006 336 2041; x_wconf 86' lang='lat' dir='ltr'><strong><em>p.</em></strong></span> <span class='ocrx_word' id='word_1_262' title='bbox 350 1994 432 2039; x_wconf 78' lang='lat'><strong><em>445,</em></strong></span> <span class='ocrx_word' id='word_1_263' title='bbox 445 1994 494 2038; x_wconf 89' lang='grc'><strong><em>6),</em></strong></span> <span class='ocrx_word' id='word_1_264' title='bbox 519 1994 609 2030; x_wconf 83' lang='grc' dir='ltr'><strong><em>κατὰ</em></strong></span> <span class='ocrx_word' id='word_1_265' title='bbox 634 1998 694 2039; x_wconf 88' lang='grc' dir='ltr'><strong><em>τῆς</em></strong></span> <span class='ocrx_word' id='word_1_266' title='bbox 719 1999 781 2039; x_wconf 79' lang='grc' dir='ltr'><strong><em>γῆς</em></strong></span> <span class='ocrx_word' id='word_1_267' title='bbox 807 1993 936 2040; x_wconf 83' lang='lat' dir='ltr'>CEWp</span> <span class='ocrx_word' id='word_1_268' title='bbox 1035 1994 1079 2028; x_wconf 88' lang='lat'><strong><em>14</em></strong></span> <span class='ocrx_word' id='word_1_269' title='bbox 1104 1994 1246 2038; x_wconf 81' lang='grc' dir='ltr'><strong><em>καιρίαν</em></strong></span> <span class='ocrx_word' id='word_1_270' title='bbox 1264 1997 1357 2028; x_wconf 80' lang='lat' dir='ltr'><strong><em>ante</em></strong></span> <span class='ocrx_word' id='word_1_271' title='bbox 1373 1992 1470 2037; x_wconf 82' lang='grc' dir='ltr'><strong><em>παρὰ</em></strong></span> <span class='ocrx_word' id='word_1_272' title='bbox 1492 1992 1523 2028; x_wconf 94' lang='grc' dir='ltr'><strong>Ο</strong></span> <span class='ocrx_word' id='word_1_273' title='bbox 1626 1992 1669 2027; x_wconf 84' lang='grc'><strong><em>15</em></strong></span> <span class='ocrx_word' id='word_1_274' title='bbox 1695 2006 1722 2026; x_wconf 87' lang='grc' dir='ltr'><strong><em>τ.</em></strong></span> 
     </span>
     <span class='ocr_line' id='line_1_28' title="bbox 298 2041 1723 2088; baseline -0.003 -10"><span class='ocrx_word' id='word_1_275' title='bbox 298 2043 436 2078; x_wconf 76' lang='grc' dir='ltr'><strong><em>ἐκείνου</em></strong></span> <span class='ocrx_word' id='word_1_276' title='bbox 460 2042 574 2088; x_wconf 60' lang='lat' dir='ltr'><strong><em>drale.</em></strong></span> <span class='ocrx_word' id='word_1_277' title='bbox 600 2041 719 2088; x_wconf 77' lang='lat' dir='ltr'><strong><em>pr3</em></strong></span> <span class='ocrx_word' id='word_1_278' title='bbox 755 2051 846 2077; x_wconf 84' lang='lat' dir='ltr'><strong><em>cum</em></strong></span> <span class='ocrx_word' id='word_1_279' title='bbox 872 2041 1050 2077; x_wconf 79' lang='lat' dir='ltr'><strong>Zonaras</strong></span> <span class='ocrx_word' id='word_1_280' title='bbox 1075 2041 1222 2084; x_wconf 79' lang='grc' dir='ltr'><strong><em>ἐκείνου,</em></strong></span> <span class='ocrx_word' id='word_1_281' title='bbox 1248 2041 1396 2085; x_wconf 76' lang='grc' dir='ltr'><strong><em>ἐκείνης,</em></strong></span> <span class='ocrx_word' id='word_1_282' title='bbox 1422 2041 1570 2075; x_wconf 80' lang='grc' dir='ltr'><strong><em>ἐκείνων</em></strong></span> <span class='ocrx_word' id='word_1_283' title='bbox 1598 2042 1723 2085; x_wconf 77' lang='lat' dir='ltr'><strong>ponat</strong></span> 
     </span>
     <span class='ocr_line' id='line_1_29' title="bbox 299 2087 1720 2134; baseline -0.003 -8"><span class='ocrx_word' id='word_1_284' title='bbox 299 2090 418 2126; x_wconf 87' lang='lat' dir='ltr'><strong>modo</strong></span> <span class='ocrx_word' id='word_1_285' title='bbox 445 2090 551 2126; x_wconf 74' lang='lat' dir='ltr'><strong>inter</strong></span> <span class='ocrx_word' id='word_1_286' title='bbox 575 2089 872 2125; x_wconf 82' lang='lat' dir='ltr'><strong>substantivum</strong></span> <span class='ocrx_word' id='word_1_287' title='bbox 901 2093 942 2125; x_wconf 84' lang='lat' dir='ltr'><strong><em>et</em></strong></span> <span class='ocrx_word' id='word_1_288' title='bbox 967 2089 1181 2125; x_wconf 83' lang='lat' dir='ltr'><strong>articulum</strong></span> <span class='ocrx_word' id='word_1_289' title='bbox 1208 2088 1240 2130; x_wconf 87' lang='grc' dir='ltr'><strong><em>(Ι</em></strong></span> <span class='ocrx_word' id='word_1_290' title='bbox 1268 2099 1303 2134; x_wconf 89' lang='lat' dir='ltr'><strong><em>p.</em></strong></span> <span class='ocrx_word' id='word_1_291' title='bbox 1330 2088 1363 2132; x_wconf 88' lang='lat'><strong><em>9,</em></strong></span> <span class='ocrx_word' id='word_1_292' title='bbox 1382 2087 1415 2123; x_wconf 86' lang='lat'><strong><em>5.</em></strong></span> <span class='ocrx_word' id='word_1_293' title='bbox 1444 2088 1498 2131; x_wconf 89' lang='grc'><strong><em>11,</em></strong></span> <span class='ocrx_word' id='word_1_294' title='bbox 1517 2088 1549 2123; x_wconf 91' lang='grc'><strong><em>6.</em></strong></span> <span class='ocrx_word' id='word_1_295' title='bbox 1568 2087 1591 2122; x_wconf 90' lang='grc'>8</span> <span class='ocrx_word' id='word_1_296' title='bbox 1617 2087 1720 2129; x_wconf 87' lang='lat' dir='ltr'><strong>(cod.</strong></span> 
     </span>
     <span class='ocr_line' id='line_1_30' title="bbox 298 2134 1721 2183; baseline -0.002 -10"><span class='ocrx_word' id='word_1_297' title='bbox 298 2137 361 2181; x_wconf 82' lang='lat' dir='ltr'><strong><em>A).</em></strong></span> <span class='ocrx_word' id='word_1_298' title='bbox 388 2137 444 2183; x_wconf 82' lang='lat'><strong><em>12,</em></strong></span> <span class='ocrx_word' id='word_1_299' title='bbox 472 2137 528 2174; x_wconf 88' lang='grc'><strong>19.</strong></span> <span class='ocrx_word' id='word_1_300' title='bbox 560 2137 618 2182; x_wconf 84' lang='grc'><strong><em>26,</em></strong></span> <span class='ocrx_word' id='word_1_301' title='bbox 646 2137 691 2172; x_wconf 86' lang='grc'><strong><em>16</em></strong></span> <span class='ocrx_word' id='word_1_302' title='bbox 717 2136 820 2181; x_wconf 67' lang='grc' dir='ltr'><strong><em>σθω,</em></strong></span> <span class='ocrx_word' id='word_1_303' title='bbox 857 2137 977 2173; x_wconf 92' lang='lat' dir='ltr'><strong>modo</strong></span> <span class='ocrx_word' id='word_1_304' title='bbox 1017 2139 1107 2183; x_wconf 86' lang='lat' dir='ltr'><strong>post</strong></span> <span class='ocrx_word' id='word_1_305' title='bbox 1145 2137 1443 2172; x_wconf 80' lang='lat' dir='ltr'><strong>substantivum</strong></span> <span class='ocrx_word' id='word_1_306' title='bbox 1483 2135 1514 2176; x_wconf 92' lang='grc' dir='ltr'><strong><em>(Ι</em></strong></span> <span class='ocrx_word' id='word_1_307' title='bbox 1541 2146 1577 2181; x_wconf 85' lang='lat' dir='ltr'><strong><em>p.</em></strong></span> <span class='ocrx_word' id='word_1_308' title='bbox 1604 2134 1637 2179; x_wconf 88' lang='lat'><strong><em>5,</em></strong></span> <span class='ocrx_word' id='word_1_309' title='bbox 1665 2135 1721 2170; x_wconf 89' lang='lat'><strong><em>10.</em></strong></span> 
     </span>
     <span class='ocr_line' id='line_1_31' title="bbox 300 2182 1721 2230; baseline -0.002 -10"><span class='ocrx_word' id='word_1_310' title='bbox 300 2186 356 2227; x_wconf 89' lang='lat'><strong><em>11,</em></strong></span> <span class='ocrx_word' id='word_1_311' title='bbox 382 2185 406 2221; x_wconf 84' lang='lat'><strong>2</strong></span> <span class='ocrx_word' id='word_1_312' title='bbox 430 2185 532 2230; x_wconf 62' lang='lat' dir='ltr'><strong>cet),</strong></span> <span class='ocrx_word' id='word_1_313' title='bbox 568 2185 802 2221; x_wconf 79' lang='lat' dir='ltr'><strong>auctoritati</strong></span> <span class='ocrx_word' id='word_1_314' title='bbox 829 2185 966 2230; x_wconf 87' lang='lat' dir='ltr'><strong>optimi</strong></span> <span class='ocrx_word' id='word_1_315' title='bbox 995 2184 1145 2220; x_wconf 85' lang='lat' dir='ltr'><strong>codicis</strong></span> <span class='ocrx_word' id='word_1_316' title='bbox 1171 2188 1232 2220; x_wconf 82' lang='lat' dir='ltr'><strong><em>est</em></strong></span> <span class='ocrx_word' id='word_1_317' title='bbox 1257 2183 1558 2229; x_wconf 84' lang='lat' dir='ltr'><strong>astipulandum</strong></span> <span class='ocrx_word' id='word_1_318' title='bbox 1588 2184 1642 2226; x_wconf 88' lang='lat' dir='ltr'><strong><em>(v.</em></strong></span> <span class='ocrx_word' id='word_1_319' title='bbox 1668 2182 1721 2217; x_wconf 82' lang='lat' dir='ltr'><strong><em>ad</em></strong></span> 
     </span>
     <span class='ocr_line' id='line_1_32' title="bbox 297 2230 1626 2278; baseline -0.003 -10"><span class='ocrx_word' id='word_1_320' title='bbox 297 2232 429 2269; x_wconf 86' lang='lat' dir='ltr'>XVIII</span> <span class='ocrx_word' id='word_1_321' title='bbox 458 2232 512 2278; x_wconf 84' lang='lat'><strong><em>15,</em></strong></span> <span class='ocrx_word' id='word_1_322' title='bbox 538 2233 577 2277; x_wconf 85' lang='lat'><strong><em>3)</em></strong></span> <span class='ocrx_word' id='word_1_323' title='bbox 672 2232 870 2278; x_wconf 72' lang='grc' dir='ltr'><strong><em>ἕπεφήμιξε</em></strong></span> <span class='ocrx_word' id='word_1_324' title='bbox 896 2232 932 2267; x_wconf 94' lang='lat' dir='ltr'>D</span> <span class='ocrx_word' id='word_1_325' title='bbox 1031 2232 1075 2268; x_wconf 84' lang='lat'><strong><em>17</em></strong></span> <span class='ocrx_word' id='word_1_326' title='bbox 1101 2231 1260 2276; x_wconf 79' lang='grc' dir='ltr'><strong><em>οὐδαμοῦ</em></strong></span> <span class='ocrx_word' id='word_1_327' title='bbox 1287 2230 1330 2275; x_wconf 90' lang='lat' dir='ltr'><strong><em>O,</em></strong></span> <span class='ocrx_word' id='word_1_328' title='bbox 1355 2231 1503 2276; x_wconf 79' lang='grc' dir='ltr'><strong><em>μηδαμῆ</em></strong></span> <span class='ocrx_word' id='word_1_329' title='bbox 1530 2230 1626 2275; x_wconf 85' lang='lat' dir='ltr'><strong><em>Ewp</em></strong></span> 
     </span>
    </p>
   </div>
   <div class='ocr_carea' id='block_1_6' title="bbox 223 2349 1782 2968">
    <p class='ocr_par' dir='ltr' id='par_1_11' title="bbox 223 2349 1782 2968">
     <span class='ocr_line' id='line_1_33' title="bbox 225 2349 1720 2394; baseline -0.003 -7"><span class='ocrx_word' id='word_1_330' title='bbox 225 2351 334 2393; x_wconf 79' lang='lat' dir='ltr'><strong>(nam</strong></span> <span class='ocrx_word' id='word_1_331' title='bbox 362 2362 452 2388; x_wconf 84' lang='lat' dir='ltr'><strong><em>cum</em></strong></span> <span class='ocrx_word' id='word_1_332' title='bbox 471 2351 699 2388; x_wconf 77' lang='lat' dir='ltr'><strong>Bladimero</strong></span> <span class='ocrx_word' id='word_1_333' title='bbox 719 2351 822 2387; x_wconf 79' lang='lat' dir='ltr'><strong>duco</strong></span> <span class='ocrx_word' id='word_1_334' title='bbox 849 2361 1000 2394; x_wconf 72' lang='lat' dir='ltr'><strong>eorum,</strong></span> <span class='ocrx_word' id='word_1_335' title='bbox 1027 2361 1166 2386; x_wconf 85' lang='lat' dir='ltr'><strong>sorore</strong></span> <span class='ocrx_word' id='word_1_336' title='bbox 1185 2349 1303 2385; x_wconf 82' lang='lat' dir='ltr'><strong><em>Anna</em></strong></span> <span class='ocrx_word' id='word_1_337' title='bbox 1330 2350 1463 2391; x_wconf 77' lang='lat' dir='ltr'><strong>duct-a,</strong></span> <span class='ocrx_word' id='word_1_338' title='bbox 1490 2349 1720 2384; x_wconf 75' lang='lat' dir='ltr'><strong>affinitatem</strong></span> 
     </span>
     <span class='ocr_line' id='line_1_34' title="bbox 226 2396 1721 2446; baseline -0.003 -11"><span class='ocrx_word' id='word_1_339' title='bbox 226 2400 420 2436; x_wconf 77' lang='lat' dir='ltr'><strong>iunxerat</strong></span> <span class='ocrx_word' id='word_1_340' title='bbox 434 2403 558 2446; x_wconf 78' lang='lat' dir='ltr'><strong>atque</strong></span> <span class='ocrx_word' id='word_1_341' title='bbox 575 2399 728 2435; x_wconf 82' lang='lat' dir='ltr'><strong>auxilia</strong></span> <span class='ocrx_word' id='word_1_342' title='bbox 745 2399 839 2435; x_wconf 84' lang='lat' dir='ltr'><strong>inde</strong></span> <span class='ocrx_word' id='word_1_343' title='bbox 858 2399 1140 2438; x_wconf 73' lang='lat' dir='ltr'><strong>arcessiverat)</strong></span> <span class='ocrx_word' id='word_1_344' title='bbox 1168 2398 1348 2433; x_wconf 81' lang='lat' dir='ltr'>hostibus</span> <span class='ocrx_word' id='word_1_345' title='bbox 1367 2397 1484 2432; x_wconf 73' lang='lat' dir='ltr'><strong>facile</strong></span> <span class='ocrx_word' id='word_1_346' title='bbox 1510 2396 1721 2442; x_wconf 69' lang='lat' dir='ltr'><strong>superatis,</strong></span> 
     </span>
     <span class='ocr_line' id='line_1_35' title="bbox 224 2442 1778 2494; baseline -0.004 -11"><span class='ocrx_word' id='word_1_347' title='bbox 224 2447 356 2493; x_wconf 79' lang='lat' dir='ltr'><strong>ipsum</strong></span> <span class='ocrx_word' id='word_1_348' title='bbox 399 2446 639 2494; x_wconf 70' lang='lat' dir='ltr'><strong>Delphinum</strong></span> <span class='ocrx_word' id='word_1_349' title='bbox 678 2451 839 2493; x_wconf 77' lang='lat' dir='ltr'><strong>captum</strong></span> <span class='ocrx_word' id='word_1_350' title='bbox 881 2447 973 2493; x_wconf 81' lang='lat' dir='ltr'><strong>palo</strong></span> <span class='ocrx_word' id='word_1_351' title='bbox 1012 2446 1149 2481; x_wconf 82' lang='lat' dir='ltr'><strong>affixit.</strong></span> <span class='ocrx_word' id='word_1_352' title='bbox 1207 2444 1364 2480; x_wconf 73' lang='lat' dir='ltr'><strong>Deinde</strong></span> <span class='ocrx_word' id='word_1_353' title='bbox 1401 2444 1590 2489; x_wconf 70' lang='lat' dir='ltr'><strong>Abydum</strong></span> <span class='ocrx_word' id='word_1_354' title='bbox 1630 2453 1719 2479; x_wconf 84' lang='lat' dir='ltr'><strong><em>cum</em></strong></span> <span class='ocrx_word' id='word_1_355' title='bbox 1739 2442 1778 2476; x_wconf 88' lang='lat'><strong><em>11</em></strong></span> 
     </span>
     <span class='ocr_line' id='line_1_36' title="bbox 225 2491 1720 2541; baseline -0.003 -11"><span class='ocrx_word' id='word_1_356' title='bbox 225 2495 351 2531; x_wconf 77' lang='lat' dir='ltr'><strong>fratre</strong></span> <span class='ocrx_word' id='word_1_357' title='bbox 377 2493 640 2532; x_wconf 78' lang='lat' dir='ltr'><strong>Constantino</strong></span> <span class='ocrx_word' id='word_1_358' title='bbox 669 2495 952 2541; x_wconf 78' lang='lat' dir='ltr'><strong>proficiscitur3</strong></span> <span class='ocrx_word' id='word_1_359' title='bbox 991 2504 1081 2529; x_wconf 78' lang='lat' dir='ltr'><strong><em>cum</em></strong></span> <span class='ocrx_word' id='word_1_360' title='bbox 1109 2498 1242 2528; x_wconf 77' lang='lat' dir='ltr'><strong>nutem</strong></span> <span class='ocrx_word' id='word_1_361' title='bbox 1271 2493 1348 2527; x_wconf 82' lang='lat' dir='ltr'><strong>utri</strong></span> <span class='ocrx_word' id='word_1_362' title='bbox 1380 2502 1433 2527; x_wconf 81' lang='lat' dir='ltr'><strong><em>uo</em></strong></span> <span class='ocrx_word' id='word_1_363' title='bbox 1451 2492 1654 2527; x_wconf 81' lang='lat' dir='ltr'><strong>exercitus</strong></span> <span class='ocrx_word' id='word_1_364' title='bbox 1681 2491 1720 2525; x_wconf 91' lang='lat' dir='ltr'><strong><em>in</em></strong></span> 
     </span>
     <span class='ocr_line' id='line_1_37' title="bbox 226 2537 1721 2588; baseline -0.003 -10"><span class='ocrx_word' id='word_1_365' title='bbox 226 2542 435 2588; x_wconf 81' lang='lat' dir='ltr'><strong>procinctu</strong></span> <span class='ocrx_word' id='word_1_366' title='bbox 462 2546 626 2587; x_wconf 79' lang='lat' dir='ltr'><strong>starent,</strong></span> <span class='ocrx_word' id='word_1_367' title='bbox 667 2547 707 2578; x_wconf 79' lang='lat' dir='ltr'><strong><em>et</em></strong></span> <span class='ocrx_word' id='word_1_368' title='bbox 732 2542 889 2578; x_wconf 75' lang='lat' dir='ltr'><strong>phocas</strong></span> <span class='ocrx_word' id='word_1_369' title='bbox 915 2551 1009 2577; x_wconf 79' lang='lat' dir='ltr'><strong>suas</strong></span> <span class='ocrx_word' id='word_1_370' title='bbox 1036 2541 1175 2586; x_wconf 74' lang='lat' dir='ltr'><strong>copias</strong></span> <span class='ocrx_word' id='word_1_371' title='bbox 1207 2544 1349 2575; x_wconf 75' lang='lat' dir='ltr'><strong>anteco</strong></span> <span class='ocrx_word' id='word_1_372' title='bbox 1381 2550 1452 2575; x_wconf 81' lang='lat' dir='ltr'><strong><em>ens</em></strong></span> <span class='ocrx_word' id='word_1_373' title='bbox 1484 2548 1621 2583; x_wconf 74' lang='lat' dir='ltr'><strong>regem</strong></span> <span class='ocrx_word' id='word_1_374' title='bbox 1648 2537 1721 2573; x_wconf 74' lang='lat' dir='ltr'><strong><em>Ba-</em></strong></span> 
     </span>
     <span class='ocr_line' id='line_1_38' title="bbox 224 2584 1781 2636; baseline -0.004 -11"><span class='ocrx_word' id='word_1_375' title='bbox 224 2590 354 2625; x_wconf 82' lang='lat' dir='ltr'><strong>silium</strong></span> <span class='ocrx_word' id='word_1_376' title='bbox 392 2600 497 2636; x_wconf 87' lang='lat' dir='ltr'><strong>equo</strong></span> <span class='ocrx_word' id='word_1_377' title='bbox 531 2591 846 2626; x_wconf 79' lang='lat' dir='ltr'><strong>circumvectum</strong></span> <span class='ocrx_word' id='word_1_378' title='bbox 884 2590 1064 2633; x_wconf 69' lang='lat' dir='ltr'><strong><em>legiones</em></strong></span> <span class='ocrx_word' id='word_1_379' title='bbox 1100 2588 1375 2623; x_wconf 73' lang='lat' dir='ltr'><strong>cohortantem</strong></span> <span class='ocrx_word' id='word_1_380' title='bbox 1410 2587 1587 2627; x_wconf 76' lang='lat' dir='ltr'><strong>vidisse-t.</strong></span> <span class='ocrx_word' id='word_1_381' title='bbox 1627 2586 1721 2621; x_wconf 85' lang='lat' dir='ltr'><strong>totis</strong></span> <span class='ocrx_word' id='word_1_382' title='bbox 1738 2584 1781 2619; x_wconf 75' lang='lat'><strong><em>12</em></strong></span> 
     </span>
     <span class='ocr_line' id='line_1_39' title="bbox 225 2636 1720 2683; baseline -0.003 -11"><span class='ocrx_word' id='word_1_383' title='bbox 225 2637 394 2673; x_wconf 77' lang='lat' dir='ltr'><strong>habenis</strong></span> <span class='ocrx_word' id='word_1_384' title='bbox 425 2637 582 2682; x_wconf 80' lang='lat' dir='ltr'><strong>laxatis,</strong></span> <span class='ocrx_word' id='word_1_385' title='bbox 621 2647 726 2683; x_wconf 74' lang='lat' dir='ltr'><strong>equo</strong></span> <span class='ocrx_word' id='word_1_386' title='bbox 760 2637 960 2673; x_wconf 72' lang='lat' dir='ltr'><strong>concitato</strong></span> <span class='ocrx_word' id='word_1_387' title='bbox 988 2637 1026 2671; x_wconf 87' lang='lat' dir='ltr'><strong><em>in</em></strong></span> <span class='ocrx_word' id='word_1_388' title='bbox 1055 2636 1163 2671; x_wconf 83' lang='lat' dir='ltr'><strong>illum</strong></span> <span class='ocrx_word' id='word_1_389' title='bbox 1192 2637 1330 2678; x_wconf 74' lang='lat' dir='ltr'><strong>fertur,</strong></span> <span class='ocrx_word' id='word_1_390' title='bbox 1369 2645 1417 2670; x_wconf 81' lang='lat' dir='ltr'><strong><em>eo</em></strong></span> <span class='ocrx_word' id='word_1_391' title='bbox 1449 2638 1650 2679; x_wconf 75' lang='lat' dir='ltr'><strong>prostrato</strong></span> <span class='ocrx_word' id='word_1_392' title='bbox 1677 2643 1720 2668; x_wconf 80' lang='lat' dir='ltr'><strong><em>so</em></strong></span> 
     </span>
     <span class='ocr_line' id='line_1_40' title="bbox 225 2680 1782 2727; baseline -0.004 -7"><span class='ocrx_word' id='word_1_393' title='bbox 225 2689 308 2721; x_wconf 85' lang='lat' dir='ltr'><strong>toto</strong></span> <span class='ocrx_word' id='word_1_394' title='bbox 335 2684 564 2721; x_wconf 79' lang='lat' dir='ltr'><strong>discrimine</strong></span> <span class='ocrx_word' id='word_1_395' title='bbox 590 2686 677 2721; x_wconf 78' lang='lat' dir='ltr'><strong>fore</strong></span> <span class='ocrx_word' id='word_1_396' title='bbox 704 2684 939 2720; x_wconf 81' lang='lat' dir='ltr'><strong>defunctum</strong></span> <span class='ocrx_word' id='word_1_397' title='bbox 967 2688 1089 2719; x_wconf 79' lang='lat' dir='ltr'><strong>ratus.</strong></span> <span class='ocrx_word' id='word_1_398' title='bbox 1141 2682 1219 2719; x_wconf 85' lang='lat' dir='ltr'><strong><em>Sed</em></strong></span> <span class='ocrx_word' id='word_1_399' title='bbox 1246 2686 1462 2727; x_wconf 76' lang='lat' dir='ltr'><strong>antequam</strong></span> <span class='ocrx_word' id='word_1_400' title='bbox 1494 2691 1589 2716; x_wconf 83' lang='lat' dir='ltr'><strong>suos</strong></span> <span class='ocrx_word' id='word_1_401' title='bbox 1625 2680 1782 2715; x_wconf 80' lang='lat' dir='ltr'><strong>mul-13</strong></span> 
     </span>
     <span class='ocr_line' id='line_1_41' title="bbox 225 2728 1719 2777; baseline -0.003 -10"><span class='ocrx_word' id='word_1_402' title='bbox 225 2736 307 2767; x_wconf 86' lang='lat' dir='ltr'><strong><em>tum</em></strong></span> <span class='ocrx_word' id='word_1_403' title='bbox 335 2733 627 2777; x_wconf 76' lang='lat' dir='ltr'><strong>antecessisset,</strong></span> <span class='ocrx_word' id='word_1_404' title='bbox 657 2733 724 2768; x_wconf 80' lang='lat' dir='ltr'><strong>alii</strong></span> <span class='ocrx_word' id='word_1_405' title='bbox 751 2742 842 2768; x_wconf 80' lang='lat' dir='ltr'><strong><em>eum</em></strong></span> <span class='ocrx_word' id='word_1_406' title='bbox 870 2742 976 2777; x_wconf 71' lang='lat' dir='ltr'><strong>oquo</strong></span> <span class='ocrx_word' id='word_1_407' title='bbox 1004 2731 1239 2766; x_wconf 83' lang='lat' dir='ltr'><strong>devolutum</strong></span> <span class='ocrx_word' id='word_1_408' title='bbox 1273 2731 1418 2771; x_wconf 73' lang='lat' dir='ltr'><strong><em>soi-unt,</em></strong></span> <span class='ocrx_word' id='word_1_409' title='bbox 1450 2729 1529 2770; x_wconf 76' lang='lat' dir='ltr'><strong>alii,</strong></span> <span class='ocrx_word' id='word_1_410' title='bbox 1563 2738 1651 2763; x_wconf 84' lang='lat' dir='ltr'><strong><em>cum</em></strong></span> <span class='ocrx_word' id='word_1_411' title='bbox 1680 2728 1719 2763; x_wconf 87' lang='lat' dir='ltr'><strong><em>in</em></strong></span> 
     </span>
     <span class='ocr_line' id='line_1_42' title="bbox 224 2776 1719 2825; baseline -0.003 -10"><span class='ocrx_word' id='word_1_412' title='bbox 224 2779 419 2815; x_wconf 85' lang='lat' dir='ltr'><strong>tumulum</strong></span> <span class='ocrx_word' id='word_1_413' title='bbox 456 2780 659 2825; x_wconf 72' lang='lat' dir='ltr'><strong>quendam</strong></span> <span class='ocrx_word' id='word_1_414' title='bbox 698 2780 940 2815; x_wconf 75' lang='lat' dir='ltr'><strong>declinasset</strong></span> <span class='ocrx_word' id='word_1_415' title='bbox 971 2788 1160 2824; x_wconf 72' lang='lat' dir='ltr'><strong>equoque</strong></span> <span class='ocrx_word' id='word_1_416' title='bbox 1193 2777 1478 2820; x_wconf 73' lang='lat' dir='ltr'><strong>descendisset,</strong></span> <span class='ocrx_word' id='word_1_417' title='bbox 1519 2776 1625 2811; x_wconf 83' lang='lat' dir='ltr'><strong>humi</strong></span> <span class='ocrx_word' id='word_1_418' title='bbox 1655 2786 1719 2810; x_wconf 82' lang='lat' dir='ltr'><strong><em>ex—</em></strong></span> 
     </span>
     <span class='ocr_line' id='line_1_43' title="bbox 223 2820 1780 2874; baseline -0.004 -12"><span class='ocrx_word' id='word_1_419' title='bbox 223 2831 377 2863; x_wconf 76' lang='lat' dir='ltr'><strong>tentum</strong></span> <span class='ocrx_word' id='word_1_420' title='bbox 392 2828 524 2863; x_wconf 74' lang='lat' dir='ltr'><strong>statim</strong></span> <span class='ocrx_word' id='word_1_421' title='bbox 541 2828 782 2874; x_wconf 72' lang='lat' dir='ltr'><strong>exspirasse,</strong></span> <span class='ocrx_word' id='word_1_422' title='bbox 797 2827 862 2862; x_wconf 77' lang='lat' dir='ltr'><strong>alii</strong></span> <span class='ocrx_word' id='word_1_423' title='bbox 880 2837 904 2861; x_wconf 78' lang='lat' dir='ltr'>a</span> <span class='ocrx_word' id='word_1_424' title='bbox 920 2826 1095 2872; x_wconf 77' lang='lat' dir='ltr'><strong>quodam</strong></span> <span class='ocrx_word' id='word_1_425' title='bbox 1116 2826 1323 2860; x_wconf 70' lang='lat' dir='ltr'><strong>mortifero</strong></span> <span class='ocrx_word' id='word_1_426' title='bbox 1343 2824 1511 2859; x_wconf 74' lang='lat' dir='ltr'><strong>vulnere</strong></span> <span class='ocrx_word' id='word_1_427' title='bbox 1530 2823 1718 2858; x_wconf 74' lang='lat' dir='ltr'><strong>affectum</strong></span> <span class='ocrx_word' id='word_1_428' title='bbox 1737 2820 1780 2856; x_wconf 79' lang='lat'><strong><em>14</em></strong></span> 
     </span>
     <span class='ocr_line' id='line_1_44' title="bbox 224 2868 1781 2921; baseline -0.004 -12"><span class='ocrx_word' id='word_1_429' title='bbox 224 2884 323 2910; x_wconf 74' lang='lat' dir='ltr'><strong>esse.</strong></span> <span class='ocrx_word' id='word_1_430' title='bbox 349 2873 434 2910; x_wconf 73' lang='lat' dir='ltr'><strong><em>Rex</em></strong></span> <span class='ocrx_word' id='word_1_431' title='bbox 448 2874 608 2921; x_wconf 82' lang='lat' dir='ltr'><strong>quidem</strong></span> <span class='ocrx_word' id='word_1_432' title='bbox 618 2874 908 2911; x_wconf 76' lang='lat' dir='ltr'><strong>Constantinus</strong></span> <span class='ocrx_word' id='word_1_433' title='bbox 920 2873 1084 2908; x_wconf 70' lang='lat' dir='ltr'><strong>eaodem</strong></span> <span class='ocrx_word' id='word_1_434' title='bbox 1098 2873 1184 2908; x_wconf 80' lang='lat' dir='ltr'><strong>eius</strong></span> <span class='ocrx_word' id='word_1_435' title='bbox 1195 2872 1269 2907; x_wconf 80' lang='lat' dir='ltr'><strong>sibi</strong></span> <span class='ocrx_word' id='word_1_436' title='bbox 1285 2871 1517 2915; x_wconf 69' lang='lat' dir='ltr'><strong>arrogabat,</strong></span> <span class='ocrx_word' id='word_1_437' title='bbox 1536 2871 1636 2905; x_wconf 79' lang='lat' dir='ltr'><strong>saiso</strong></span> <span class='ocrx_word' id='word_1_438' title='bbox 1648 2870 1721 2905; x_wconf 85' lang='lat' dir='ltr'><strong>uti-</strong></span> <span class='ocrx_word' id='word_1_439' title='bbox 1738 2868 1781 2903; x_wconf 76' lang='lat'><strong><em>15</em></strong></span> 
     </span>
     <span class='ocr_line' id='line_1_45' title="bbox 224 2917 1781 2968; baseline -0.003 -11"><span class='ocrx_word' id='word_1_440' title='bbox 224 2930 315 2967; x_wconf 80' lang='lat' dir='ltr'><strong>que,</strong></span> <span class='ocrx_word' id='word_1_441' title='bbox 334 2922 524 2968; x_wconf 79' lang='lat' dir='ltr'><strong>quoniam</strong></span> <span class='ocrx_word' id='word_1_442' title='bbox 541 2923 630 2958; x_wconf 78' lang='lat' dir='ltr'><strong>eius</strong></span> <span class='ocrx_word' id='word_1_443' title='bbox 646 2932 795 2968; x_wconf 83' lang='lat' dir='ltr'><strong>corpus</strong></span> <span class='ocrx_word' id='word_1_444' title='bbox 811 2922 1066 2957; x_wconf 76' lang='lat' dir='ltr'><strong>vulneratum</strong></span> <span class='ocrx_word' id='word_1_445' title='bbox 1085 2929 1283 2966; x_wconf 76' lang='lat' dir='ltr'><strong>nusquam</strong></span> <span class='ocrx_word' id='word_1_446' title='bbox 1300 2924 1359 2954; x_wconf 53' lang='lat' dir='ltr'><strong><em>«ast</em></strong></span> <span class='ocrx_word' id='word_1_447' title='bbox 1374 2922 1589 2966; x_wconf 71' lang='lat' dir='ltr'><strong>rvpertum.</strong></span> <span class='ocrx_word' id='word_1_448' title='bbox 1632 2917 1720 2963; x_wconf 86' lang='lat' dir='ltr'><strong>Alii,</strong></span> <span class='ocrx_word' id='word_1_449' title='bbox 1736 2917 1781 2952; x_wconf 87' lang='grc'><strong><em>16</em></strong></span> 
     </span>
    </p>
   </div>
  </div>
 </body>
</html>
