2054 3282
352 238 636 276 TVRCORVM
661 238 834 276 ORIGO.
882 236 1246 275 TANGROLIPIX
1269 234 1593 273 MVCALETVS.
1652 235 1723 272 635

227 361 316 405 ἀλλ’
348 361 475 417 ἤθελε
511 361 814 416 παρακατέχειν
850 360 1014 409 αὐτούς,
1057 360 1123 402 ἵνα
1160 358 1233 402 καὶ
1271 355 1339 414 ἐφ’
1377 358 1545 413 ἑτέρους
1581 362 1723 413 χρῷτο

228 431 467 486 συμμάχοις
508 431 662 477 αὐτοῖς.
725 430 767 471 οἱ
802 429 848 472 δὲ
884 428 945 484 μὴ
985 429 1068 471 οἷοί
1101 445 1143 470 τε
1174 428 1290 475 ὄντες
1320 427 1482 470 ἀπιέναι
1511 427 1620 482 πρὸς
1649 426 1724 481 τὴν
1737 427 1760 464 6

229 501 444 555 σφετέραν,
489 500 526 541 εἰ
552 499 612 554 μὴ
645 499 786 546 αὐτοῖς
816 498 982 552 ἀνεθείη
1015 499 1042 553 ἡ
1072 501 1147 539 τοῦ
1171 496 1391 551 Ἀράξιδος
1422 497 1586 552 γέφυρα
1628 495 1723 551 (πο-
1739 495 1768 532 C

228 568 361 624 ταμός
398 565 436 610 δ’
469 566 593 614 οὗτός
631 568 736 609 ἔστιν
772 568 810 609 εἶ
842 566 901 621 μὴ
936 565 1003 608 διὰ
1039 570 1112 622 τῆς
1148 566 1336 621 γεφύρας
1373 566 1425 607 οὗ
1461 564 1653 620 πέρατός,
1697 566 1723 620 ἦ

193 640 217 677 5
231 638 394 692 γέφυρα
427 634 465 678 δ’
498 636 770 691 ἐπεπύργωτο
802 635 1081 690 ἑκατέρωθεν,
1121 634 1192 676 καὶ
1221 638 1306 681 τοῖς
1335 633 1512 688 πύργοις
1541 633 1726 689 φρουροὶ

230 703 572 761 ἐφειστήκεισαν),
605 705 881 746 ἀποστατοῦσι
911 703 982 746 καὶ
1013 704 1070 750 εἷς
1101 703 1181 758 ὅρη
1213 702 1526 758 καταφυγόντες
1555 701 1623 757 (οὗ
1645 701 1726 756 γὰρ

231 775 446 830 ἐθάρρουν
467 774 582 820 ὄντες
601 773 808 828 τρισχίλιοι
837 772 946 826 πρὸς
975 771 1133 818 πολλὰς
1163 771 1269 817 κατὰ
1301 771 1510 826 συστάδην
1539 771 1726 826 μαχέσα-

231 844 333 886 σθαι
362 840 605 898 μυριάδας),
649 842 912 896 ἐκτρέχοντες
943 841 1104 883 ἐκεῖθεν
1135 840 1183 882 τὰ
1215 844 1300 882 τῶν
1330 840 1603 894 Σαρακηνῶν
1634 839 1726 894 ἕλη-

231 912 382 961 ίζοντο.
443 911 644 964 ἐκπέμπει
674 910 811 951 τοίνυν
839 906 929 950 κατ’
954 910 1094 951 αὐτῶν
1116 909 1140 950 ὁ
1162 908 1422 963 Μουχούμετ
1443 907 1728 962 στρατεύματα
1742 909 1763 944 7

175 983 220 1019 10
230 980 329 1035 περί
354 995 438 1021 που
469 978 542 1025 τὰς
567 979 696 1020 εἴκοσι
716 978 914 1033 χιλιάδας,
947 978 1050 1019 δέκα
1082 981 1167 1019 τῶν
1198 977 1419 1032 ὁμογενῶν
1449 976 1625 1031 ἀνδράσι
1654 975 1729 1030 τὴν

233 1048 374 1090 αὐτῶν
404 1047 632 1102 ἐγχειρίσας
663 1046 898 1101 ἡγεμονίαν.
961 1046 1022 1093 οἷς
1044 1047 1085 1087 οἱ
1108 1045 1289 1100 Τοῦρκοι
1310 1044 1459 1092 νυκτὸς
1490 1045 1765 1099 ἐπιθέμενοιὸ

233 1117 366 1173 ῥᾷστα
404 1115 501 1163 τοὺς
537 1115 705 1162 πλειόυς
735 1115 994 1168 κατέκοψαν.
1057 1115 1098 1156 οἱ
1129 1114 1174 1156 δὲ
1204 1114 1509 1168 περισωθέντες
1540 1112 1615 1155 σὺν
1646 1116 1765 1159 τοῖς9

234 1186 376 1227 αὐτῶν
412 1188 654 1239 στρατηγοῖς
692 1184 749 1230 εἷς
783 1183 855 1225 τὸν
885 1183 1148 1238 ,Μουχούμετ
1184 1182 1565 1237 ἀνθυπενόστησαν.
1627 1182 1652 1223 ὁ
1685 1181 1730 1224 δὲ
1746 1185 1790 1221 10
1815 1184 1852 1220 D

235 1253 331 1301 τοὺς
368 1253 448 1308 μὲν
487 1253 590 1295 δέκα
629 1257 701 1307 τῆς
737 1256 927 1306 στρατιᾶς
966 1251 1176 1307 ἡγεμόνας
1219 1251 1493 1305 ἒξετύφλωσε,
1537 1249 1643 1292 κατὰ
1685 1249 1730 1292 δὲ

178 1327 221 1364 15
233 1326 319 1366 τῶν
359 1322 684 1376 περισωθέντων
727 1324 992 1375 στρατιωτῶν
1035 1321 1188 1375 ἠπείλει
1231 1320 1447 1374 διαθήσειν
1490 1318 1643 1366 αὐτοὺς
1681 1318 1729 1360 τὰ

234 1392 423 1447 χείριστα.
485 1392 525 1433 οἱ
557 1390 602 1433 δὲ
641 1390 846 1436 δείσαντες
882 1393 968 1436 τοῖς
1001 1389 1039 1430 T
1033 1389 1205 1443 ούρκοις
1240 1388 1517 1442 προσέθεντο·
1563 1388 1645 1442 ἤδη
1685 1386 1731 1429 δὲ
1747 1391 1788 1426 11

233 1459 306 1503 καὶ
326 1459 467 1502 ἄλλων
487 1460 628 1505 αὐτοῖς
657 1459 957 1513 προσρυέντων
988 1461 1169 1513 συχνῶν,
1204 1457 1371 1499 δούλων
1401 1472 1443 1498 τε
1473 1456 1732 1510 κακούργων

234 1529 464 1585 λεηλασίαις
494 1527 728 1583 χαιρόντων
759 1527 831 1569 καὶ
852 1526 1073 1581 ἁρπαγαῖς,
1105 1525 1375 1580 πολυπληθὲς
1396 1526 1585 1579 ε’γένοντο
1608 1524 1730 1578 στρά-

235 1613 365 1653 τευμα
396 1596 467 1639 καὶ
498 1601 559 1652 τῷ
580 1596 843 1651 Μουχούμετ
872 1595 967 1650 περὶ
996 1595 1043 1637 τὸ
1068 1594 1283 1650 Ἀσπαχὰν
1313 1594 1629 1649 συρρήγνυνται,
1661 1592 1733 1634 καὶ

310 1758 328 1793 1
355 1757 486 1803 ἑτέροις
509 1756 608 1803 pr
741 1756 775 1792 4.
801 1755 824 1792 5
849 1756 872 1802 ἦ
898 1755 937 1791 δὲ
961 1756 1039 1802 γέφ.
1066 1755 1162 1802 Ewp
1308 1754 1331 1790 6
1355 1754 1608 1801 ἐφειστήκεσαν
1635 1753 1732 1799 Ewp

308 1806 332 1842 8
357 1808 447 1852 post
471 1805 608 1851 ἔκτρὲχ.
635 1805 809 1851 spatium
836 1805 922 1841 fere
948 1803 985 1839 X
1011 1805 1234 1839 litterarum
1261 1804 1302 1838 in
1328 1802 1359 1837 B
1470 1802 1503 1837 9.
1532 1801 1576 1837 19
1599 1802 1733 1846 μαχού-

307 1867 372 1899 μετ
391 1852 426 1888 D
523 1852 546 1888 9
570 1852 765 1897 στράτευμα
783 1852 918 1897 DEwp
1019 1852 1060 1886 11
1086 1851 1272 1890 πιστεύσας
1290 1850 1353 1886 ΒΟ
1447 1850 1494 1885 1‘2
1517 1850 1678 1888 πλείονας
1697 1849 1732 1883 D

311 1901 366 1936 14.
395 1900 440 1936 15
464 1899 552 1935 κατὰ
577 1900 616 1935 δὲ
641 1904 711 1935 τῶν
734 1900 1008 1944 περισωθέντων
1033 1904 1253 1943 στρατιωτῶν
1278 1897 1426 1944 Apr,
1465 1902 1536 1933 τῶν
1566 1895 1606 1932 δὲ
1634 1910 1734 1941 στρα-

310 1953 446 1985 τιωτῶν
470 1947 550 1987 τοὺς
574 1948 833 1993 περισωθέντας
858 1946 922 1984 ΒΟ
1069 1947 1113 1982 15
1138 1946 1264 1986 αὐτοὺς
1292 1957 1366 1981 om.
1394 1945 1457 1981 BC
1604 1944 1648 1979 17
1673 1945 1734 1979 καὶ

310 1995 440 2042 ἄλλων]
458 1995 614 2042 βάλλων
632 1994 667 2030 Ι)
764 1995 881 2035 αὐτοῖς
901 2005 975 2031 om.
990 1994 1126 2040 DEwp
1226 1997 1315 2040 post
1333 2008 1367 2029 τε
1386 1993 1477 2028 add.
1496 1993 1557 2028 καὶ
1575 1991 1734 2038 prDi

312 2045 357 2080 18
382 2044 564 2089 λεηλασίας
590 2043 636 2089 p*
736 2043 780 2078 19
805 2048 855 2087 τῷ
879 2043 1082 2088 μουχούμετ
1108 2045 1202 2078 ante
1225 2041 1392 2087 συρρήγν.
1410 2039 1475 2077 ΒΟ
1571 2039 1734 2085 ἇσπαχὰν

310 2084 393 2135 AR,
418 2091 575 2127 ἀοπαλὰν
601 2091 649 2135 D,
674 2090 835 2136 ἀπασχὰν
861 2091 969 2137 Ewp,
994 2090 1156 2135 ἀσπαχᾶν
1183 2089 1297 2126 Cedr.
1324 2089 1346 2125 l.
1374 2100 1406 2124 e.
1434 2099 1470 2135 p.
1497 2087 1578 2133 569,
1606 2087 1651 2123 18

240 2249 340 2286 alios
366 2258 539 2295 quoque·
554 2251 750 2283 uteretur.
800 2247 876 2290 Qui
903 2257 992 2283 cum
1013 2246 1174 2283 domum
1199 2246 1332 2282 redire
1350 2245 1427 2281 nisi
1454 2254 1526 2291 per
1543 2241 1771 2279 Araxidisss

242 2301 402 2343 pontem
446 2297 660 2341 nequirent
701 2296 864 2337 (fluvius
902 2295 935 2330 is
973 2297 1044 2337 est,
1084 2295 1151 2340 qui
1184 2295 1260 2329 nisi
1288 2297 1410 2339 ponte
1441 2292 1626 2338 superari
1652 2302 1733 2327 non

242 2348 373 2391 potest
399 2344 601 2388 utrimque
627 2344 784 2386 turrito,
815 2353 934 2389 quem
962 2342 1214 2388 praesidiarii
1241 2341 1384 2377 milites
1410 2339 1630 2383 tenebant),
1670 2338 1734 2374 de-

242 2393 381 2428 ficiunt
406 2396 445 2428 et
471 2395 627 2427 montes
654 2396 856 2437 occupant
894 2392 1001 2433 (nam
1029 2400 1119 2425 eum
1146 2389 1275 2425 tribus
1300 2389 1460 2424 milibus
1491 2387 1627 2434 plures
1652 2397 1734 2422 non

188 2442 191 2445 '
242 2444 387 2484 essent,
420 2449 510 2475 cum
537 2439 671 2474 multis
696 2439 857 2474 milibus
883 2438 971 2474 acie
997 2437 1216 2474 decernere
1242 2447 1324 2472 non
1354 2435 1586 2479 audebant),
1625 2434 1735 2469 unde

243 2490 528 2535 procurrentes
560 2485 785 2523 Saracenos
819 2485 1078 2532 praedantur.
1128 2484 1409 2520 Muchumetus
1442 2493 1540 2518 vero
1575 2481 1628 2518 ad
1660 2479 1770 2517 XX?

242 2535 351 2571 milia
377 2539 518 2571 contra
545 2544 614 2570 eos
639 2535 769 2578 mittit,
796 2534 934 2570 decem
954 2533 1125 2568 ducibus
1144 2543 1165 2568 e
1183 2533 1266 2567 suis
1289 2531 1553 2578 popularibus
1579 2539 1734 2565 summa

243 2583 335 2619 belli
363 2582 527 2627 credita,
558 2591 660 2627 quos
686 2581 807 2617 Turci
835 2585 957 2616 noctu
984 2580 1168 2626 aggressi
1196 2580 1372 2615 maxima
1399 2589 1449 2615 ex
1476 2582 1589 2624 parte
1616 2575 1771 2613 fucile8

243 2630 515 2674 trucidarunt3
550 2630 745 2675 reliquiae
784 2639 873 2664 cuin
913 2629 996 2664 suis
1034 2627 1206 2664 ducibus
1237 2626 1288 2662 ad
1316 2626 1615 2662 Muchumetum
1649 2623 1771 2660 red-9

243 2680 387 2714 ierunt.
437 2677 476 2713 Is
507 2677 645 2713 decem
678 2677 752 2713 illis
785 2676 956 2712 ducibus
989 2675 1219 2711 excaecatis
1253 2678 1293 2711 et
1324 2674 1516 2710 militibus
1546 2673 1735 2719 supersti-
1753 2670 1796 2706 10

242 2726 351 2762 tibus
377 2725 626 2761 atrocissima
649 2734 837 2770 quaeque
857 2725 1030 2759 minatus
1048 2723 1191 2764 effecit,
1219 2726 1263 2758 ut
1283 2726 1391 2757 metu
1411 2721 1591 2757 deterriti
1610 2720 1664 2756 illi
1684 2719 1734 2755 ad

244 2773 400 2810 Turcos
426 2773 716 2817 confugerent3
744 2773 770 2807 ii
797 2782 894 2807 vero
922 2772 999 2807 iam
1029 2771 1116 2806 aliis
1143 2780 1307 2816 qnoque
1325 2768 1622 2805 confluentibus
1642 2767 1736 2803 mul·
1753 2766 1793 2801 11

245 2822 305 2866 tis,
323 2821 452 2857 servis
470 2824 510 2856 et
529 2820 766 2855 facinorosis
785 2819 1024 2862 nominibus,
1051 2818 1118 2863 qui
1138 2817 1340 2853 manubiis
1358 2821 1397 2852 et
1416 2816 1567 2863 rapinis
1586 2815 1738 2862 gaude-

245 2869 354 2913 bant,
382 2878 598 2904 numeroso
625 2868 806 2903 exercitu
826 2868 1023 2910 confecto,
1051 2866 1202 2911 proelio
1222 2875 1312 2900 cum
1331 2864 1588 2900 Muchumeto
1611 2873 1738 2909 prope

245 2915 460 2963 Aspachan
498 2916 721 2960 connnisso,
760 2915 905 2951 multos
936 2912 1160 2951 Saracenos
1200 2912 1434 2949 ceciderunt
1475 2915 1599 2958 atque
1635 2911 1739 2947 inter
