1968 3302
656 206 674 241 Ι
677 204 902 243 OVIANVS
927 203 1243 241 IMPERATOR.
1658 203 1701 238 71

201 332 298 382 ρεῖν.
360 327 480 382 μόλις
523 331 626 382 γοῦν
669 329 726 375 εἷς
768 327 843 383 τὴν
884 331 957 383 τῆς
1001 326 1158 381 Κοίλης
1194 326 1357 380 Συρίας
1389 324 1639 380 Ἀντιόχειαν
1677 324 1738 367 69

195 395 399 452 Ἰοβιανός
429 396 690 451 καταντήσας
720 395 818 443 τοὺς
847 399 932 438 τῶν
967 397 1216 450 χριστιανῶν
1253 396 1386 449 ἱερεῖς,
1431 394 1523 436 ὅσοι
1558 410 1600 435 τε
1638 393 1704 435 ἐπὶ
1717 393 1754 428 D

200 464 496 507 Κωνσταντίου
527 464 600 507 καὶ
631 465 722 507 ὅσοι
754 465 819 507 ἐπὶ
850 468 924 507 τοῦ
954 463 1204 519 παραβάτου
1235 466 1321 504 τῶν
1352 463 1587 518 ἐκκλησιῶν
1608 463 1703 517 ἐξη-

200 534 406 588 λάθησαν,
447 534 505 580 εἷς
537 532 667 580 αὐτὰς
698 534 935 589 ἐπανήγαγε
964 533 1037 575 καὶ
1065 531 1151 586 πρὸ
1182 535 1268 574 τῶν
1298 531 1439 574 ἄλλων
1469 530 1541 573 τὸν
1570 531 1705 585 μέγαν

164 602 448 645 5Ἆθανάσιον
491 602 558 644 ἐπὶ
589 602 914 656 Ἀλεξάνδρειαν.
977 602 1023 650 ἒξ
1053 601 1301 656 Ἀντιοχείας
1345 600 1391 643 δὲ
1434 601 1492 647 εἷς
1537 599 1705 654 Ταρσὸν
1720 600 1766 635 10

201 671 387 726 γεγονὼς
416 670 488 712 καὶ
518 669 566 713 τὸ
595 676 743 726 μνῆμα
775 671 997 725 κοσμήσας
1035 674 1109 712 τοῦ
1135 669 1364 712 ’Ῑουλιανοῢ
1403 668 1590 724 ἐπανῄει·
1634 668 1706 710 καὶ

201 741 258 787 εἷς
280 739 494 794 Ἄγκυραν
524 744 597 795 τῆς
622 739 830 787 Γαλατίας
862 739 1047 794 γεγονὼς
1077 739 1276 781 κάκεῖθεν
1307 738 1475 792 ἀπάρας
1506 738 1578 780 καὶ
1609 753 1704 779 στα-

200 808 317 864 θμὸν
336 808 566 862 προελθὼν
586 810 644 855 εἷς
666 808 915 851 Δαὸάστανά
947 825 989 850 τε
1019 807 1257 854 καταλύσας
1288 807 1497 862 αἰφνίδιον
1526 806 1704 848 τετελεύ-

200 893 335 933 τηκεν,
367 877 430 924 ὥς
459 876 538 930 μὲν
569 878 667 919 ἔνιοι
698 878 1031 932 συνεγράψαντο,
1064 877 1276 931 ἅρτιφυεῖς
1305 877 1498 931 μύκητας
1528 876 1704 931 δηλητη-
1721 876 1763 911 11

142 949 189 984 10
201 947 319 1000 ρίους
339 946 493 1001 φαγών
517 945 586 1001 (ἦν
608 946 688 1000 γὰρ
710 946 819 992 λιτὸς
839 946 934 1000 περὶ
957 945 1144 999 δίαιταν),
1177 946 1239 992 ὡς
1261 943 1298 987 δ’
1322 946 1466 1000 ἕτεροι,
1498 948 1707 1000 χειμῶνος
1723 945 1767 980 12
1793 944 1842 981 W
1856 943 1915 980 III
1929 943 1968 980 25

201 1016 322 1062 ὄντος
353 1015 398 1057 ἕν
429 1016 624 1070 οἰκήματι
662 1015 902 1070 κατέδραθε
939 1015 1033 1057 νέον
1077 1015 1413 1069 ἓμπεπλασμένῳ
1456 1014 1591 1068 κονίᾳ,
1636 1013 1751 1055 καὶΡ
1766 1013 1864 1049 1129
1880 1012 1915 1048 A

202 1084 270 1127 διὰ
300 1084 348 1127 τὸ
378 1088 452 1126 τοῦ
482 1084 652 1139 ψύχους
689 1083 797 1126 πολὺ
834 1084 1069 1137 ἀνθράκων
1106 1083 1387 1137 ᾶναφθέντων
1431 1082 1546 1129 ἐντὸς
1588 1081 1708 1137 ἀτμὶς

201 1154 249 1195 ἐκ
280 1158 352 1208 τῆς
382 1154 527 1200 κονίας
557 1153 830 1208 πυρουμένης
861 1151 1046 1207 ἀνεδόθη
1078 1152 1227 1206 πολλή,
1259 1151 1330 1193 καὶ
1363 1148 1414 1194 δι’
1448 1152 1577 1206 αὐτῆς
1605 1151 1706 1193 ἀπε-

199 1222 323 1277 πνίγη
354 1223 625 1277 κοιμώμενος
662 1218 764 1276 μηδ’
806 1221 1062 1276 αἰσθόμενος
1097 1225 1170 1276 τῆς
1212 1224 1456 1275 πνιγμονῆς,
1501 1221 1547 1268 ἐξ
1589 1221 1706 1262 οἴνου

141 1294 187 1330 15
200 1292 485 1346 καρηβαρῶν·
517 1290 664 1345 πολλῷ
695 1289 775 1344 γὰρ
807 1289 963 1344 λέγεται
994 1290 1229 1344 κεχρῆσθαι
1261 1289 1446 1343 ἀκράτῳ.
1508 1288 1581 1330 καὶ
1605 1288 1706 1330 οὐδὲ
1722 1290 1766 1326 13

11 1351 226 1414 [2¹121825
261 1359 363 1414 γυνὴ
397 1360 526 1401 αὐτοῦ
559 1360 674 1414 ἔφθη
706 1363 854 1400 τοῦτον
884 1358 1136 1406 θεάσασθαι,
1169 1358 1240 1400 καὶ
1271 1362 1398 1400 ταῦτα
1431 1358 1488 1404 εἷς
1518 1357 1707 1411 ὗπαντὴν

9 1427 58 1438 ²
201 1429 331 1470 αὐτοῦ
361 1428 633 1482 προελθοῦσα
664 1426 768 1482 μετὰ
799 1428 1016 1482 βασιλικῆς
1045 1431 1221 1482 πομπῆς
1252 1426 1327 1469 σὺν
1357 1431 1420 1481 τῷ
1456 1427 1540 1480 υἱῷ
1579 1426 1707 1481 αὐτῆς

201 1497 484 1552 Βαρωνιανῷ.

325 1565 539 1612 Θανόντος
577 1566 717 1620 μέντοι
753 1569 827 1607 τοῦ
853 1564 1062 1620 ’Ῑοβιανοῢ
1095 1566 1135 1607 οἱ
1166 1568 1409 1620 στρατιῶται
1441 1563 1706 1619 σκυθρωπά·
1723 1565 1768 1601 14

139 1639 188 1675 20
201 1635 340 1684 ζοντες
369 1634 444 1690 τὴν
475 1633 659 1676 Νίκαιαν
690 1634 962 1689 κατειλήφασι
993 1633 1064 1676 καὶ
1096 1634 1310 1689 γεγονότες
1341 1634 1430 1676 ε’κεῖ
1454 1633 1550 1687 περὶ
1587 1634 1706 1688 βασι-

200 1765 223 1802 8
246 1765 327 1811 περὶ
352 1770 414 1811 τῆς
438 1765 598 1811 τελευτῆς
620 1764 797 1811 Ἰοβιανοῦ
825 1763 887 1801 CE
950 1793 964 1806 ,

273 1897 291 1932 1
320 1897 383 1933 οὖν
409 1897 441 1932 Ε
544 1896 567 1932 ‘2
593 1897 696 1941 ἱερεῖς
722 1907 798 1932 om.
824 1896 861 1932 D
893 1897 961 1932 Wo
980 1896 1047 1932 lat.
1150 1896 1173 1931 5
1199 1895 1239 1931 δὲ
1260 1894 1342 1940 AR,
1369 1910 1404 1931 τε
1428 1895 1531 1941 pr
1630 1910 1708 1940 ταρ-

272 1944 334 1981 σὸν
360 1943 479 1989 ARW‚
511 1944 654 1989 Θαρσὸν
680 1943 788 1990 p*Di
910 1945 931 1980 7
957 1945 1118 1990 ἄγκυραν
1144 1943 1247 1989 RDi,
1274 1945 1430 1989 ἄγγυραν
1455 1943 1536 1988 AC,
1562 1942 1625 1989 τὴν
1650 1944 1708 1989 ἄγ-

272 2007 383 2038 γυραν
401 1992 449 2034 D,
475 1992 539 2039 τὴν
556 1993 718 2038 ἄγκυραν
735 2003 798 2038 wp
887 1992 1041 2038 γεγονὼς
1054 1990 1100 2036 Α,
1128 1993 1312 2038 γενόμενος
1327 1990 1487 2038 prDz‘
1577 1992 1620 2026 11
1647 2005 1709 2028 κα-

272 2041 424 2086 τέδαρθε
441 2039 601 2086 prDz'
697 2040 969 2086 ἐμπεπλησμένη
989 2039 1037 2084 D,
1065 2050 1168 2076 corr.
1183 2040 1253 2078 Dw
1353 2040 1398 2076 13
1422 2038 1708 2085 πυῙπυρουμένης

273 2087 308 2123 Α
393 2088 438 2124 16
464 2088 653 2133 ὑπάντησιν
679 2088 814 2135 wap
914 2089 959 2124 17
983 2093 1195 2133 προπομπῆς
1221 2087 1319 2134 pr
1417 2088 1524 2124 αὐτοῦ
1550 2086 1709 2134 prDz'

275 2136 320 2173 19
346 2136 670 2182 σκυθρωπάσαντες
696 2136 728 2172 Ε
825 2136 873 2172 20
897 2137 1016 2172 νίκαια
1043 2137 1130 2179 (sie)
1156 2134 1192 2172 A

202 2269 332 2304 chiam
373 2267 630 2313 Coelcsyriae
669 2269 934 2314 pervenisset,
978 2271 1179 2314 quotquot
1221 2268 1454 2304 sacerdotes
1492 2267 1707 2304 Christiani

202 2316 280 2352 sub
306 2315 542 2352 Constantio
571 2319 610 2352 et
636 2315 794 2352 Iuliano
822 2316 1001 2352 ecclesiis
1027 2316 1132 2362 pulsi
1158 2316 1415 2359 fuerunt,·in
1447 2326 1518 2351 eas
1544 2316 1709 2352 reduxit

203 2375 251 2400 ac
286 2373 386 2410 prae
421 2364 565 2399 ceteris
599 2374 794 2409 magnum
829 2362 1095 2400 Athanasium
1133 2363 1434 2400 Alexandriam.
1493 2363 1708 2399 Antiochia
1724 2360 1769 2395 10

203 2412 377 2447 Tarsum
404 2412 623 2458 profectus,
650 2416 793 2448 ornato
821 2411 967 2447 Iuliani
994 2411 1192 2458 sepulcro,
1218 2411 1423 2456 Ancyram
1453 2410 1640 2447 Galatiae
1665 2421 1709 2447 se

204 2459 391 2504 contulit3
425 2459 521 2495 inde
554 2463 768 2505 postquam
802 2460 899 2495 abiit
927 2463 967 2495 et
992 2460 1069 2495 iter
1093 2460 1216 2495 unius
1243 2459 1323 2495 dici
1349 2469 1592 2505 progressus
1617 2469 1708 2495 con-

203 2508 304 2544 stitit
329 2506 588 2550 Dadastanis‚
626 2510 796 2554 repente
822 2507 931 2551 obiit,
972 2518 1074 2551 cum,
1112 2511 1158 2542 ut
1191 2507 1259 2542 alii
1293 2507 1487 2550 scribunt,
1522 2509 1708 2543 recentes
1724 2503 1767 2538 11

204 2556 356 2601 fungos
382 2558 607 2591 venenatos
633 2555 875 2591 comedisset
904 2555 990 2598 (vili
1017 2556 1122 2591 cuim
1150 2555 1260 2590 victu
1291 2554 1511 2599 utebatur),
1551 2557 1597 2590 ut
1629 2555 1708 2599 alii,
1725 2551 1769 2586 1‘2

204 2603 375 2639 hiberno
402 2605 583 2649 tempore
609 2603 650 2638 in
678 2603 862 2639 conclavi
889 2613 1020 2649 nuper
1044 2603 1143 2639 illito
1172 2603 1282 2638 calce
1303 2602 1588 2648 obdormisset3
1614 2613 1709 2638 nam

205 2661 296 2686 cum
324 2651 376 2686 ob
402 2651 534 2696 frigus
560 2651 728 2687 multum
755 2651 1001 2687 carbonibus
1027 2651 1136 2686 intus
1162 2651 1344 2686 accensis
1369 2660 1546 2695 magnus
1578 2661 1710 2697 vapor

205 2709 228 2734 e
246 2699 382 2734 cinere
401 2708 596 2734 succenso
616 2699 825 2742 extitisset,
854 2698 1057 2735 dormiens
1076 2699 1163 2734 sine
1181 2708 1303 2734 sensu
1321 2698 1459 2734 mortis
1485 2698 1709 2734 suffocatus

206 2749 266 2782 cst
292 2746 388 2781 vino
415 2747 576 2791 gravis:
602 2746 728 2782 multo
755 2747 859 2782 enim
888 2747 1018 2782 fertur
1044 2757 1142 2782 usus
1163 2757 1251 2782 csse
1269 2756 1393 2782 mero.
1442 2745 1585 2791 Ncque
1602 2756 1709 2782 uxor
1726 2743 1770 2778 13

206 2797 301 2830 ante
328 2794 481 2830 obitum
507 2794 792 2840 imperatorem
819 2793 989 2839 viderat,
1017 2795 1090 2830 etsi
1118 2794 1153 2830 ei
1182 2794 1343 2830 obviam
1372 2804 1590 2840 progressa
1617 2804 1708 2830 cum

207 2842 322 2888 regio
351 2842 545 2877 comitatu
571 2845 611 2877 et
637 2842 717 2878 fllio
744 2852 818 2878 suo
845 2841 1112 2878 Varroniano.

0 2899 31 2931 ᾗς»
328 2889 487 2926 Ioviani
525 2892 655 2927 morte
697 2890 944 2926 consternati
983 2890 1126 2927 milites
1165 2889 1356 2926 Nicaeam
1401 2892 1615 2936 occupant,
1658 2889 1709 2926 de
1725 2887 1771 2923 14
