2054 3282
490 236 793 283 THEoPfflLo
822 234 1077 282 svcomm'r
1101 225 1336 280 mmmm,
1363 231 1432 277 m.
1634 234 1705 276 381

209 367 360 410 λεπτοῦ
389 368 512 422 μίτου
538 367 745 423 ἠρτῆσθαι
767 366 968 421 διέγνωκε
987 366 1060 408 καὶ
1079 366 1171 419 ἄρτι
1191 364 1403 418 ἐκλείπειν,
1435 363 1707 418 ἀναιρεθῆναι

209 436 429 478 κεκέλευκε
449 435 522 478 τὸν
542 435 769 490 Θεόφοβον
788 435 861 477 καὶ
881 434 1140 490 κομισθῆναί
1164 435 1205 476 οἱ
1233 433 1308 488 τὴν
1338 432 1468 474 αὐτοῦ
1499 431 1707 486 κεφαλήν·

210 503 263 560 ἧς
292 504 564 559 κομισθείσης
601 504 802 546 ἐπιθεῖναι
838 503 962 558 λόγος
998 504 1103 558 αὐτῇ
1145 502 1220 557 τὴν
1263 505 1381 556 χεῖρα
1424 500 1496 542 τὸν
1538 499 1707 554 βασιλέα
1722 503 1769 539 25

210 573 282 615 καὶ
313 573 534 627 ἁψάμενον
564 575 650 614 τῶν
679 572 830 626 ταύτης
854 575 1009 626 τριχῶν
1030 571 1220 624 ἐπειπεῖν,
1252 570 1346 617 “ὡς
1365 568 1451 611 ἀπὸ
1470 568 1595 610 τοῦδε
1615 568 1710 610 οὔτε

173 648 198 684 5
211 641 297 695 ἐγὼ
319 640 526 696 Θεόφιλος
557 641 652 682 οὔτε
682 639 732 682 σὺ
757 638 1026 695 Θεόφοβος.”
1071 639 1142 681 καὶ
1173 638 1239 680 ἐπὶ
1268 638 1428 684 τούτοις
1459 636 1710 692 ἕξηρεύξατο
1723 641 1770 677 26
1789 640 1825 676 D

210 709 285 764 τὴν
321 710 479 764 ψυχήν,
522 709 771 764 βασιλεύσας
807 707 1019 755 ἐνιαυτοὺς
1058 707 1313 750 δυοκαίδεκα
1352 706 1419 748 ἐπὶ
1455 705 1558 760 μησὶ
1593 704 1708 759 τρισί,

210 777 344 820 πολλὰ
389 777 464 832 τὴν
509 777 689 832 σύμβιον
733 777 805 818 καὶ
849 776 922 818 τὸν
968 776 1034 818 ἐπὶ
1075 780 1149 818 τοῦ
1193 775 1427 817 κανικλείου
1464 773 1712 817 Θεόκτιστον

210 846 632 901 παραὸυναστεύοντα
670 845 760 887 τότε
801 845 985 894 ἀξιώσας
1022 845 1082 900 μὴ
1117 848 1427 899 παραχωρῆσαι
1456 841 1530 889 τὰς
1561 841 1712 888 σεπτὰς

212 915 560 970 ἀναστηλωθῆναι
606 914 783 962 εἰκόνας,
829 913 939 969 μηδὲ
984 913 1056 956 τὸν
1098 913 1359 967 πατριάρχην
1396 911 1598 966 Ἰωάννην
1639 915 1712 966 τῆς

154 991 200 1028 10
212 983 434 1038 ἐκκλησίας
465 983 710 1038 διωχθῆναι.

590 1393 768 1437 LIBER
799 1393 1028 1438 SEXTVS
1062 1393 1281 1438 DECIMV
1288 1393 1333 1437 S.

34 1531 42 1563 '2
61 1523 201 1561 D1V1
328 1514 382 1558 ‘O
410 1514 489 1570 μὲν
520 1513 596 1557 οὗν
622 1514 829 1569 Θεόφιλος
859 1514 925 1556 ἐπὶ
955 1514 1115 1561 τούτοις
1145 1514 1321 1570 ἀπεβίω,
1354 1515 1379 1569 ἡ
1414 1513 1459 1556 δὲ
1489 1517 1562 1569 τῆς
1591 1513 1748 1568 βασι-1

45 1583 47 1586 ’
214 1583 324 1630 λείας
354 1582 463 1638 ἀρχὴ
494 1582 604 1638 πρὸς
633 1582 705 1625 τὸν
735 1583 896 1625 ἐκείνου
926 1583 1210 1638 μετεβιβάσθη
1252 1583 1383 1625 παῖδα
1420 1582 1492 1625 τὸν
1523 1582 1711 1638 Μχαήλ,

214 1653 270 1695 ἔτι
298 1652 465 1694 παιόίον
494 1652 761 1707 τυγχάνοντα,
793 1649 832 1706 ᾧ
863 1651 935 1694 καὶ
967 1651 1217 1707 ἐπιτρόπους
1238 1651 1262 1694 ὁ
1282 1650 1421 1706 πατὴρ
1443 1651 1712 1693 καταλέλοιπε

213 1719 285 1763 τὸν
321 1721 549 1775 μάγιστρον
587 1719 797 1776 Μανουὴλ
839 1720 911 1762 καὶ
953 1720 1024 1762 τὸν
1065 1721 1282 1775 πατρίκιον
1318 1719 1576 1763 Θεόκτιστον.
1637 1719 1748 1774 τὴν2

155 1796 201 1832 15
215 1788 262 1831 ὂὲ
291 1792 377 1831 τῶν
406 1789 668 1843 πραγμάτων
700 1788 901 1844 διοίκησιν
931 1789 957 1844 ἠ
989 1789 1148 1843 βασιλὶς
1173 1787 1381 1844 Θεοδώρα
1402 1788 1711 1843 μετεχειρίζετο,

215 1918 238 1954 5
262 1918 401 1965 τελευτὴ
432 1919 611 1964 Θεοφίλου
637 1917 700 1955 ΟΕ
827 1919 867 1954 11
894 1919 1052 1965 βασιλεία
1077 1918 1227 1966 ΙΙῙιχαὴλ
1253 1924 1314 1955 τοῦ
1339 1920 1418 1955 υἱοῦ
1448 1919 1627 1964 Θεοφίλου
1652 1918 1713 1954 καὶ

219 1967 410 2012 Θεοδώρας
444 1972 504 2012 τῆς
534 1966 667 2012 μητρὸς
698 1966 806 2002 αὐτοῦ
840 1967 929 2009 (αὐτ.
953 1981 1058 2012 μητρ.
1086 1966 1131 2010 C)
1157 1967 1239 2011 AR,
1275 1968 1434 2014 βασιλεία
1469 1966 1618 2012 Μιχαὴλ
1652 1971 1713 2002 τοῦ

214 2015 294 2051 υἱοῦ
323 2015 502 2060 θεοφίλου
528 2014 570 2060 Ε,
595 2014 755 2060 βασιλεία
782 2014 931 2060 Μιχαήλ
957 2014 988 2050 Β

289 2136 306 2169 1
335 2134 404 2180 ἤδη
428 2134 530 2179 μίτου
556 2132 698 2180 Bpr‚
721 2134 823 2178 μίτου
849 2133 918 2180 ἤδη
946 2133 981 2169 D
1064 2126 1249 2169 ’ἑκλειπεΐν
1275 2133 1322 2178 D,
1350 2144 1451 2169 corr.
1466 2133 1534 2172 Dw
1632 2133 1655 2168 2
1679 2134 1716 2168 οἵ

287 2182 434 2229 Alsswp,
459 2181 555 2227 αὐτῷ
581 2181 613 2217 O
717 2182 740 2217 3
764 2181 866 2227 λόγος
892 2181 1037 2228 AEwp,
1062 2181 1192 2227 λέγεται
1219 2181 1250 2218 Ο
1360 2182 1383 2216 4
1406 2182 1479 2216 οὔτ’
1505 2179 1713 2227 BSEwpDi

289 2230 311 2266 7
335 2229 406 2275 τὸν]
433 2228 496 2275 τὴν
523 2234 564 2275 ty
598 2229 735 2265 otheta
761 2229 871 2276 apud
896 2227 953 2264 Di
1049 2230 1232 2264 κανικλίου
1259 2229 1307 2274 D,
1334 2239 1435 2265 corr.
1456 2229 1523 2267 Dw
1621 2230 1643 2263 9
1669 2229 1713 2263 εἰ·

287 2278 393 2316 κύνας
417 2276 535 2313 «ivam.
717 2277 761 2312 10
785 2277 1029 2322 ἑκὸιωχθῆναι
1056 2277 1164 2323 Ewp,
1188 2277 1394 2322 ἐξελαθῆναι
1420 2276 1471 2321 Ος
1498 2277 1569 2312 sed
1596 2286 1632 2312 v.
1660 2275 1713 2311 ad

290 2324 423 2372 p.2!4,
444 2325 485 2360 ll
587 2325 630 2360 13
655 2323 705 2364 ὥς
730 2323 760 2361 C
860 2325 902 2359 14
926 2323 1098 2370 μανουὴλ]
1124 2324 1255 2370 μιχαὴλ
1284 2324 1314 2360 Ε

221 2449 261 2482 et
286 2455 380 2481 mox
408 2444 670 2488 defecturam,
697 2444 763 2479 illo
791 2444 1002 2480 interfecto
1022 2447 1145 2490 caput
1171 2443 1245 2479 sibi
1273 2443 1409 2479 afferri
1436 2446 1550 2482 iussit
1574 2456 1712 2482 manu·
1725 2449 1772 2486 25

221 2504 300 2540 que
338 2494 526 2540 imposita
561 2498 600 2529 et
638 2493 898 2528 contrectatis
937 2492 1091 2538 capillis
1124 2491 1274 2527 dixisse
1305 2502 1377 2527 rex
1410 2494 1557 2530 fertur:
1595 2494 1711 2530 “Iam

220 2550 354 2587 neque
391 2551 470 2588 ego
503 2540 749 2586 Theophilus
786 2549 894 2582 sum,
937 2549 1071 2585 neque
1109 2544 1154 2574 tu
1185 2538 1296 2575 Theo
1314 2540 1496 2576 ›hobus.”
1556 2542 1712 2584 Quibus
1725 2545 1772 2582 26

222 2589 338 2624 dictis
364 2589 538 2624 animam
563 2588 775 2632 eructavit,
803 2597 893 2623 cum
913 2591 1126 2633 regnasset
1150 2597 1279 2622 annos
1338 2586 1372 2622 11
1401 2594 1440 2625 ot
1466 2599 1625 2625 menses
1644 2589 1712 2635 111,

221 2646 392 2672 uxorem
434 2639 475 2672 et
514 2636 755 2671 caniclinum
793 2634 1079 2679 Tlieoctistum‚
1116 2636 1185 2680 qui
1221 2635 1376 2681 imperii
1413 2636 1712 2682 quodaminodo

222 2688 307 2720 tum
325 2688 413 2720 orat
440 2684 654 2730 particeps,
680 2682 849 2719 multum
869 2683 1107 2725 obtestatus,
1132 2693 1184 2718 ue
1202 2687 1439 2728 paterentur
1457 2686 1713 2721 venerandas

222 2732 420 2778 imagines
446 2731 587 2778 reponi
613 2735 685 2767 aut
711 2730 904 2767 Ioannem
931 2730 1102 2766 ecclesia
1129 2730 1232 2776 pelli.

342 2780 375 2815 1.
424 2778 647 2825 Theophilo
690 2778 743 2814 ad
789 2778 895 2814 hunc
937 2777 1100 2813 modum
1145 2778 1355 2823 defuneto,
1400 2780 1613 2826 imperium
1660 2780 1712 2816 ad

221 2825 491 2873 Micnssmu«,
517 2827 605 2863 eius
622 2826 757 2871 fllium,
784 2829 845 2862 est
861 2826 1113 2871 translatum,
1139 2835 1307 2872 puerum
1333 2826 1478 2870 adhuc,
1505 2828 1570 2863 cui
1597 2831 1714 2875 pater

222 2879 376 2913 tutores
402 2876 562 2923 reliquit
593 2876 829 2922 magistrum
857 2873 1084 2910 Manuelem
1117 2879 1158 2910 ct
1185 2875 1397 2921 patricium
1424 2875 1712 2913 Tlieoctistum.

221 2925 370 2962 Rerum
415 2929 552 2961 autem
589 2924 883 2960 administratio
922 2933 1047 2970 penos
1085 2925 1268 2970 reginam
1301 2923 1573 2961 Timonmmu
1612 2926 1749 2973 ποιά
