1968 3302
535 209 829 252 AMBROSIVS
854 210 1012 251 PVNIT
1039 209 1390 250 THEODOSIVM.
1668 209 1715 252 87

210 336 353 395 ράννῳ
390 337 583 394 Εὗγενίῳ
621 338 832 394 συμμίξας
868 337 913 381 ἓν
948 341 1038 386 ταῖς
1066 335 1262 385 Γαλλίαις
1292 336 1319 380 ὅ
1354 335 1583 386 Θεοδόσιος
1618 343 1716 394 νικᾷ

208 424 252 451 τε
282 407 410 450 αὐτὸν
440 407 512 450 καὶ
543 407 822 463 συλλαμβάνει
852 406 924 450 καὶ
954 407 1123 462 ἀναιρεῖ.

335 475 471 524 Οὗτος
502 477 527 519 ὅ
556 475 749 532 βασιλεὺς
779 476 1010 519 ἰδιωτεύων
1040 476 1122 532 εἶχε
1153 479 1330 530 γυναῖκα
1362 477 1515 531 εὖσεβῆ
1534 476 1606 519 καὶ
1627 477 1713 519 σώ-
1730 477 1775 513 17

210 562 350 602 φρονα
382 546 454 588 καὶ
484 545 754 601 φιλόπτωχον
783 545 859 600 τὴν
889 545 1144 598 Πλακίλλαν,
1177 546 1224 594 ἒξ
1254 543 1305 600 ἧς
1336 546 1454 599 αὐτῷ
1484 546 1712 601 ἐγεννήθη-

41 605 109 670 J11
127 621 197 656 228
210 631 289 658 σαν
303 615 514 670 Ὀνώριος
543 614 614 657 καὶ
630 614 871 669 Ἂρκάόιος·
903 616 957 669 ἣν
987 614 1058 656 καὶ
1083 614 1334 669 Αὔγούσταν
1365 614 1546 669 ἐποίησε.
1608 614 1713 670 μετὰ
1730 615 1774 651 18

51 694 57 695 ’
211 684 257 727 δὲ
286 684 361 740 τὴν
390 684 600 740 βασιλείαν
630 683 848 739 θανούσης
879 683 1007 739 αὐτῆς
1038 684 1167 739 ἔγημε
1194 682 1240 725 Γ
1233 683 1362 726 άλλαν
1392 683 1467 739 τὴν
1493 682 1712 726 Οῧαλεντι-
1727 683 1759 719 Β

208 757 352 796 νιανοῢ
382 757 456 795 τοῦ
486 752 672 808 μεγάλου
704 752 930 807 θυγατέρα.

321 822 665 877 Ἀποδημοῧντος
697 820 743 863 δὲ
773 824 847 863 τοῦ
878 821 1085 876 βασιλέως
1115 821 1173 869 εἶς
1197 820 1246 864 τὰ
1268 822 1438 876 ἑσπέρια
1462 822 1503 864 οἱ
1523 820 1714 864 Ἰουδαῖοι
1730 821 1775 858 19

207 890 279 934 τὸν
309 895 382 946 τῆς
401 890 567 937 πόλεως
588 891 775 945 ἔπαρχον
796 887 1038 944 Ὀνωράτον
1070 889 1370 946 δεξιωσάμενοι
1401 891 1583 940 κτίζουσι
1615 907 1712 934 συν-

149 966 196 1002 10
208 959 382 1015 αγωγὴν
420 960 464 1002 ἒν
501 963 587 1006 τοῖς
616 958 958 1013 Χαλκοπρατίοις
993 960 1208 1015 πολυτελῆ,
1249 960 1410 1002 ἐκείνου
1447 961 1711 1016 παραχωρή-

208 1041 373 1075 σαντος·
417 1028 470 1084 ἦν
513 1027 594 1083 γὰρ
636 1026 686 1069 τὰ
721 1027 934 1082 Ἑλλήνων
971 1027 1230 1083 πρεσβεύων.
1292 1029 1318 1070 ὁ
1357 1028 1403 1071 δὲ
1438 1033 1512 1084 τῆς
1547 1029 1774 1076 πόλεως20

209 1098 344 1153 δῆμος
375 1098 669 1153 ἀγανακτήσας
705 1096 771 1139 ἐπὶ
808 1096 945 1151 τούτῳ
985 1097 1246 1152 ἐβλασφήμει
1282 1096 1354 1139 τὸν
1393 1098 1597 1152 ἔπαρχον·
1641 1097 1714 1140 καὶ

208 1167 256 1214 ὃς
287 1167 331 1208 ἒν
362 1166 502 1209 οὐδενὶ
531 1166 647 1221 λόγῳ
677 1165 752 1212 τὰς
781 1166 1053 1221 βλασφημίας
1090 1166 1301 1221 πεποίητο.
1362 1166 1422 1222 μὴ
1456 1167 1605 1222 φέρων
1636 1165 1714 1209 οὗν
1726 1167 1772 1204 21

207 1236 232 1277 ὁ
263 1235 365 1282 λαὸς
394 1239 480 1290 πῦρ
513 1235 639 1290 ἐνίησι
669 1233 821 1282 νυκτὸς
850 1239 901 1290 τῇ
932 1239 1159 1290 συναγωγῇ
1190 1234 1261 1277 καὶ
1291 1235 1444 1290 ταύτην
1470 1235 1710 1290 ἐμπίπρησι.

207 1378 344 1425 κεῖνος
381 1374 546 1428 ἐπιτιμᾷ
583 1377 668 1420 τοῖς
703 1373 932 1428 τολμήσασι
968 1371 1040 1415 τὸν
1077 1371 1329 1427 ἐμπρησμὸν
1358 1377 1432 1428 τῆς
1463 1376 1714 1428 συναγωγῆς

201 1442 355 1486 ,ἔκτισιν
385 1444 471 1484 τῶν
501 1441 795 1497 ἀναλωμάτων
825 1445 911 1484 τῶν
941 1442 999 1488 εἷς
1030 1440 1160 1496 αὐτὴν
1190 1440 1262 1482 καὶ
1294 1440 1456 1496 ἐφίησιν
1481 1439 1608 1487 αὖθις
1628 1457 1712 1482 κτι-

207 1613 230 1649 2
254 1615 304 1649 ὅτι
329 1613 462 1649 ἀνεῖλεν
487 1615 508 1650 ὁ
536 1614 724 1654 Θεοδόσιος
753 1613 812 1650 τὸν
835 1615 1006 1659 τύραννον
1031 1613 1202 1659 Εὐγένιον
1229 1613 1259 1650 C
1402 1614 1426 1649 8
1449 1612 1529 1659 περὶ
1555 1618 1615 1660 τῆς
1640 1617 1713 1649 τῶν

200 1662 390 1698 Ἰουδαίων
414 1667 630 1708 συναγωγῆς,
657 1664 701 1709 ἣν
722 1662 759 1698 ἐν
776 1668 847 1702 τοῖς
864 1663 1150 1707 Χαλκοπρατίοις
1167 1662 1307 1698 ἔκτισαν
1334 1661 1421 1707 (ἔκτ.
1439 1661 1476 1697 ἓν
1493 1675 1523 1696 τ.
1540 1662 1646 1709 χαλκ.
1664 1661 1712 1707 Ε)

207 1710 268 1746 καὶ
292 1711 390 1750 ὅπως
414 1710 475 1747 καὶ
499 1710 558 1747 διὰ
582 1711 709 1757 ταύτην
733 1711 754 1747 ὅ
777 1711 884 1758 μέγας
905 1710 1110 1758 Ἀμβρόσιος
1135 1710 1418 1757 ἐπαρρησιάσατο
1444 1708 1508 1747 ΟΕ

279 1871 302 1908 2
327 1886 363 1908 τε
390 1882 464 1908 om.
491 1871 548 1908 Da·
572 1872 712 1908 Haasii
745 1874 1010 1909 annotatione
1043 1872 1096 1908 ad
1122 1883 1181 1909 vs.
1207 1872 1230 1908 3
1257 1872 1366 1908 facta
1391 1872 1471 1907 huc
1498 1882 1713 1918 perperam

280 1920 420 1956 relata.
538 1920 561 1956 3
586 1935 622 1956 τε
647 1924 742 1957 ante
768 1921 829 1956 καὶ
856 1921 948 1956 add.
976 1919 1144 1967 prDc',
1172 1931 1208 1956 v.
1238 1931 1296 1956 vs.
1323 1920 1346 1956 2
1451 1919 1474 1956 5
1500 1920 1651 1966 ὀνώριος
1676 1934 1711 1956 κ.

279 1968 451 2012 ἀρκάδιος
477 1966 524 2012 Α,
560 1968 731 2013 ἀρκάὸιος
755 1982 790 2004 κ.
817 1969 967 2014 ὀνώριος
993 1968 1076 2011 Bw,
1114 1969 1287 2012 ἀρκάδιος
1312 1982 1346 2003 κ.
1375 1967 1525 2011 ὠνόριος
1551 1968 1600 2012 D,
1637 1969 1712 2012 Αρ-

280 2016 405 2055 κάὸιος
429 2016 490 2051 καὶ
519 2017 681 2061 Ονώριος
708 2028 744 2063 p,
767 2017 937 2061 Ὁνώριος
962 2017 1023 2052 καὶ
1042 2017 1229 2061 Ἀρκάδιος
1256 2014 1314 2051 Εἰ
1407 2017 1440 2051 6.
1457 2017 1478 2052 7
1504 2030 1532 2052 τ.
1558 2017 1713 2061 μεγάλου

280 2063 376 2099 οὐαλ.
404 2063 502 2109 pr
600 2065 623 2100 9
649 2065 827 2109 ὄνωράτον
853 2064 935 2107 AR,
962 2065 1142 2109 ὄνωράτον
1166 2076 1213 2106 w,
1250 2064 1442 2109 Ονωράτον
1468 2075 1505 2109 p,
1532 2065 1714 2108 ὄνώρατον

280 2110 337 2147 Di
434 2112 480 2146 10
503 2112 791 2157 χαλκοπρατείοις
817 2111 989 2159 prDi,
1018 2123 1055 2148 V.
1074 2112 1126 2148 ad
1146 2112 1238 2148 XIV
1258 2112 1291 2155 2,
1306 2112 1353 2148 22
1451 2112 1497 2148 13
1522 2112 1560 2146 ἐν
1586 2123 1661 2148 om.
1681 2111 1712 2146 B

328 2158 387 2198 τὰς
413 2158 494 2202 AR,
521 2159 561 2195 τὰ
589 2165 648 2205 τῆς
673 2160 775 2207 pr
874 2166 958 2207 γοῦν
976 2161 1008 2196 Ε
1106 2160 1151 2196 15
1177 2166 1228 2206 τῷ
1251 2162 1330 2207 βασ.
1357 2160 1457 2196 θεοό.
1483 2160 1563 2206 περὶ
1589 2160 1712 2196 τούτου

282 2206 380 2253 pr
480 2207 524 2243 16
551 2208 747 2254 τολμήμασι
774 2208 810 2243 D

7 2326 27 2344 R

8 2405 32 2416 „„
329 2373 405 2410 Hic
442 2384 515 2410 rex
556 2376 740 2421 privatus
778 2375 985 2411 Placillam
1029 2376 1208 2411 habebat
1249 2386 1420 2412 uxorem
1470 2377 1590 2422 piam,
1635 2386 1714 2412 mo·
1730 2375 1774 2411 17

0 2437 28 2486 j
211 2421 377 2465 desumi,
421 2422 697 2459 mendicorum
737 2427 952 2465 amantem,
991 2434 1012 2459 e
1050 2433 1131 2468 qua
1171 2424 1205 2459 ei
1245 2424 1330 2459 nati
1374 2427 1469 2459 sunt
1508 2423 1715 2459 Honorius

30 2475 31 2478 ’
211 2474 250 2505 ct
287 2468 504 2514 Arcadius-33
545 2481 666 2516 quam
705 2475 745 2507 et
774 2470 1003 2517 Augustam
1042 2471 1148 2506 fecit.
1198 2472 1257 2507 Ea
1294 2475 1384 2516 post
1423 2471 1616 2517 adeptum
1655 2482 1715 2507 re·
1730 2471 1774 2507 18

210 2527 336 2563 gnum
365 2517 559 2554 defuncta
585 2529 756 2555 uxorem
782 2519 899 2554 (luxit
919 2518 1086 2563 Gallam,
1114 2519 1386 2554 Valentiniani
1414 2519 1552 2564 magni
1580 2519 1713 2554 filiam.

330 2565 519 2601 Profecto
547 2577 645 2602 vero
679 2578 778 2611 reg-e
811 2568 851 2602 in
882 2566 1141 2602 Occidentem
1168 2566 1309 2602 Iudaei
1337 2567 1561 2611 Honorato,
1600 2567 1714 2602 urbis
1731 2567 1775 2602 19

211 2614 430 2658 praefecto,
473 2614 624 2650 ambito
668 2615 849 2650 condunt
892 2625 1149 2660 synagogam
1189 2615 1227 2649 in
1268 2615 1357 2650 foro
1398 2615 1557 2650 aerario
1584 2615 1714 2660 splen-

212 2660 358 2704 didam,
399 2670 489 2696 culn
525 2661 603 2706 ille,
642 2673 722 2707 quo
762 2666 849 2698 crat
888 2673 988 2707 erga
1028 2673 1212 2707 paganos
1248 2662 1393 2705 studio,
1433 2663 1708 2698 concessisset.

0 2682 29 2750 ξ
212 2707 301 2750 Qua
327 2708 378 2743 de
404 2719 448 2743 re
473 2709 587 2744 urbis
615 2710 788 2755 populus
814 2711 942 2745 iratus
969 2711 1176 2755 praefecto
1204 2710 1488 2754 maledicebat3
1527 2710 1596 2756 qui
1623 2720 1713 2746 cum
1729 2710 1776 2746 20

0 2749 31 2804 3}
211 2755 518 2791 maledictorum
545 2757 741 2793 rationein
768 2769 849 2793 non
876 2758 1095 2800 habuisset,
1133 2758 1308 2803 populus
1341 2768 1421 2793 non
1456 2759 1590 2794 ferens
1617 2759 1714 2803 igne
1729 2758 1773 2794 21

213 2806 336 2838 noctu
380 2804 528 2839 iniecto
573 2815 829 2850 synagogam
877 2805 1104 2841 combussit.
1170 2804 1317 2842 Scribit
1360 2816 1442 2841 rem
1483 2805 1536 2840 ad
1574 2806 1776 2850 reg011122

213 2850 487 2887 Theodosium
506 2852 748 2897 praefectus.
798 2853 867 2889 Ille
887 2854 1068 2898 imperat,
1096 2857 1140 2888 ut
1158 2853 1184 2888 ii
1212 2853 1281 2898 qui
1308 2854 1441 2888 conati
1469 2856 1585 2889 erant
1612 2863 1715 2889 com·
1729 2853 1776 2891 23

214 2898 362 2935 bun-ere
393 2909 650 2946 synagogam
682 2906 865 2948 sumptus
899 2901 1134 2947 persolvant
1167 2905 1206 2937 ct
1240 2901 1426 2938 concedit
1457 2901 1632 2946 Iudaeis,
1671 2906 1716 2938 ut

149 1310 194 1346 15
208 1305 359 1359 γράφει
390 1303 467 1346 οὖν
496 1304 590 1359 περὶ
621 1304 770 1346 τούτου
801 1303 863 1358 τῷ
893 1304 1056 1359 βασιλεῖ
1077 1302 1296 1358 Θεοδοσίῳ
1324 1304 1349 1345 ὁ
1375 1305 1570 1358 ἔπαρχος.
1632 1304 1710 1345 κᾶ-
1726 1306 1783 1341 22·

1803 821 1852 858 W
1867 821 1926 858 III
1940 823 1968 858 3<
