2054 3282
531 254 767 301 MICHAF'JL
789 262 835 300 V.
861 260 1207 301 CALAPHATES
1231 260 1348 299 REX.
1619 260 1690 300 605

194 384 307 440 γενὲς
351 385 398 427 δέ
440 385 481 427 οἳ
517 385 662 440 ὥσπερ
701 402 760 433 τις
790 384 908 440 κηλὶς
937 385 1248 440 προσεπεφύκει
1279 384 1397 439 αὐτῷ
1427 384 1689 439 ρυπαίνουσά
1708 388 1740 423 D

192 469 288 500 πως
323 453 397 509 τὴν
436 454 596 496 ἐκείνου
633 454 901 509 χρηστότητα.
963 453 1170 508 ἱστόρηται
1202 452 1248 495 δὲ
1277 457 1363 499 τοῖς
1391 452 1470 507 μὲν
1501 450 1565 494 ἐπ’
1599 453 1691 499 ἔτος
1703 458 1750 493 45

192 521 379 576 ἕβδομον
408 521 455 563 τό
486 526 699 576 σκῆπτρον
729 526 949 576 κατασχεῖν
979 521 1026 564 τὸ
1052 521 1304 577 Ῥωμαϊκόν,
1348 525 1432 568 τοῖς
1472 521 1518 563 δὲ
1553 520 1628 563 καί
1655 537 1690 562 τι

192 590 343 632 τούτου
376 590 576 632 ἐπέκεινα.

159 669 182 706 5
307 657 413 700 Ἡκε
445 655 483 700 δ’
515 659 541 713 ἡ
573 663 646 714 τῆς
675 658 883 713 βασιλείας
914 659 1023 714 ἀρχὴ
1055 658 1164 714 πρὸς
1199 658 1270 701 τὸν
1302 658 1511 713 Καίσαρα,
1554 657 1688 700 πάντα
1707 659 1761 702 18

194 730 269 768 τοῦ
311 726 611 782 μητραδέλφου
650 727 779 769 αὐτοῦ
818 731 892 769 τοῦ
919 726 1121 770 Ἰωάννου
1159 727 1372 774 ἀνύοντος.
1434 727 1459 769 ὁ
1493 726 1572 781 μὲν
1609 725 1727 781 γάρ2

194 795 385 851 βασιλεὺς
416 794 589 850 ιῐΙιχαὴλ
620 795 815 850 Καίσαρα
846 800 992 838 τοῦτον
1028 796 1228 851 ἐτίμησεν,
1273 796 1335 843 ὡς
1364 796 1689 851 προγέγραπται,

195 863 278 906 εἶτα
310 863 454 918 ὥσπερ
484 864 820 919 μεταμελόμενος
851 864 902 906 οὗ
933 864 1117 919 χρηστὴν
1137 864 1246 919 πρὸς
1267 865 1425 906 ἐκεῖνον
1446 864 1579 918 ἐτήρει
1601 863 1690 904 διά-

195 933 323 974 θεσιν.
384 933 488 974 ὅθεν
525 931 596 974 καὶ
633 933 717 980 ἔξω
755 948 840 975 που
875 937 948 988 τῆς
984 933 1150 980 πόλεως
1188 933 1342 987 ὥριστο
1379 933 1497 986 αὐτῷ
1532 933 1558 987 ἡ
1591 947 1689 973 κατ-
1703 938 1726 974 3

137 1012 183 1047 10
195 1002 358 1056 αγωγή,
389 1001 461 1043 καὶ
482 998 574 1043 οὐδ’
598 1001 735 1056 ἐφεῖτο
755 1002 905 1056 τούτῳ,
939 1002 1052 1056 εἰμὴ
1086 1001 1340 1056 κελευσθείη,
1371 1000 1480 1055 πρὸς
1510 999 1582 1042 τὸν
1612 1001 1690 1055 βα-

195 1069 306 1112 σιλέα
328 1073 489 1125 φοιτᾶν.
553 1070 639 1112 ἐπεὶ
661 1070 707 1112 δὲ
727 1073 813 1112 τῶν
833 1070 1054 1124 βασιλείων
1079 1070 1314 1124 ὑπεξῆλθεν
1345 1069 1369 1110 ὁ
1401 1069 1690 1123 αὐτοκράτωρ,
1704 1075 1727 1111 4

194 1138 257 1185 ὡς
287 1139 459 1194 εἴρηται,
492 1139 532 1180 οἱ
556 1139 716 1180 ἐκείνου
738 1138 990 1193 αὐτάδελφοι
1010 1138 1218 1194 βασίλειον
1237 1137 1478 1180 πλάττονται
1501 1137 1689 1192 γράμμα,
1708 1143 1903 1181 PII243A

195 1207 412 1262 ἒπιτρέπον
443 1207 590 1262 ἐκείνῳ
621 1207 695 1262 τὴν
725 1206 835 1262 πρὸς
866 1207 916 1248 τὰ
947 1207 1160 1261 ἀνάκτορα
1191 1207 1394 1261 πάροδον.
1456 1206 1528 1248 καὶ
1559 1206 1583 1248 ὁ
1612 1206 1727 1261 μὲνό

195 1275 472 1331 εἰσελήλυθεν·
517 1275 541 1317 ὁ
574 1275 620 1318 δὲ
654 1279 826 1330 πρῶτος
861 1279 947 1318 τῶν
983 1276 1182 1330 ἀδελφῶν
1213 1275 1238 1317 ὁ
1271 1274 1598 1330 ὀρφανοτρόφος
1631 1274 1689 1329 μὴ

137 1353 182 1389 15
196 1344 281 1387 δεῖν
324 1344 647 1399 συνεβούλευσεν
685 1345 938 1399 ἐπιχειρῆσαι
976 1345 1124 1399 πράξει
1159 1344 1233 1386 τινὶ
1265 1345 1438 1399 γνώμης
1468 1348 1541 1398 τῆς
1571 1344 1689 1398 βασι-

194 1413 309 1460 λίδος
346 1413 491 1468 χωρίς.
552 1413 747 1467 προσίασι
782 1413 919 1455 τοίνυν
950 1414 1055 1469 αὐτῇ
1086 1413 1157 1455 καὶ
1187 1417 1272 1459 τοῖς
1303 1413 1463 1467 ἐκείνης
1491 1412 1589 1454 ποσὶ
1619 1411 1727 1456 τὸν6

197 1481 389 1536 Καίσαρα
426 1481 732 1536 καταβάλλουσι
763 1481 834 1523 καὶ
863 1481 1131 1537 προΐσχονται
1161 1482 1236 1537 τὴν
1267 1482 1492 1536 εἰσποίησιν
1522 1481 1594 1523 καὶ
1623 1481 1689 1522 πί-

194 1565 298 1597 στεις
319 1550 481 1592 διδόασι
501 1550 573 1592 καὶ
603 1550 834 1605 φρικώδεις
865 1551 1023 1605 ὅρκους
1054 1550 1282 1605 ὀμνύουσιν
1312 1549 1338 1606 ἦ
1371 1550 1458 1605 μὴν
1487 1554 1562 1592 τοῦ
1594 1549 1690 1592 ὀνό-

193 1685 217 1722 5
240 1686 400 1732 βασιλεία
425 1685 573 1731 Μιχαὴλ
599 1691 659 1722 τοῦ
683 1685 900 1731 Καλαφάτου
926 1685 1008 1732 AR,
1033 1688 1054 1722 ὁ
1078 1686 1295 1733 Καλαφάτης
1320 1685 1352 1721 Β
1474 1685 1516 1721 11
1544 1687 1594 1721 ὅτι
1620 1685 1690 1721 εἰσ-

193 1733 302 1780 ῆλθεν
325 1734 375 1773 εἰς
399 1733 440 1769 τὰ
464 1734 621 1780 βασίλεια
646 1734 667 1768 ὁ
690 1734 828 1779 Καῖσαρ
852 1734 1001 1780 Μιχαήλ
1027 1733 1057 1771 C

268 1853 286 1888 1
314 1853 415 1899 κηλίς
440 1867 490 1892 τις
516 1852 586 1888 DE
681 1853 931 1899 παραπεφύκει
958 1853 1029 1889 DE
1137 1854 1161 1890 2
1186 1857 1277 1900 post
1301 1853 1342 1890 δὲ
1366 1854 1459 1890 add.
1485 1854 1507 1889 ὅ
1527 1853 1691 1900 βασιλεὺς

266 1901 368 1940 οὗτος
393 1900 556 1947 BCEwp
639 1900 662 1936 5
687 1906 758 1935 τῶν
782 1901 955 1946 ῥωμαίων
980 1901 1109 1948 Bpr
1198 1902 1220 1937 6
1245 1903 1431 1956 ἀννύοντος
1458 1902 1489 1937 Ε
1563 1902 1584 1937 7
1608 1915 1691 1945 προ-

266 1949 604 2042 ἵῧχῖἶέἶῗίῡῇἶ
631 1948 764 2031 Ρὲἓῖἷ
782 1951 873 2032 3οη
900 1948 1691 2033 ἶχμῖξὲἴέλὲμῖἶῖ-,ῖῗὲΡῦἰᾈίῖἕέόέἷέοἱὲ

268 2045 310 2079 ll
338 2043 547 2089 ὑπεξῆλθεν]
573 2044 728 2089 ὑπῆρξεν
745 2044 777 2079 Ε
876 2023 883 2031 .
933 2045 978 2079 12
1003 2045 1081 2090 εἴρ.]
1108 2026 1145 2092 13.
1172 2046 1254 2089 603,
1282 2046 1326 2081 17
1486 2011 1534 2080 lg
1554 2011 1691 2090 §xg'mg

265 2090 434 2138 prDi‚
459 2091 606 2130 ἐκείνοις
624 2091 660 2126 Α
759 2092 802 2127 17
827 2092 1051 2137 προΐσχονται
1072 2092 1228 2138 ADEw,
1254 2093 1508 2139 προβάλλονται
1534 2093 1593 2140 Rp
1620 2092 1691 2136 (vi-

267 2139 386 2223 ἓὲξὲι·
394 2140 490 2223 ἔξω
504 2140 539 2175 h.
555 2140 577 2175 1.
595 2140 820 2186 inspexisse
839 2140 962 2175 libros
989 2150 1084 2176 suos
1099 2141 1318 2183 Parisinus)
1418 2142 1462 2176 18
1487 2141 1510 2187 ἢ
1524 2140 1690 2186 ARewp,

195 2316 443 2363 ignominiae
469 2317 584 2363 quasi
603 2316 801 2352 maculam
820 2320 1092 2363 asperserunt.
1143 2316 1352 2363 Regnasse
1367 2318 1497 2353 fertur
1523 2317 1574 2353 ab
1602 2318 1690 2354 aliis
1703 2317 1751 2354 45

195 2374 325 2400 annos
349 2367 514 2411 septem,
541 2364 593 2399 ab
620 2364 708 2399 aliis
735 2364 870 2410 paullo
898 2365 1061 2400 diutius.

316 2412 371 2448 18.
420 2412 692 2448 Romanorum
713 2422 809 2447 vero
828 2422 1000 2458 regnum
1023 2413 1073 2448 ad
1090 2412 1303 2449 Caesarem
1323 2413 1497 2457 devenit,
1516 2412 1691 2458 Ioannis,

196 2460 283 2495 eius
296 2459 500 2504 avunculi,
518 2459 728 2495 industria.
779 2459 879 2495 Nam
899 2471 971 2495 rex
991 2460 1159 2495 Michaei
1174 2460 1387 2496 Caesarem
1403 2461 1510 2496 hune
1528 2461 1689 2506 quidem
1704 2461 1727 2496 ‘2

196 2507 431 2553 appellarat,
457 2512 503 2543 ut
529 2517 653 2553 supi-a
677 2508 919 2553 scripsimus,
954 2508 1025 2543 sed
1053 2508 1177 2543 veluti
1204 2509 1451 2554 paenitentia
1483 2509 1579 2543 faeti
1605 2519 1691 2555 per-

195 2560 329 2591 motus
355 2555 679 2591 benevolentiam
703 2565 803 2601 erga
829 2555 938 2591 illum
966 2566 1047 2591 non
1069 2560 1342 2591 conservarat.
1393 2555 1510 2593 Unde
1537 2560 1576 2591 et
1602 2557 1727 2592 10003

197 2602 372 2648 quodam
400 2606 517 2638 extra
542 2603 683 2638 urbem
710 2603 786 2638 sito
806 2605 1064 2639 constitutum
1086 2604 1122 2638 ei
1144 2606 1232 2638 erat
1253 2603 1530 2639 deversorium
1558 2614 1690 2649 neque

198 2650 516 2696 permittebatur,
553 2653 598 2686 ut
624 2650 754 2685 adiret
780 2660 930 2696 regem,
968 2651 1042 2686 nisi
1070 2651 1291 2686 iuberetur.
1341 2650 1420 2687 Sed
1449 2662 1540 2687 eum
1570 2652 1727 2698 impe-4

197 2702 308 2733 rator
333 2707 356 2733 e
374 2698 490 2744 regia
507 2699 755 2741 excessisset,
782 2702 827 2733 ut
846 2698 995 2733 dictum
1016 2702 1087 2742 est,
1115 2698 1260 2734 fratres
1278 2698 1384 2734 iliius
1403 2700 1564 2734 nomine
1582 2700 1691 2745 regis

199 2745 351 2781 litteras
378 2746 629 2792 confingunt,
656 2746 803 2791 quibus
830 2746 882 2780 ilii
914 2756 1103 2781 accessus
1129 2747 1169 2781 in
1189 2747 1342 2791 regiam
1371 2747 1690 2792 pei-mittebatur.

198 2793 286 2835 Quo
312 2802 402 2828 eum
430 2794 618 2837 venisset,
661 2798 828 2829 auctore
858 2793 1199 2839 orphanotropho,
1238 2795 1365 2840 primo
1399 2795 1501 2829 inter
1534 2794 1727 2839 1'ratres‚5

198 2839 348 2875 nullam
381 2850 464 2876 rem
497 2841 583 2876 sine
615 2850 815 2876 consensu
851 2842 1019 2886 reginae
1045 2841 1341 2887 suscipiendam
1375 2842 1541 2877 censuit.
1593 2841 1689 2877 Eam
1704 2843 1727 2877 6

198 2888 324 2934 igitur
350 2888 503 2924 adeunt
529 2891 568 2923 et
594 2887 767 2923 Caesare
795 2888 846 2923 nd
874 2888 998 2934 pedes
1024 2889 1128 2923 illius
1157 2892 1369 2934 prostrato,
1395 2889 1446 2924 de
1471 2888 1691 2935 adoptione

199 2936 565 2971 commonefaciunt
591 2935 750 2983 fideque
778 2935 873 2971 data
903 2937 1152 2972 sanctissime
1180 2937 1312 2972 iurant
1340 2935 1572 2973 Michaelein
1606 2947 1691 2973 ver-
