1968 3302
400 252 678 294 SECVNDVM
704 249 997 291 CONCILWM.
1049 246 1454 287 AMPHILOCHIVS.
1633 243 1677 282 91

177 379 502 436 ἕπεβεβαίωσαν.
563 377 631 420 ὅτε
668 376 743 419 καί
775 391 880 423 τινες
913 378 1000 418 τῶν
1031 372 1274 417 ἐπισκόπων
1304 372 1589 429 βασκήναντες
1618 374 1681 426 τῷ
1695 367 1718 405 G

175 449 372 504 θεολόγῳ
403 452 477 491 τοῦ
509 447 672 502 θρόνου
704 445 826 501 χάριν
855 449 928 500 τῆς
948 443 1436 489 Κωνσταντινουπόλεως
1468 442 1519 484 οὗ
1551 457 1679 484 κανο-
1695 437 1732 473 D

175 522 305 565 νικῶς
343 517 459 559 εἷπον
497 515 625 558 αὐτὸν
665 515 956 570 ἐπιβεβηκέναι
991 517 1066 555 τοῦ
1097 513 1274 567 θρόνου,
1318 512 1381 558 ὡς
1411 512 1542 565 ἑτέρῳ
1572 509 1679 564 πρό-

175 603 296 642 τερον
328 586 673 640 ἐπικηρυχθέντα.
738 583 802 626 διὸ
839 583 911 625 καὶ
941 581 1013 624 τὸν
1044 581 1344 637 συντακτήριον
1375 581 1399 622 ὁ
1431 581 1549 634 ἅγιος
1580 595 1678 633 συγ·
1695 576 1718 612 7

139 656 451 712 5γραψάμενος
487 653 559 696 καὶ
596 653 778 708 δημοσίᾳ
818 650 1073 706 ἀνεγνωκὼς
1112 651 1251 706 ἐξέστη
1291 654 1365 692 τοῦ
1404 649 1568 704 θρόνου
1609 648 1682 690 καὶ

175 727 233 772 εἰς
252 724 327 780 τὴν
348 724 504 767 οἰκείαν
524 722 703 776 πατρίδα
727 721 801 776 τὴν
822 719 1065 770 Ναζιανζὸν
1087 719 1310 775 ἐπανῆλθε.
1366 717 1680 774 κεχειροτόνητο
1695 715 1719 751 8

177 794 222 837 δὲ
255 798 329 850 τῆς
360 790 847 836 Κωνσταντινουπόλεως
886 789 1146 844 πατριάρχης
1175 787 1424 843 Νεκτάριος,
1464 786 1679 842 συγκλητι-

175 862 253 909 κὸς
296 861 403 916 ᾶνὴρ
447 860 518 903 καὶ
555 857 767 905 πολιτικὰς
807 857 942 913 ἀρχὰς
981 858 1163 912 ἠνυκώς.
1223 857 1314 899 τότε
1350 855 1422 899 καὶ
1458 856 1483 898 ὁ
1521 852 1718 910 θρόνος9

175 936 248 987 τῆς
279 932 375 978 νέας
401 930 571 984 Ῥώμης
603 928 800 981 δευτέραν
831 927 944 975 τάξιν
976 927 1110 982 ἔλαχε,
1149 925 1253 981 μετὰ
1290 926 1365 981 τὴν
1395 925 1683 981 πρεσβυτέραν

0 994 15 1053 ᾗ,
118 999 341 1055 ῙΟῬώμην
372 998 553 1054 ταχθείς,
585 1000 671 1039 τῶν
703 996 858 1051 ἑτέρων
891 995 936 1037 δὲ
966 995 1224 1050 προκριθείς.

292 1067 416 1110 Ἀλλὰ
461 1066 532 1108 καὶ
569 1066 593 1108 ὁ
631 1065 764 1120 μέγας
801 1063 1068 1119 Ἀμφιλόχιος
1110 1063 1200 1106 τότε
1243 1064 1362 1119 ἠξίου
1401 1063 1473 1106 τὸν
1510 1062 1682 1118 βασιλέα
1699 1060 1744 1096 10

0 1131 19 1174 {³5
177 1137 424 1192 ἐξελαθῆναι
454 1140 527 1191 τῆς
557 1134 723 1181 πόλεως
747 1133 845 1180 τοὺς
865 1131 1113 1187 Ἀρειανούς,
1147 1133 1213 1175 οἶα
1245 1132 1317 1175 τὸν
1347 1132 1439 1174 υἱὸν
1470 1136 1544 1174 τοῦ
1575 1132 1682 1173 θεοῦ

0 1218 16 1257 -ζ
176 1206 544 1262 βλασφημοῦντας,
593 1206 618 1258 ἢ
663 1204 769 1249 τέως
811 1202 870 1257 μὴ
915 1203 1266 1256 παραχωρεΐσθαι
1310 1202 1498 1250 συνάξεις
1540 1203 1682 1242 ποιεῖν.

177 1276 239 1322 ὡς
272 1275 317 1317 δὲ
348 1274 474 1329 νωθῆ
504 1272 612 1327 πρὸς
642 1276 764 1314 τοῦτο
787 1272 903 1325 ἑώρα
924 1270 996 1312 τὸν
1023 1270 1264 1319 Θεοδόσιον,
1297 1271 1488 1326 φυλάξας
1519 1269 1681 1324 καιρόν,
1700 1267 1743 1302 ll
1762 1266 1846 1302 PII
1860 1264 1957 1303 37Α

119 1349 163 1385 15
178 1345 244 1386 ὅτε
275 1343 346 1386 καὶ
368 1343 392 1385 ὁ
414 1341 631 1396 Ἀρκάδιος
662 1340 947 1394 συνεδριάζων
979 1339 1030 1394 ἦν
1060 1344 1122 1394 τῷ
1153 1340 1290 1394 πατρί,
1323 1339 1489 1394 εἰσῆλθε
1520 1338 1591 1380 καὶ
1621 1342 1684 1392 τῷ

7 1418 79 1462 111
93 1420 161 1456 ‘231
176 1413 254 1468 μὲν
285 1412 446 1468 βασιλεῖ
465 1411 539 1466 τὴν
558 1410 860 1465 προσήκουσαν
882 1409 1076 1463 ἀπένειμε
1107 1408 1177 1450 καὶ
1205 1408 1438 1463 πρόσρησιν
1459 1407 1530 1449 καὶ
1550 1422 1683 1461 προσ-

3 1474 5 1476 ’
177 1482 361 1537 κύνησιν,
403 1480 512 1534 πρὸς
549 1480 595 1521 δὲ
627 1478 699 1521 τὸν
737 1476 956 1532 Ἀρκάδιον
993 1478 1164 1532 ἀμελῶς
1202 1478 1339 1524 οὕτως
1378 1478 1460 1532 ἔφη
1493 1476 1685 1531 “χαίροις

178 1550 249 1593 καὶ
281 1550 346 1604 σύ,
378 1549 586 1591 παιδίον.”
647 1547 958 1603 χαλεπήναντος
990 1546 1036 1588 δὲ
1065 1550 1140 1588 τοῦ
1169 1546 1375 1602 βασιλέως
1397 1545 1462 1588 ἐπὶ
1483 1549 1533 1600 τῇ
1554 1559 1682 1587 κατα·
1699 1543 1744 1579 12

178 1682 201 1718 8
224 1681 303 1726 περὶ
321 1685 382 1716 τοῦ
399 1680 534 1725 θρόνου
554 1684 614 1725 τῆς
630 1678 709 1717 νέας
723 1677 865 1723 Ῥώμης
892 1677 923 1712 Ε
1013 1677 1056 1712 11
1082 1677 1162 1723 περὶ
1181 1682 1241 1713 τοῦ
1260 1677 1359 1723 ἁγίου
1374 1676 1602 1722 Ἁμφιλοχιόυ
1621 1674 1685 1712 CE

253 1810 271 1845 1
298 1810 520 1856 ἐβεβαίωσαν
547 1808 578 1843 Ε
688 1807 711 1843 3
736 1807 834 1851 αὐτῷ
860 1806 908 1851 D,
934 1805 1039 1842 αὐτὸν
1066 1817 1116 1843 ex
1143 1807 1241 1851 αὐτῷ
1270 1817 1371 1843 corr.
1398 1804 1435 1841 A
1545 1805 1570 1840 4
1595 1807 1687 1851 post

253 1857 508 1902 συντακτήριον
535 1856 627 1891 add.
654 1855 757 1901 λόγον
783 1855 815 1890 Ε
943 1855 965 1890 6
990 1854 1164 1896 ναζιανζὼ
1190 1855 1293 1899 pr
1422 1853 1469 1889 10
1495 1857 1590 1889 ant-e
1615 1857 1686 1888 τῶν

251 1905 344 1941 add.
363 1905 424 1940 καὶ
443 1904 544 1950 pr
643 1908 714 1938 τῶν
728 1924 770 1928 -
786 1903 1009 1947 προκριθείς.
1038 1913 1113 1938 om.
1129 1903 1159 1938 B
1258 1902 1298 1938 δὲ
1324 1913 1398 1938 om.
1414 1901 1450 1937 D
1550 1901 1595 1937 16
1619 1901 1685 1947 βα·

251 1953 342 1989 σιλεῒ
355 1951 436 1997 ΑΕ,
462 1952 639 1997 θεοδοσίῳ
659 1951 757 1994 pr
847 1951 1029 1996 ἀπένειμεν
1057 1950 1153 1998 pr
1245 1954 1340 1986 ante
1366 1950 1426 1985 καὶ
1453 1950 1566 1995 prius
1592 1948 1684 1984 add.

253 2002 302 2041 ὡς
327 2001 469 2047 βασιλεῖ
491 1999 589 2046 pr
699 2000 756 2035 18.
784 2011 821 2046 p.
848 1999 905 2044 92,
932 1999 949 2033 1
979 2005 1022 2044 τῇ
1046 2013 1201 2044 καταφρ.
1228 2013 1256 2034 τ.
1283 2000 1362 2034 υἱοῦ
1388 1996 1474 2042 AD,
1500 2003 1543 2043 τῇ
1559 2011 1587 2032 τ.
1606 1997 1686 2032 υἵοῢ

251 2062 404 2095 καταῳρ.
424 2048 534 2094 Bwp,
561 2053 602 2094 τῇ
628 2062 784 2094 καταφρ.
812 2053 854 2094 τῇ
879 2062 907 2082 τ.
934 2048 1013 2083 υἱοῦ
1041 2046 1082 2092 C,
1109 2053 1151 2093 τῇ
1178 2061 1334 2093 καταφρ.
1362 2061 1390 2081 τ.
1416 2047 1495 2081 υἱοῦ
1521 2045 1628 2081 αὐτοῦ
1653 2044 1685 2080 Ε

0 2177 37 2236 sj‘?
181 2178 233 2213 ad
260 2178 379 2213 finem
407 2180 446 2212 et
473 2177 590 2223 primi
618 2177 776 2212 concilii
805 2176 969 2212 decreta
988 2177 1343 2212 confirmaverunt.
1395 2175 1483 2218 Quo
1503 2172 1722 2220 temporess

0 2246 26 2274 :j
182 2229 221 2261 et
256 2225 439 2261 nonnulli
475 2225 654 2270 episcopi
689 2224 918 2260 invidentes
952 2224 1131 2271 theologi
1172 2225 1316 2259 throno
1355 2222 1567 2270 cpolitano
1602 2232 1686 2258 non

0 2273 29 2322 {ff
180 2274 257 2309 rite
291 2273 460 2319 professi
494 2275 588 2308 sunt
620 2282 711 2307 eum
745 2275 974 2307 assecutum
1008 2282 1096 2308 esse
1121 2272 1310 2307 thronum
1338 2271 1454 2307 alteri
1482 2271 1594 2316 prius
1621 2269 1686 2305 de-

0 2333 11 2374 p
181 2321 318 2356 latum.
369 2320 638 2362 Quamobrem
679 2321 741 2355 vir
779 2320 844 2355 ille
882 2323 1047 2355 sanctus
1085 2320 1331 2364 syntacterio
1372 2319 1600 2364 conscripto
1638 2316 1722 2352 ae?

0 2375 3 2405 Ι
182 2368 342 2414 publice
373 2368 541 2403 recitato
581 2379 624 2403 se
665 2367 870 2402 abdicavit
909 2368 1053 2403 throno
1093 2371 1132 2402 et
1157 2367 1406 2403 Nazianzum
1438 2367 1478 2402 in
1515 2366 1685 2411 patriam

182 2416 311 2452 rediit.
374 2415 623 2461 Designatus
659 2419 794 2450 autem
835 2419 893 2450 est
927 2416 1158 2461 patriarcha
1189 2413 1425 2460 Cpolitanus
1459 2413 1723 2456 Nectarius,8

0 2459 29 2513 Ι
183 2464 411 2499 senatorius
451 2465 514 2498 vir
552 2469 591 2498 vt
630 2463 815 2498 civilibus
854 2465 1016 2498 functus
1055 2463 1372 2508 umgistratibus.
1423 2462 1525 2497 Tum
1565 2461 1723 2496 etiam9

6 2514 33 2558 ,ᾖξ’
183 2511 351 2547 thronus
378 2521 512 2546 novae
538 2511 690 2546 Romae
717 2511 939 2546 secundum
969 2511 1148 2546 ordinem
1178 2511 1342 2545 sortitus
1369 2514 1427 2545 ost
1459 2511 1548 2555 post
1580 2511 1687 2544 vete-

183 2570 268 2595 rem
295 2559 460 2594 Romam
490 2559 710 2594 collocatus
739 2559 808 2594 sed
837 2560 980 2594 ceteris
1008 2559 1224 2604 praelatus.

13 2603 38 2664 ᾆξ’
304 2606 383 2643 Sed
417 2611 456 2642 et
487 2617 662 2652 magnus
687 2605 992 2652 Amphiloc-hius
1025 2612 1108 2641 tum
1144 2616 1281 2649 regem
1316 2605 1471 2649 orabat,
1509 2609 1554 2640 ut
1587 2604 1687 2640 eice·
1703 2605 1748 2640 10

21 2666 31 2695 ι,
184 2658 324 2690 rentur
355 2665 406 2689 ex
439 2654 541 2689 urbe
571 2653 724 2696 Ariani,
765 2654 874 2699 quod
905 2655 984 2689 filio
1015 2654 1077 2688 doi
1106 2653 1404 2696 maledicerent,
1445 2656 1516 2688 aut
1546 2652 1686 2688 saltem

18 2726 32 2746 ς
185 2706 410 2738 conventus
443 2712 568 2747 agere
601 2702 925 2747 prohiberentur.
978 2702 1106 2743 Quam
1142 2702 1193 2736 ad
1227 2712 1309 2735 rem
1338 2711 1428 2736 eum
1457 2701 1686 2746 segniorem
1703 2701 1744 2736 11

6 2751 37 2796 js<
185 2749 341 2785 videret
375 2749 660 2793 Theodosium,
701 2754 819 2795 capto
858 2755 1052 2794 tompore,
1092 2759 1171 2794 quo
1208 2748 1407 2784 Arcadius
1447 2758 1610 2793 quoque
1645 2748 1687 2782 in

185 2797 354 2832 concilio
387 2807 470 2832 una
503 2807 593 2831 cum
633 2801 748 2843 patre
786 2797 965 2841 sedebat,
1004 2797 1170 2832 intravit
1204 2801 1243 2831 et
1277 2796 1365 2838 regri
1405 2796 1566 2841 quidem
1609 2806 1686 2830 me-

184 2845 301 2880 ritnm
329 2845 469 2880 tribuit
496 2849 534 2879 et
567 2844 851 2879 allocutionem
885 2849 924 2880 et
958 2845 1249 2887 adorationem,
1288 2844 1339 2878 ad
1367 2842 1587 2879 Arcadium
1618 2853 1686 2878 au-

0 2907 3 2926 ι
185 2898 264 2927 tem
291 2892 546 2937 negligenter
575 2890 757 2928 “Salve''
787 2893 917 2937 inquit
950 2893 1021 2928 “et
1055 2896 1099 2927 tu
1134 2892 1228 2927 fi1i”.
1281 2891 1389 2927 Irato
1425 2894 1560 2927 autem
1587 2900 1686 2934 rege
1703 2892 1748 2927 12

185 2940 432 2990 contemptui
467 2940 546 2986 filii,
586 2944 668 2976 tum
702 2940 766 2976 illo
801 2946 966 2980 sanctus
991 2939 1118 2976 “Tu'’
1149 2941 1279 2987 inquit
1310 2940 1431 2976 “cum
1470 2939 1587 2978 homo
1621 2939 1686 2983 sis,
