<?xml version="1.0" encoding="UTF-8"?>
<!DOCTYPE html PUBLIC "-//W3C//DTD XHTML 1.0 Transitional//EN"
    "http://www.w3.org/TR/xhtml1/DTD/xhtml1-transitional.dtd">
<html xmlns="http://www.w3.org/1999/xhtml" xml:lang="en" lang="en">
 <head>
  <title>
</title>
<meta http-equiv="Content-Type" content="text/html;charset=utf-8" />
  <meta name='ocr-system' content='tesseract 3.04.00' />
  <meta name='ocr-capabilities' content='ocr_page ocr_carea ocr_par ocr_line ocrx_word'/>
</head>
<body>
  <div class='ocr_page' id='page_1' title='image "./corpusscriptorum31niebuoft/corpusscriptorum31niebuoft_0087.png"; bbox 0 0 1968 3302; ppageno 0'>
   <div class='ocr_carea' id='block_1_1' title="bbox 486 215 1681 274">
    <p class='ocr_par' dir='ltr' id='par_1_1' title="bbox 486 215 1681 274">
     <span class='ocr_line' id='line_1_1' title="bbox 486 215 1681 274; baseline -0.009 0"><span class='ocrx_word' id='word_1_1' title='bbox 486 220 732 274; x_wconf 71' lang='lat' dir='ltr'>ivLiAN&#39;vs</span> <span class='ocrx_word' id='word_1_2' title='bbox 757 215 1036 271; x_wconf 66' lang='lat' dir='ltr'>AP&#39;os&#39;TA‘rA</span> <span class='ocrx_word' id='word_1_3' title='bbox 1063 220 1378 268; x_wconf 74' lang='lat' dir='ltr'><strong>1MPERAT0R.</strong></span> <span class='ocrx_word' id='word_1_4' title='bbox 1637 218 1681 264; x_wconf 72' lang='lat'><em>(31</em></span> 
     </span>
    </p>
   </div>
   <div class='ocr_carea' id='block_1_2' title="bbox 184 350 1745 480">
    <p class='ocr_par' dir='ltr' id='par_1_2' title="bbox 184 350 1745 480">
     <span class='ocr_line' id='line_1_2' title="bbox 185 350 1735 410; baseline -0.009 -6"><span class='ocrx_word' id='word_1_5' title='bbox 185 362 231 405; x_wconf 83' lang='grc' dir='ltr'><em>δὲ</em></span> <span class='ocrx_word' id='word_1_6' title='bbox 261 361 333 403; x_wconf 84' lang='grc' dir='ltr'><em>τὸν</em></span> <span class='ocrx_word' id='word_1_7' title='bbox 364 361 540 406; x_wconf 80' lang='grc' dir='ltr'><em>εὐτελῶς</em></span> <span class='ocrx_word' id='word_1_8' title='bbox 569 358 771 400; x_wconf 76' lang='grc' dir='ltr'><em>εἰπόντων</em></span> <span class='ocrx_word' id='word_1_9' title='bbox 793 355 1113 410; x_wconf 77' lang='grc' dir='ltr'><em>ἐσκευασμένον,</em></span> <span class='ocrx_word' id='word_1_10' title='bbox 1146 353 1415 408; x_wconf 81' lang='grc' dir='ltr'><em>παρῃτήσατο</em></span> <span class='ocrx_word' id='word_1_11' title='bbox 1437 351 1508 393; x_wconf 89' lang='grc' dir='ltr'><em>τὸν</em></span> <span class='ocrx_word' id='word_1_12' title='bbox 1529 350 1735 392; x_wconf 88' lang='grc' dir='ltr'><em>λοιπόν.1)</em></span> 
     </span>
     <span class='ocr_line' id='line_1_3' title="bbox 184 418 1745 480; baseline -0.009 -8"><span class='ocrx_word' id='word_1_13' title='bbox 184 435 310 472; x_wconf 86' lang='grc' dir='ltr'><em>ταῦτα</em></span> <span class='ocrx_word' id='word_1_14' title='bbox 351 427 388 470; x_wconf 81' lang='grc' dir='ltr'><em>δ’</em></span> <span class='ocrx_word' id='word_1_15' title='bbox 427 429 553 470; x_wconf 78' lang='grc' dir='ltr'><strong><em>ἐποίει</em></strong></span> <span class='ocrx_word' id='word_1_16' title='bbox 595 427 724 475; x_wconf 77' lang='grc' dir='ltr'><em>δόξαν</em></span> <span class='ocrx_word' id='word_1_17' title='bbox 767 427 920 480; x_wconf 76' lang='grc' dir='ltr'><em>θηρῶν</em></span> <span class='ocrx_word' id='word_1_18' title='bbox 963 425 1010 466; x_wconf 76' lang='grc' dir='ltr'><em>ἐκ</em></span> <span class='ocrx_word' id='word_1_19' title='bbox 1054 427 1128 464; x_wconf 82' lang='grc' dir='ltr'><em>τοῦ</em></span> <span class='ocrx_word' id='word_1_20' title='bbox 1175 423 1314 463; x_wconf 79' lang='grc' dir='ltr'><em>δοκεῖν</em></span> <span class='ocrx_word' id='word_1_21' title='bbox 1357 421 1571 474; x_wconf 84' lang='grc' dir='ltr'><em>ἀπέριττος</em></span> <span class='ocrx_word' id='word_1_22' title='bbox 1615 418 1686 460; x_wconf 81' lang='grc' dir='ltr'><em>καὶ</em></span> <span class='ocrx_word' id='word_1_23' title='bbox 1701 423 1745 457; x_wconf 80' lang='lat'><em>15</em></span> 
     </span>
    </p>
   </div>
   <div class='ocr_carea' id='block_1_3' title="bbox 0 0 119 874">
    <p class='ocr_par' dir='ltr' id='par_1_3' title="bbox 0 0 119 874">
     <span class='ocr_line' id='line_1_4' title="bbox 0 0 119 611; baseline 0 0"><span class='ocrx_word' id='word_1_24' title='bbox 0 0 119 611; x_wconf 95' lang='lat' dir='ltr'><em>  </em></span> 
     </span>
     <span class='ocr_line' id='line_1_5' title="bbox 0 611 45 874; baseline 0 2428"><span class='ocrx_word' id='word_1_25' title='bbox 0 611 45 874; x_wconf 95' lang='lat' dir='ltr'><em> </em></span> 
     </span>
    </p>
   </div>
   <div class='ocr_carea' id='block_1_4' title="bbox 0 488 1754 1581">
    <p class='ocr_par' dir='ltr' id='par_1_4' title="bbox 2 487 1745 555">
     <span class='ocr_line' id='line_1_6' title="bbox 14 488 1745 552; baseline -0.008 -11.096"><span class='ocrx_word' id='word_1_26' title='bbox 14 500 320 547; x_wconf 82' lang='grc' dir='ltr'>1Ι211ὄντο)ς</span> <span class='ocrx_word' id='word_1_27' title='bbox 350 498 597 552; x_wconf 79' lang='grc' dir='ltr'><em>φιλόσοφος.</em></span> <span class='ocrx_word' id='word_1_28' title='bbox 661 500 744 541; x_wconf 80' lang='grc' dir='ltr'><em>τοῖς</em></span> <span class='ocrx_word' id='word_1_29' title='bbox 776 494 1041 548; x_wconf 79' lang='grc' dir='ltr'><em>στρατιώταις</em></span> <span class='ocrx_word' id='word_1_30' title='bbox 1074 491 1119 533; x_wconf 85' lang='grc' dir='ltr'><em>δὲ</em></span> <span class='ocrx_word' id='word_1_31' title='bbox 1152 491 1364 544; x_wconf 87' lang='grc' dir='ltr'><em>διανείμας</em></span> <span class='ocrx_word' id='word_1_32' title='bbox 1401 490 1597 544; x_wconf 81' lang='grc' dir='ltr'><em>χρήματα</em></span> <span class='ocrx_word' id='word_1_33' title='bbox 1629 488 1686 533; x_wconf 86' lang='grc' dir='ltr'><em>εἷς</em></span> <span class='ocrx_word' id='word_1_34' title='bbox 1700 491 1745 526; x_wconf 88' lang='grc'><em>16</em></span> 
     </span>
    </p>

    <p class='ocr_par' dir='ltr' id='par_1_5' title="bbox 2 555 1113 620">
     <span class='ocr_line' id='line_1_7' title="bbox 185 562 1113 620; baseline -0.008 -10.482"><span class='ocrx_word' id='word_1_35' title='bbox 185 568 256 610; x_wconf 85' lang='grc' dir='ltr'><em>τὸν</em></span> <span class='ocrx_word' id='word_1_36' title='bbox 287 567 393 609; x_wconf 87' lang='grc' dir='ltr'><em>κατὰ</em></span> <span class='ocrx_word' id='word_1_37' title='bbox 425 566 611 620; x_wconf 85' lang='grc' dir='ltr'><em>Περσῶν</em></span> <span class='ocrx_word' id='word_1_38' title='bbox 642 564 887 618; x_wconf 80' lang='grc' dir='ltr'><em>ἡτοιμάζετο</em></span> <span class='ocrx_word' id='word_1_39' title='bbox 917 562 1113 616; x_wconf 84' lang='grc' dir='ltr'><em>πόλεμον.</em></span> 
     </span>
    </p>

    <p class='ocr_par' dir='ltr' id='par_1_6' title="bbox 148 625 1750 896">
     <span class='ocr_line' id='line_1_8' title="bbox 148 625 1746 688; baseline -0.008 -10"><span class='ocrx_word' id='word_1_40' title='bbox 148 642 171 678; x_wconf 86' lang='grc'>5</span> <span class='ocrx_word' id='word_1_41' title='bbox 306 635 595 688; x_wconf 80' lang='grc' dir='ltr'><em>Αὐτοκράτωρ</em></span> <span class='ocrx_word' id='word_1_42' title='bbox 630 633 674 674; x_wconf 84' lang='grc' dir='ltr'><em>δὲ</em></span> <span class='ocrx_word' id='word_1_43' title='bbox 707 632 892 686; x_wconf 83' lang='grc' dir='ltr'><em>γεγονὼς</em></span> <span class='ocrx_word' id='word_1_44' title='bbox 922 630 993 672; x_wconf 88' lang='grc' dir='ltr'><em>καὶ</em></span> <span class='ocrx_word' id='word_1_45' title='bbox 1025 631 1163 684; x_wconf 76' lang='grc' dir='ltr'><em>ἑαυτῷ</em></span> <span class='ocrx_word' id='word_1_46' title='bbox 1194 628 1268 683; x_wconf 85' lang='grc' dir='ltr'><em>τὴν</em></span> <span class='ocrx_word' id='word_1_47' title='bbox 1306 627 1442 682; x_wconf 82' lang='grc' dir='ltr'><em>ἀρχὴν</em></span> <span class='ocrx_word' id='word_1_48' title='bbox 1479 625 1746 682; x_wconf 85' lang='grc' dir='ltr'><em>κρατυνά-17</em></span> 
     </span>
     <span class='ocr_line' id='line_1_9' title="bbox 185 695 1748 760; baseline -0.008 -14"><span class='ocrx_word' id='word_1_49' title='bbox 185 721 312 760; x_wconf 89' lang='grc' dir='ltr'><em>μενος</em></span> <span class='ocrx_word' id='word_1_50' title='bbox 348 704 494 745; x_wconf 81' lang='grc' dir='ltr'><em>αὐτίκα</em></span> <span class='ocrx_word' id='word_1_51' title='bbox 533 703 590 748; x_wconf 85' lang='grc' dir='ltr'><em>εἷς</em></span> <span class='ocrx_word' id='word_1_52' title='bbox 625 705 842 754; x_wconf 80' lang='grc' dir='ltr'><em>προῦπτον</em></span> <span class='ocrx_word' id='word_1_53' title='bbox 880 699 1082 753; x_wconf 79' lang='grc' dir='ltr'><em>ἐξερράγη</em></span> <span class='ocrx_word' id='word_1_54' title='bbox 1121 697 1377 752; x_wconf 83' lang='grc' dir='ltr'><em>ἑλληνισμόν.</em></span> <span class='ocrx_word' id='word_1_55' title='bbox 1441 695 1688 749; x_wconf 77' lang='grc' dir='ltr'><em>ἐξωμόσατο</em></span> <span class='ocrx_word' id='word_1_56' title='bbox 1704 698 1748 733; x_wconf 84' lang='grc'><em>18</em></span> 
     </span>
     <span class='ocr_line' id='line_1_10' title="bbox 184 764 1688 828; baseline -0.007 -13"><span class='ocrx_word' id='word_1_57' title='bbox 184 773 262 828; x_wconf 76' lang='grc' dir='ltr'><em>μὲν</em></span> <span class='ocrx_word' id='word_1_58' title='bbox 294 772 374 827; x_wconf 85' lang='grc' dir='ltr'><em>γὰρ</em></span> <span class='ocrx_word' id='word_1_59' title='bbox 397 771 616 826; x_wconf 80' lang='grc' dir='ltr'><em>πρότερον,</em></span> <span class='ocrx_word' id='word_1_60' title='bbox 651 770 712 816; x_wconf 86' lang='grc' dir='ltr'><em>ὡς</em></span> <span class='ocrx_word' id='word_1_61' title='bbox 736 771 904 824; x_wconf 85' lang='grc' dir='ltr'><em>εἴρηται,</em></span> <span class='ocrx_word' id='word_1_62' title='bbox 936 767 985 808; x_wconf 84' lang='grc' dir='ltr'><em>τὰ</em></span> <span class='ocrx_word' id='word_1_63' title='bbox 1007 770 1268 822; x_wconf 78' lang='grc' dir='ltr'><em>χριστιανῶν,</em></span> <span class='ocrx_word' id='word_1_64' title='bbox 1302 766 1352 806; x_wconf 84' lang='grc' dir='ltr'><em>οὒ</em></span> <span class='ocrx_word' id='word_1_65' title='bbox 1373 764 1460 820; x_wconf 80' lang='grc' dir='ltr'><em>μὴν</em></span> <span class='ocrx_word' id='word_1_66' title='bbox 1482 765 1538 810; x_wconf 87' lang='grc' dir='ltr'><em>εἷς</em></span> <span class='ocrx_word' id='word_1_67' title='bbox 1558 764 1688 818; x_wconf 77' lang='grc' dir='ltr'><em>τούμ-</em></span> 
     </span>
     <span class='ocr_line' id='line_1_11' title="bbox 187 831 1750 896; baseline -0.007 -13"><span class='ocrx_word' id='word_1_68' title='bbox 187 842 317 896; x_wconf 81' lang='grc' dir='ltr'><em>φανὲς</em></span> <span class='ocrx_word' id='word_1_69' title='bbox 349 842 522 895; x_wconf 76' lang='grc' dir='ltr'><em>ἐκρῆξαι</em></span> <span class='ocrx_word' id='word_1_70' title='bbox 552 838 626 893; x_wconf 87' lang='grc' dir='ltr'><em>τὴν</em></span> <span class='ocrx_word' id='word_1_71' title='bbox 658 838 791 880; x_wconf 88' lang='grc' dir='ltr'><em>ὠδῖνα</em></span> <span class='ocrx_word' id='word_1_72' title='bbox 820 841 893 892; x_wconf 85' lang='grc' dir='ltr'><em>τῆς</em></span> <span class='ocrx_word' id='word_1_73' title='bbox 924 836 1115 891; x_wconf 85' lang='grc' dir='ltr'><em>ἀσεβείας</em></span> <span class='ocrx_word' id='word_1_74' title='bbox 1147 835 1359 889; x_wconf 80' lang='grc' dir='ltr'><em>ἐτόλμησε.</em></span> <span class='ocrx_word' id='word_1_75' title='bbox 1421 833 1577 888; x_wconf 87' lang='grc' dir='ltr'><em>λέγεται</em></span> <span class='ocrx_word' id='word_1_76' title='bbox 1608 831 1688 886; x_wconf 84' lang='grc' dir='ltr'><em>γὰρ</em></span> <span class='ocrx_word' id='word_1_77' title='bbox 1704 836 1750 871; x_wconf 90' lang='grc'><em>19</em></span> 
     </span>
    </p>

    <p class='ocr_par' dir='ltr' id='par_1_7' title="bbox 0 902 1690 967">
     <span class='ocr_line' id='line_1_12' title="bbox 188 902 1690 964; baseline -0.007 -12.224"><span class='ocrx_word' id='word_1_78' title='bbox 188 911 248 952; x_wconf 87' lang='grc' dir='ltr'><em>ὅτι</em></span> <span class='ocrx_word' id='word_1_79' title='bbox 284 911 422 964; x_wconf 83' lang='grc' dir='ltr'><em>ἔρωτα</em></span> <span class='ocrx_word' id='word_1_80' title='bbox 459 909 629 962; x_wconf 80' lang='grc' dir='ltr'><em>τρέφων</em></span> <span class='ocrx_word' id='word_1_81' title='bbox 666 911 739 961; x_wconf 85' lang='grc' dir='ltr'><em>τῆς</em></span> <span class='ocrx_word' id='word_1_82' title='bbox 770 905 979 960; x_wconf 81' lang='grc' dir='ltr'><em>βασιλείας</em></span> <span class='ocrx_word' id='word_1_83' title='bbox 1015 904 1086 945; x_wconf 86' lang='grc' dir='ltr'><em>καὶ</em></span> <span class='ocrx_word' id='word_1_84' title='bbox 1128 904 1189 950; x_wconf 84' lang='grc' dir='ltr'><em>ὡς</em></span> <span class='ocrx_word' id='word_1_85' title='bbox 1226 902 1311 944; x_wconf 83' lang='grc' dir='ltr'><em>ὑπὸ</em></span> <span class='ocrx_word' id='word_1_86' title='bbox 1351 902 1505 956; x_wconf 83' lang='grc' dir='ltr'><em>σποδιᾷ</em></span> <span class='ocrx_word' id='word_1_87' title='bbox 1543 905 1690 943; x_wconf 86' lang='grc' dir='ltr'><em>τοῦτον</em></span> 
     </span>
    </p>

    <p class='ocr_par' dir='ltr' id='par_1_8' title="bbox 0 966 1688 1037">
     <span class='ocr_line' id='line_1_13' title="bbox 0 969 1688 1033; baseline -0.007 -11"><span class='ocrx_word' id='word_1_88' title='bbox 0 984 31 1020; x_wconf 65' lang='lat'><em>*⁵</em></span> <span class='ocrx_word' id='word_1_89' title='bbox 129 987 175 1022; x_wconf 91' lang='lat'><em>10</em></span> <span class='ocrx_word' id='word_1_90' title='bbox 187 979 388 1033; x_wconf 86' lang='grc' dir='ltr'><em>κρύπτων</em></span> <span class='ocrx_word' id='word_1_91' title='bbox 420 978 464 1019; x_wconf 84' lang='grc' dir='ltr'><em>ἓν</em></span> <span class='ocrx_word' id='word_1_92' title='bbox 493 981 543 1031; x_wconf 89' lang='grc' dir='ltr'><em>τῇ</em></span> <span class='ocrx_word' id='word_1_93' title='bbox 574 980 694 1030; x_wconf 77' lang='grc' dir='ltr'><em>ψυχῇ</em></span> <span class='ocrx_word' id='word_1_94' title='bbox 725 975 894 1029; x_wconf 81' lang='grc' dir='ltr'><em>μάντεσι</em></span> <span class='ocrx_word' id='word_1_95' title='bbox 925 973 1099 1027; x_wconf 86' lang='grc' dir='ltr'><em>προσῄει</em></span> <span class='ocrx_word' id='word_1_96' title='bbox 1131 972 1203 1014; x_wconf 82' lang='grc' dir='ltr'><em>καὶ</em></span> <span class='ocrx_word' id='word_1_97' title='bbox 1235 972 1390 1026; x_wconf 82' lang='grc' dir='ltr'><em>γόησιν,</em></span> <span class='ocrx_word' id='word_1_98' title='bbox 1424 972 1461 1012; x_wconf 84' lang='grc' dir='ltr'><em>εἰ</em></span> <span class='ocrx_word' id='word_1_99' title='bbox 1487 974 1561 1012; x_wconf 86' lang='grc' dir='ltr'><em>τοῦ</em></span> <span class='ocrx_word' id='word_1_100' title='bbox 1584 969 1688 1024; x_wconf 86' lang='grc' dir='ltr'><em>κρά-</em></span> 
     </span>
    </p>

    <p class='ocr_par' dir='ltr' id='par_1_9' title="bbox 0 1033 1692 1108">
     <span class='ocr_line' id='line_1_14' title="bbox 187 1038 1692 1097; baseline -0.006 -9.105"><span class='ocrx_word' id='word_1_101' title='bbox 187 1063 285 1093; x_wconf 87' lang='grc' dir='ltr'><em>τους</em></span> <span class='ocrx_word' id='word_1_102' title='bbox 314 1046 494 1094; x_wconf 84' lang='grc' dir='ltr'><em>τεύξεται</em></span> <span class='ocrx_word' id='word_1_103' title='bbox 525 1043 862 1097; x_wconf 78' lang='grc' dir='ltr'><em>πυνθανόμενος,</em></span> <span class='ocrx_word' id='word_1_104' title='bbox 910 1042 981 1083; x_wconf 88' lang='grc' dir='ltr'><em>καὶ</em></span> <span class='ocrx_word' id='word_1_105' title='bbox 1017 1038 1117 1095; x_wconf 80' lang='grc' dir='ltr'><em>παρ’</em></span> <span class='ocrx_word' id='word_1_106' title='bbox 1152 1041 1324 1082; x_wconf 76' lang='grc' dir='ltr'><em>ἐκείνων</em></span> <span class='ocrx_word' id='word_1_107' title='bbox 1356 1039 1589 1094; x_wconf 73' lang='grc' dir='ltr'><em>διέφθαρτο</em></span> <span class='ocrx_word' id='word_1_108' title='bbox 1620 1038 1692 1080; x_wconf 83' lang='grc' dir='ltr'><em>καὶ</em></span> 
     </span>
    </p>

    <p class='ocr_par' dir='ltr' id='par_1_10' title="bbox 0 1106 1752 1170">
     <span class='ocr_line' id='line_1_15' title="bbox 0 1107 1752 1170; baseline -0.006 -12"><span class='ocrx_word' id='word_1_109' title='bbox 0 1123 37 1158; x_wconf 83' lang='lat'><em>¹.</em></span> <span class='ocrx_word' id='word_1_110' title='bbox 187 1116 412 1170; x_wconf 88' lang='grc' dir='ltr'><em>μετήνεκτο</em></span> <span class='ocrx_word' id='word_1_111' title='bbox 449 1115 506 1160; x_wconf 83' lang='grc' dir='ltr'><em>εἰς</em></span> <span class='ocrx_word' id='word_1_112' title='bbox 542 1111 796 1167; x_wconf 80' lang='grc' dir='ltr'><em>ἑλληνισμόν.</em></span> <span class='ocrx_word' id='word_1_113' title='bbox 874 1109 1014 1165; x_wconf 85' lang='grc' dir='ltr'><em>τυχὼν</em></span> <span class='ocrx_word' id='word_1_114' title='bbox 1060 1110 1105 1151; x_wconf 86' lang='grc' dir='ltr'><em>δὲ</em></span> <span class='ocrx_word' id='word_1_115' title='bbox 1148 1113 1221 1150; x_wconf 85' lang='grc' dir='ltr'><em>τοῦ</em></span> <span class='ocrx_word' id='word_1_116' title='bbox 1266 1109 1448 1163; x_wconf 82' lang='grc' dir='ltr'><em>κράτους</em></span> <span class='ocrx_word' id='word_1_117' title='bbox 1491 1111 1575 1154; x_wconf 86' lang='grc' dir='ltr'><em>τοῖς</em></span> <span class='ocrx_word' id='word_1_118' title='bbox 1619 1107 1691 1149; x_wconf 86' lang='grc' dir='ltr'><em>ᾶν-</em></span> <span class='ocrx_word' id='word_1_119' title='bbox 1705 1111 1752 1147; x_wconf 90' lang='grc'>20</span> 
     </span>
    </p>

    <p class='ocr_par' dir='ltr' id='par_1_11' title="bbox 0 1172 1750 1263">
     <span class='ocr_line' id='line_1_16' title="bbox 0 1172 1750 1263; baseline -0.006 -36"><span class='ocrx_word' id='word_1_120' title='bbox 0 1172 35 1263; x_wconf 54' lang='grc' dir='ltr'><em>’ξ</em></span> <span class='ocrx_word' id='word_1_121' title='bbox 188 1185 373 1239; x_wconf 81' lang='grc' dir='ltr'><em>εφίκτοις</em></span> <span class='ocrx_word' id='word_1_122' title='bbox 397 1184 570 1237; x_wconf 90' lang='grc' dir='ltr'><em>κρίμασι</em></span> <span class='ocrx_word' id='word_1_123' title='bbox 600 1185 674 1223; x_wconf 84' lang='grc' dir='ltr'><em>τοῦ</em></span> <span class='ocrx_word' id='word_1_124' title='bbox 706 1181 811 1222; x_wconf 78' lang='grc' dir='ltr'><em>θεοῦ</em></span> <span class='ocrx_word' id='word_1_125' title='bbox 843 1178 1025 1225; x_wconf 81' lang='grc' dir='ltr'><em>πολλοὺς</em></span> <span class='ocrx_word' id='word_1_126' title='bbox 1057 1178 1276 1232; x_wconf 83' lang='grc' dir='ltr'><em>εἰργάσατο</em></span> <span class='ocrx_word' id='word_1_127' title='bbox 1306 1178 1543 1232; x_wconf 87' lang='grc' dir='ltr'><em>μάρτυρας·</em></span> <span class='ocrx_word' id='word_1_128' title='bbox 1579 1177 1691 1218; x_wconf 80' lang='grc' dir='ltr'><em>οὕτω</em></span> <span class='ocrx_word' id='word_1_129' title='bbox 1706 1181 1750 1216; x_wconf 89' lang='grc'>21</span> 
     </span>
    </p>

    <p class='ocr_par' dir='ltr' id='par_1_12' title="bbox 0 1245 1691 1309">
     <span class='ocr_line' id='line_1_17' title="bbox 0 1245 1691 1309; baseline -0.007 -13"><span class='ocrx_word' id='word_1_130' title='bbox 0 1250 33 1309; x_wconf 61' lang='grc' dir='ltr'><em>’ᾖ</em></span> <span class='ocrx_word' id='word_1_131' title='bbox 190 1253 270 1307; x_wconf 86' lang='grc' dir='ltr'><em>γὰρ</em></span> <span class='ocrx_word' id='word_1_132' title='bbox 303 1252 482 1307; x_wconf 80' lang='grc' dir='ltr'><em>ἐξεμάνη</em></span> <span class='ocrx_word' id='word_1_133' title='bbox 514 1250 620 1292; x_wconf 87' lang='grc' dir='ltr'><em>κατὰ</em></span> <span class='ocrx_word' id='word_1_134' title='bbox 652 1251 902 1304; x_wconf 86' lang='grc' dir='ltr'><em>χριστιανῶν</em></span> <span class='ocrx_word' id='word_1_135' title='bbox 933 1248 996 1294; x_wconf 82' lang='grc' dir='ltr'><em>ὡς</em></span> <span class='ocrx_word' id='word_1_136' title='bbox 1034 1247 1106 1289; x_wconf 86' lang='grc' dir='ltr'><em>καὶ</em></span> <span class='ocrx_word' id='word_1_137' title='bbox 1142 1247 1322 1288; x_wconf 83' lang='grc' dir='ltr'><em>κωλύειν</em></span> <span class='ocrx_word' id='word_1_138' title='bbox 1359 1245 1511 1292; x_wconf 85' lang='grc' dir='ltr'><em>αὐτοὺς</em></span> <span class='ocrx_word' id='word_1_139' title='bbox 1546 1246 1691 1300; x_wconf 71' lang='grc' dir='ltr'><em>μαθη-</em></span> 
     </span>
    </p>

    <p class='ocr_par' dir='ltr' id='par_1_13' title="bbox 19 1305 1754 1581">
     <span class='ocr_line' id='line_1_18' title="bbox 19 1305 1692 1377; baseline -0.006 -12"><span class='ocrx_word' id='word_1_140' title='bbox 19 1305 26 1332; x_wconf 37' lang='lat' dir='ltr'><em>‘l</em></span> <span class='ocrx_word' id='word_1_141' title='bbox 131 1331 176 1366; x_wconf 77' lang='lat'><em>15</em></span> <span class='ocrx_word' id='word_1_142' title='bbox 189 1323 337 1377; x_wconf 87' lang='grc' dir='ltr'><em>μάτων</em></span> <span class='ocrx_word' id='word_1_143' title='bbox 366 1321 550 1375; x_wconf 84' lang='grc' dir='ltr'><em>μετέχειν</em></span> <span class='ocrx_word' id='word_1_144' title='bbox 576 1318 842 1373; x_wconf 79' lang='grc' dir='ltr'><em>Ἑλληνικῶν,</em></span> <span class='ocrx_word' id='word_1_145' title='bbox 881 1316 941 1371; x_wconf 85' lang='grc' dir='ltr'><em>μὴ</em></span> <span class='ocrx_word' id='word_1_146' title='bbox 977 1316 1060 1358; x_wconf 89' lang='grc' dir='ltr'><em>δεῖν</em></span> <span class='ocrx_word' id='word_1_147' title='bbox 1092 1316 1227 1370; x_wconf 87' lang='grc' dir='ltr'><em>λέγων</em></span> <span class='ocrx_word' id='word_1_148' title='bbox 1257 1315 1428 1369; x_wconf 73' lang='grc' dir='ltr'><em>μύθους</em></span> <span class='ocrx_word' id='word_1_149' title='bbox 1459 1314 1564 1356; x_wconf 70' lang='grc' dir='ltr'><em>αὐτὰ</em></span> <span class='ocrx_word' id='word_1_150' title='bbox 1597 1314 1692 1356; x_wconf 90' lang='grc' dir='ltr'><em>ὀνο-</em></span> 
     </span>
     <span class='ocr_line' id='line_1_19' title="bbox 188 1383 1692 1445; baseline -0.005 -14"><span class='ocrx_word' id='word_1_151' title='bbox 188 1390 400 1445; x_wconf 87' lang='grc' dir='ltr'><em>μάζοντάς</em></span> <span class='ocrx_word' id='word_1_152' title='bbox 436 1405 477 1430; x_wconf 93' lang='grc' dir='ltr'><em>τε</em></span> <span class='ocrx_word' id='word_1_153' title='bbox 514 1388 586 1429; x_wconf 81' lang='grc' dir='ltr'><em>καὶ</em></span> <span class='ocrx_word' id='word_1_154' title='bbox 627 1386 925 1442; x_wconf 79' lang='grc' dir='ltr'><em>διαβάλλοντας</em></span> <span class='ocrx_word' id='word_1_155' title='bbox 963 1390 1035 1440; x_wconf 89' lang='grc' dir='ltr'><em>τῆς</em></span> <span class='ocrx_word' id='word_1_156' title='bbox 1074 1385 1120 1433; x_wconf 81' lang='grc' dir='ltr'><em>ἒξ</em></span> <span class='ocrx_word' id='word_1_157' title='bbox 1159 1385 1302 1426; x_wconf 82' lang='grc' dir='ltr'><em>αὐτῶν</em></span> <span class='ocrx_word' id='word_1_158' title='bbox 1341 1383 1548 1438; x_wconf 85' lang='grc' dir='ltr'><em>ὠφελείας</em></span> <span class='ocrx_word' id='word_1_159' title='bbox 1586 1383 1692 1424; x_wconf 84' lang='grc' dir='ltr'><em>ἀπο-</em></span> 
     </span>
     <span class='ocr_line' id='line_1_20' title="bbox 189 1452 1754 1504; baseline -0.004 -4"><span class='ocrx_word' id='word_1_160' title='bbox 189 1459 327 1500; x_wconf 86' lang='grc' dir='ltr'><em>λαύειν</em></span> <span class='ocrx_word' id='word_1_161' title='bbox 358 1458 429 1500; x_wconf 91' lang='grc' dir='ltr'><em>καὶ</em></span> <span class='ocrx_word' id='word_1_162' title='bbox 462 1454 513 1499; x_wconf 80' lang='grc' dir='ltr'><em>δι’</em></span> <span class='ocrx_word' id='word_1_163' title='bbox 538 1457 678 1498; x_wconf 80' lang='grc' dir='ltr'><em>αὐτῶν</em></span> <span class='ocrx_word' id='word_1_164' title='bbox 705 1455 947 1504; x_wconf 76' lang='grc' dir='ltr'><em>ὁπλίζεσθαι</em></span> <span class='ocrx_word' id='word_1_165' title='bbox 968 1458 1058 1495; x_wconf 90' lang='grc' dir='ltr'><em>κατ’</em></span> <span class='ocrx_word' id='word_1_166' title='bbox 1083 1454 1235 1495; x_wconf 78' lang='grc' dir='ltr'><em>αὐτῶν.</em></span> <span class='ocrx_word' id='word_1_167' title='bbox 1298 1453 1401 1494; x_wconf 70' lang='grc' dir='ltr'><em>ὅθεν</em></span> <span class='ocrx_word' id='word_1_168' title='bbox 1421 1455 1507 1494; x_wconf 86' lang='grc' dir='ltr'><em>τῶν</em></span> <span class='ocrx_word' id='word_1_169' title='bbox 1527 1452 1694 1493; x_wconf 88' lang='grc' dir='ltr'><em>παίδων</em></span> <span class='ocrx_word' id='word_1_170' title='bbox 1707 1457 1754 1494; x_wconf 89' lang='grc'><em>22</em></span> 
     </span>
     <span class='ocr_line' id='line_1_21' title="bbox 189 1520 1693 1581; baseline -0.005 -12"><span class='ocrx_word' id='word_1_171' title='bbox 189 1531 275 1569; x_wconf 88' lang='grc' dir='ltr'><em>τῶν</em></span> <span class='ocrx_word' id='word_1_172' title='bbox 306 1526 613 1581; x_wconf 85' lang='grc' dir='ltr'><em>χριστωνύμων</em></span> <span class='ocrx_word' id='word_1_173' title='bbox 643 1525 902 1579; x_wconf 78' lang='grc' dir='ltr'><em>εἰργομένων</em></span> <span class='ocrx_word' id='word_1_174' title='bbox 932 1523 1110 1578; x_wconf 85' lang='grc' dir='ltr'><em>μετιέναι</em></span> <span class='ocrx_word' id='word_1_175' title='bbox 1141 1522 1238 1569; x_wconf 84' lang='grc' dir='ltr'><em>τοὺς</em></span> <span class='ocrx_word' id='word_1_176' title='bbox 1274 1521 1448 1576; x_wconf 87' lang='grc' dir='ltr'><em>ποιητὰς</em></span> <span class='ocrx_word' id='word_1_177' title='bbox 1479 1521 1504 1563; x_wconf 84' lang='grc' dir='ltr'>ὁ</span> <span class='ocrx_word' id='word_1_178' title='bbox 1529 1520 1693 1562; x_wconf 81' lang='grc' dir='ltr'><em>Ἀπολι-</em></span> 
     </span>
    </p>
   </div>
   <div class='ocr_carea' id='block_1_5' title="bbox 190 1648 1696 1796">
    <p class='ocr_par' dir='ltr' id='par_1_14' title="bbox 190 1648 1696 1796">
     <span class='ocr_line' id='line_1_22' title="bbox 191 1648 1694 1700; baseline -0.005 -10"><span class='ocrx_word' id='word_1_179' title='bbox 191 1656 213 1692; x_wconf 84' lang='lat'>7</span> <span class='ocrx_word' id='word_1_180' title='bbox 238 1656 289 1690; x_wconf 83' lang='grc' dir='ltr'><em>ὅτι</em></span> <span class='ocrx_word' id='word_1_181' title='bbox 313 1653 401 1700; x_wconf 87' lang='grc' dir='ltr'><em>μετὰ</em></span> <span class='ocrx_word' id='word_1_182' title='bbox 426 1653 489 1699; x_wconf 84' lang='grc' dir='ltr'><em>τὴν</em></span> <span class='ocrx_word' id='word_1_183' title='bbox 513 1653 709 1699; x_wconf 86' lang='grc' dir='ltr'><em>μοναρχίαν</em></span> <span class='ocrx_word' id='word_1_184' title='bbox 734 1655 899 1698; x_wconf 81' lang='grc' dir='ltr'><em>φανερῶς</em></span> <span class='ocrx_word' id='word_1_185' title='bbox 924 1649 964 1686; x_wconf 86' lang='grc' dir='ltr'><em>τὰ</em></span> <span class='ocrx_word' id='word_1_186' title='bbox 977 1650 1159 1696; x_wconf 85' lang='grc' dir='ltr'><em>Ἑλλήνων</em></span> <span class='ocrx_word' id='word_1_187' title='bbox 1178 1650 1315 1696; x_wconf 80' lang='grc' dir='ltr'><em>ἐσέβετο</em></span> <span class='ocrx_word' id='word_1_188' title='bbox 1341 1648 1370 1686; x_wconf 90' lang='lat' dir='ltr'>C</span> <span class='ocrx_word' id='word_1_189' title='bbox 1460 1649 1505 1684; x_wconf 90' lang='lat'><em>13</em></span> <span class='ocrx_word' id='word_1_190' title='bbox 1531 1649 1580 1684; x_wconf 83' lang='grc' dir='ltr'><em>ὅτι</em></span> <span class='ocrx_word' id='word_1_191' title='bbox 1601 1648 1694 1684; x_wconf 79' lang='grc' dir='ltr'><em>ἐκώ-</em></span> 
     </span>
     <span class='ocr_line' id='line_1_23' title="bbox 190 1697 1696 1747; baseline -0.005 -9"><span class='ocrx_word' id='word_1_192' title='bbox 190 1703 273 1739; x_wconf 78' lang='grc' dir='ltr'><em>λυσε</em></span> <span class='ocrx_word' id='word_1_193' title='bbox 307 1703 397 1747; x_wconf 86' lang='grc' dir='ltr'><em>(-σεν</em></span> <span class='ocrx_word' id='word_1_194' title='bbox 423 1702 469 1746; x_wconf 89' lang='grc' dir='ltr'><em>Ε)</em></span> <span class='ocrx_word' id='word_1_195' title='bbox 505 1700 586 1740; x_wconf 86' lang='grc' dir='ltr'><em>τοὺς</em></span> <span class='ocrx_word' id='word_1_196' title='bbox 617 1699 840 1747; x_wconf 75' lang='grc' dir='ltr'><em>χριστιανοὺς</em></span> <span class='ocrx_word' id='word_1_197' title='bbox 871 1704 942 1734; x_wconf 83' lang='grc' dir='ltr'><em>τῶν</em></span> <span class='ocrx_word' id='word_1_198' title='bbox 975 1701 1067 1741; x_wconf 87' lang='lat' dir='ltr'>(om.</span> <span class='ocrx_word' id='word_1_199' title='bbox 1094 1698 1138 1744; x_wconf 87' lang='lat' dir='ltr'><em>C)</em></span> <span class='ocrx_word' id='word_1_200' title='bbox 1169 1698 1398 1744; x_wconf 73' lang='grc' dir='ltr'><em>μαθημάτων</em></span> <span class='ocrx_word' id='word_1_201' title='bbox 1433 1697 1590 1743; x_wconf 85' lang='grc' dir='ltr'><em>μετέχειν</em></span> <span class='ocrx_word' id='word_1_202' title='bbox 1625 1701 1696 1731; x_wconf 86' lang='grc' dir='ltr'><em>τῶν</em></span> 
     </span>
     <span class='ocr_line' id='line_1_24' title="bbox 193 1748 686 1796; baseline -0.004 -10"><span class='ocrx_word' id='word_1_203' title='bbox 193 1752 283 1796; x_wconf 87' lang='lat' dir='ltr'>(om.</span> <span class='ocrx_word' id='word_1_204' title='bbox 311 1750 355 1792; x_wconf 87' lang='lat' dir='ltr'><em>C)</em></span> <span class='ocrx_word' id='word_1_205' title='bbox 381 1750 597 1795; x_wconf 78' lang='grc' dir='ltr'><em>Ἑλληνικῶν</em></span> <span class='ocrx_word' id='word_1_206' title='bbox 622 1748 686 1784; x_wconf 78' lang='grc' dir='ltr'><em>ΟΕ</em></span> 
     </span>
    </p>
   </div>
   <div class='ocr_carea' id='block_1_6' title="bbox 263 1872 1698 2165">
    <p class='ocr_par' dir='ltr' id='par_1_15' title="bbox 263 1872 1698 2165">
     <span class='ocr_line' id='line_1_25' title="bbox 263 1872 1695 1925; baseline -0.004 -10"><span class='ocrx_word' id='word_1_207' title='bbox 263 1879 286 1915; x_wconf 89' lang='grc'>6</span> <span class='ocrx_word' id='word_1_208' title='bbox 310 1877 512 1925; x_wconf 82' lang='grc' dir='ltr'><em>προῦρπτον</em></span> <span class='ocrx_word' id='word_1_209' title='bbox 529 1879 614 1923; x_wconf 82' lang='lat' dir='ltr'>(sie)</span> <span class='ocrx_word' id='word_1_210' title='bbox 630 1876 667 1913; x_wconf 92' lang='lat' dir='ltr'>A</span> <span class='ocrx_word' id='word_1_211' title='bbox 764 1878 786 1915; x_wconf 84' lang='grc'><strong>7</strong></span> <span class='ocrx_word' id='word_1_212' title='bbox 813 1882 903 1923; x_wconf 84' lang='lat' dir='ltr'>post</span> <span class='ocrx_word' id='word_1_213' title='bbox 921 1875 986 1923; x_wconf 85' lang='grc' dir='ltr'><em>γὰρ</em></span> <span class='ocrx_word' id='word_1_214' title='bbox 1005 1874 1099 1911; x_wconf 87' lang='lat' dir='ltr'>add.</span> <span class='ocrx_word' id='word_1_215' title='bbox 1117 1875 1177 1911; x_wconf 85' lang='grc' dir='ltr'><em>καὶ</em></span> <span class='ocrx_word' id='word_1_216' title='bbox 1196 1872 1353 1922; x_wconf 79' lang='lat' dir='ltr'><em>prDi</em></span> <span class='ocrx_word' id='word_1_217' title='bbox 1444 1874 1490 1910; x_wconf 91' lang='lat'><em>10</em></span> <span class='ocrx_word' id='word_1_218' title='bbox 1514 1872 1695 1919; x_wconf 84' lang='grc' dir='ltr'><em>κρύπτων]</em></span> 
     </span>
     <span class='ocr_line' id='line_1_26' title="bbox 264 1921 1696 1973; baseline -0.004 -11"><span class='ocrx_word' id='word_1_219' title='bbox 264 1928 406 1973; x_wconf 82' lang='grc' dir='ltr'><em>τρέφων</em></span> <span class='ocrx_word' id='word_1_220' title='bbox 433 1937 485 1962; x_wconf 80' lang='lat' dir='ltr'>ex</span> <span class='ocrx_word' id='word_1_221' title='bbox 511 1926 695 1962; x_wconf 79' lang='lat' dir='ltr'>anteced.</span> <span class='ocrx_word' id='word_1_222' title='bbox 724 1925 754 1960; x_wconf 88' lang='lat' dir='ltr'>E</span> <span class='ocrx_word' id='word_1_223' title='bbox 854 1925 895 1960; x_wconf 90' lang='grc'><em>11</em></span> <span class='ocrx_word' id='word_1_224' title='bbox 923 1924 1108 1970; x_wconf 55' lang='grc' dir='ltr'><em>τεύξευῇται</em></span> <span class='ocrx_word' id='word_1_225' title='bbox 1137 1924 1168 1959; x_wconf 90' lang='grc' dir='ltr'>Ε</span> <span class='ocrx_word' id='word_1_226' title='bbox 1268 1924 1312 1959; x_wconf 89' lang='grc'>16</span> <span class='ocrx_word' id='word_1_227' title='bbox 1336 1923 1569 1958; x_wconf 83' lang='grc' dir='ltr'><em>ἐπαπολαύειν</em></span> <span class='ocrx_word' id='word_1_228' title='bbox 1595 1921 1696 1968; x_wconf 86' lang='lat' dir='ltr'>pr</span> 
     </span>
     <span class='ocr_line' id='line_1_27' title="bbox 267 1968 1696 2021; baseline -0.004 -10"><span class='ocrx_word' id='word_1_229' title='bbox 267 1976 310 2011; x_wconf 84' lang='grc'><em>17</em></span> <span class='ocrx_word' id='word_1_230' title='bbox 337 1980 408 2011; x_wconf 88' lang='grc' dir='ltr'><em>τῶν</em></span> <span class='ocrx_word' id='word_1_231' title='bbox 434 1973 603 2021; x_wconf 81' lang='lat' dir='ltr'><em>prDi,</em></span> <span class='ocrx_word' id='word_1_232' title='bbox 630 1974 671 2009; x_wconf 91' lang='grc' dir='ltr'><em>τὰ</em></span> <span class='ocrx_word' id='word_1_233' title='bbox 696 1972 732 2009; x_wconf 92' lang='grc' dir='ltr'><strong>Α</strong></span> <span class='ocrx_word' id='word_1_234' title='bbox 833 1974 876 2008; x_wconf 90' lang='grc'>18</span> <span class='ocrx_word' id='word_1_235' title='bbox 901 1973 1115 2018; x_wconf 80' lang='grc' dir='ltr'><em>εἰργομένων</em></span> <span class='ocrx_word' id='word_1_236' title='bbox 1145 1971 1212 2008; x_wconf 89' lang='lat' dir='ltr'><em>CD</em></span> <span class='ocrx_word' id='word_1_237' title='bbox 1309 1971 1442 2007; x_wconf 80' lang='grc' dir='ltr'><em>ἐπιέναι</em></span> <span class='ocrx_word' id='word_1_238' title='bbox 1468 1968 1504 2005; x_wconf 91' lang='lat' dir='ltr'>D</span> <span class='ocrx_word' id='word_1_239' title='bbox 1614 1970 1696 2005; x_wconf 85' lang='grc' dir='ltr'><em>ἀπο-</em></span> 
     </span>
     <span class='ocr_line' id='line_1_28' title="bbox 265 2019 1697 2069; baseline -0.003 -10"><span class='ocrx_word' id='word_1_240' title='bbox 265 2023 427 2069; x_wconf 85' lang='grc' dir='ltr'><em>ληνάριος</em></span> <span class='ocrx_word' id='word_1_241' title='bbox 452 2022 499 2067; x_wconf 91' lang='lat' dir='ltr'><em>A,</em></span> <span class='ocrx_word' id='word_1_242' title='bbox 525 2022 771 2067; x_wconf 85' lang='grc' dir='ltr'><em>ἀπολλινάριος</em></span> <span class='ocrx_word' id='word_1_243' title='bbox 797 2021 966 2067; x_wconf 81' lang='lat' dir='ltr'>prDz&#39;.</span> <span class='ocrx_word' id='word_1_244' title='bbox 1017 2020 1079 2056; x_wconf 86' lang='lat' dir='ltr'>De</span> <span class='ocrx_word' id='word_1_245' title='bbox 1106 2022 1236 2055; x_wconf 75' lang='lat' dir='ltr'>forma</span> <span class='ocrx_word' id='word_1_246' title='bbox 1258 2019 1493 2064; x_wconf 82' lang='grc' dir='ltr'><em>Ἀπολινάριος</em></span> <span class='ocrx_word' id='word_1_247' title='bbox 1519 2029 1556 2054; x_wconf 89' lang='lat' dir='ltr'><em>v.</em></span> <span class='ocrx_word' id='word_1_248' title='bbox 1584 2028 1697 2064; x_wconf 77' lang='lat' dir='ltr'>prae-</span> 
     </span>
     <span class='ocr_line' id='line_1_29' title="bbox 267 2065 1698 2116; baseline -0.005 -9"><span class='ocrx_word' id='word_1_249' title='bbox 267 2076 328 2107; x_wconf 88' lang='lat' dir='ltr'><em>ter</em></span> <span class='ocrx_word' id='word_1_250' title='bbox 345 2070 437 2107; x_wconf 92' lang='lat' dir='ltr'><em>XIV</em></span> <span class='ocrx_word' id='word_1_251' title='bbox 455 2071 549 2116; x_wconf 85' lang='grc'>8,13</span> <span class='ocrx_word' id='word_1_252' title='bbox 573 2070 853 2105; x_wconf 86' lang='lat' dir='ltr'>Ludwichium</span> <span class='ocrx_word' id='word_1_253' title='bbox 873 2069 1042 2104; x_wconf 80' lang='lat' dir='ltr'>Hermes</span> <span class='ocrx_word' id='word_1_254' title='bbox 1067 2067 1164 2103; x_wconf 94' lang='lat' dir='ltr'>XIII</span> <span class='ocrx_word' id='word_1_255' title='bbox 1190 2079 1228 2114; x_wconf 90' lang='lat' dir='ltr'><em>p.</em></span> <span class='ocrx_word' id='word_1_256' title='bbox 1253 2067 1335 2112; x_wconf 87' lang='lat'><strong>336,</strong></span> <span class='ocrx_word' id='word_1_257' title='bbox 1362 2066 1473 2103; x_wconf 88' lang='lat' dir='ltr'>Suid.</span> <span class='ocrx_word' id='word_1_258' title='bbox 1489 2077 1518 2102; x_wconf 89' lang='lat' dir='ltr'>s.</span> <span class='ocrx_word' id='word_1_259' title='bbox 1533 2077 1582 2111; x_wconf 66' lang='lat' dir='ltr'><em>v„</em></span> <span class='ocrx_word' id='word_1_260' title='bbox 1609 2065 1698 2101; x_wconf 89' lang='lat' dir='ltr'>Phi-</span> 
     </span>
     <span class='ocr_line' id='line_1_30' title="bbox 267 2113 1697 2165; baseline -0.005 -10"><span class='ocrx_word' id='word_1_261' title='bbox 267 2119 434 2165; x_wconf 88' lang='lat' dir='ltr'>lostorg.</span> <span class='ocrx_word' id='word_1_262' title='bbox 458 2118 506 2154; x_wconf 92' lang='lat' dir='ltr'><em>H.</em></span> <span class='ocrx_word' id='word_1_263' title='bbox 533 2118 576 2154; x_wconf 87' lang='lat' dir='ltr'><em>E.</em></span> <span class='ocrx_word' id='word_1_264' title='bbox 603 2118 696 2154; x_wconf 92' lang='lat' dir='ltr'>VIII</span> <span class='ocrx_word' id='word_1_265' title='bbox 725 2118 779 2162; x_wconf 89' lang='lat'><em>11,</em></span> <span class='ocrx_word' id='word_1_266' title='bbox 815 2117 994 2163; x_wconf 86' lang='lat' dir='ltr'>Theoph.</span> <span class='ocrx_word' id='word_1_267' title='bbox 1022 2127 1058 2162; x_wconf 94' lang='lat' dir='ltr'><em>p.</em></span> <span class='ocrx_word' id='word_1_268' title='bbox 1085 2116 1283 2160; x_wconf 82' lang='lat' dir='ltr'>48‚19ss.,</span> <span class='ocrx_word' id='word_1_269' title='bbox 1312 2115 1398 2160; x_wconf 90' lang='lat' dir='ltr'>[Iul.</span> <span class='ocrx_word' id='word_1_270' title='bbox 1425 2113 1536 2159; x_wconf 90' lang='lat' dir='ltr'>Poll.]</span> <span class='ocrx_word' id='word_1_271' title='bbox 1563 2125 1601 2160; x_wconf 89' lang='lat' dir='ltr'><em>p.</em></span> <span class='ocrx_word' id='word_1_272' title='bbox 1615 2113 1697 2159; x_wconf 83' lang='lat'>374,</span> 
     </span>
    </p>
   </div>
   <div class='ocr_carea' id='block_1_7' title="bbox 0 1373 51 2293">
    <p class='ocr_par' dir='ltr' id='par_1_16' title="bbox 0 1373 51 2293">
     <span class='ocr_line' id='line_1_31' title="bbox 0 1373 51 2293; baseline 0 0"><span class='ocrx_word' id='word_1_273' title='bbox 0 1373 51 2293; x_wconf 95' lang='lat' dir='ltr'><em> </em></span> 
     </span>
    </p>
   </div>
   <div class='ocr_carea' id='block_1_8' title="bbox 196 2244 1762 2971">
    <p class='ocr_par' dir='ltr' id='par_1_17' title="bbox 196 2244 1759 2391">
     <span class='ocr_line' id='line_1_32' title="bbox 196 2244 1699 2294; baseline -0.004 -10"><span class='ocrx_word' id='word_1_274' title='bbox 196 2249 339 2293; x_wconf 84' lang='lat' dir='ltr'><strong>ciebat,</strong></span> <span class='ocrx_word' id='word_1_275' title='bbox 366 2250 412 2284; x_wconf 90' lang='lat' dir='ltr'><em>ut</em></span> <span class='ocrx_word' id='word_1_276' title='bbox 436 2247 651 2294; x_wconf 85' lang='lat' dir='ltr'>gloriolam</span> <span class='ocrx_word' id='word_1_277' title='bbox 678 2249 871 2293; x_wconf 80' lang='lat' dir='ltr'>captaret,</span> <span class='ocrx_word' id='word_1_278' title='bbox 899 2245 1010 2291; x_wconf 90' lang='lat' dir='ltr'>quod</span> <span class='ocrx_word' id='word_1_279' title='bbox 1037 2245 1246 2281; x_wconf 87' lang='lat' dir='ltr'>videretur</span> <span class='ocrx_word' id='word_1_280' title='bbox 1272 2254 1361 2280; x_wconf 84' lang='lat' dir='ltr'>esse</span> <span class='ocrx_word' id='word_1_281' title='bbox 1386 2244 1505 2280; x_wconf 91' lang='lat' dir='ltr'>homo</span> <span class='ocrx_word' id='word_1_282' title='bbox 1529 2244 1641 2290; x_wconf 83' lang='lat' dir='ltr'>frugi</span> <span class='ocrx_word' id='word_1_283' title='bbox 1660 2246 1699 2279; x_wconf 87' lang='lat' dir='ltr'><em>et</em></span> 
     </span>
     <span class='ocr_line' id='line_1_33' title="bbox 196 2291 1759 2343; baseline -0.003 -10"><span class='ocrx_word' id='word_1_284' title='bbox 196 2306 419 2343; x_wconf 83' lang='lat' dir='ltr'>germanus</span> <span class='ocrx_word' id='word_1_285' title='bbox 444 2295 718 2341; x_wconf 85' lang='lat' dir='ltr'>philosophus.</span> <span class='ocrx_word' id='word_1_286' title='bbox 769 2294 960 2329; x_wconf 80' lang='lat' dir='ltr'>Militibus</span> <span class='ocrx_word' id='word_1_287' title='bbox 987 2293 1181 2329; x_wconf 83' lang='lat' dir='ltr'>donativo</span> <span class='ocrx_word' id='word_1_288' title='bbox 1209 2293 1304 2328; x_wconf 84' lang='lat' dir='ltr'>dato</span> <span class='ocrx_word' id='word_1_289' title='bbox 1323 2292 1473 2328; x_wconf 89' lang='lat' dir='ltr'>bellum</span> <span class='ocrx_word' id='word_1_290' title='bbox 1491 2291 1699 2328; x_wconf 87' lang='lat' dir='ltr'>Persicum</span> <span class='ocrx_word' id='word_1_291' title='bbox 1714 2293 1759 2329; x_wconf 78' lang='lat'><em>16</em></span> 
     </span>
     <span class='ocr_line' id='line_1_34' title="bbox 197 2345 380 2391; baseline -0.005 -11"><span class='ocrx_word' id='word_1_292' title='bbox 197 2345 380 2391; x_wconf 82' lang='lat' dir='ltr'>parabat.</span> 
     </span>
    </p>

    <p class='ocr_par' dir='ltr' id='par_1_18' title="bbox 199 2387 1762 2971">
     <span class='ocr_line' id='line_1_35' title="bbox 317 2387 1759 2438; baseline -0.003 -10"><span class='ocrx_word' id='word_1_293' title='bbox 317 2392 465 2428; x_wconf 80' lang='lat' dir='ltr'><strong>Rerum</strong></span> <span class='ocrx_word' id='word_1_294' title='bbox 494 2392 644 2438; x_wconf 86' lang='lat' dir='ltr'>potitus</span> <span class='ocrx_word' id='word_1_295' title='bbox 671 2391 912 2435; x_wconf 85' lang='lat' dir='ltr'>firmatoque</span> <span class='ocrx_word' id='word_1_296' title='bbox 939 2399 1011 2425; x_wconf 88' lang='lat' dir='ltr'><em>suo</em></span> <span class='ocrx_word' id='word_1_297' title='bbox 1039 2389 1208 2435; x_wconf 82' lang='lat' dir='ltr'>imperio</span> <span class='ocrx_word' id='word_1_298' title='bbox 1236 2389 1370 2424; x_wconf 82' lang='lat' dir='ltr'>statim</span> <span class='ocrx_word' id='word_1_299' title='bbox 1401 2389 1441 2423; x_wconf 90' lang='lat' dir='ltr'><em>in</em></span> <span class='ocrx_word' id='word_1_300' title='bbox 1470 2387 1698 2423; x_wconf 80' lang='lat' dir='ltr'>evidentem</span> <span class='ocrx_word' id='word_1_301' title='bbox 1715 2389 1759 2426; x_wconf 83' lang='lat'><em>17</em></span> 
     </span>
     <span class='ocr_line' id='line_1_36' title="bbox 199 2436 1760 2486; baseline -0.002 -10"><span class='ocrx_word' id='word_1_302' title='bbox 199 2441 332 2486; x_wconf 80' lang='lat' dir='ltr'>erupit</span> <span class='ocrx_word' id='word_1_303' title='bbox 360 2441 654 2486; x_wconf 82' lang='lat' dir='ltr'>paganismum.</span> <span class='ocrx_word' id='word_1_304' title='bbox 706 2438 805 2474; x_wconf 83' lang='lat' dir='ltr'><em>Nam</em></span> <span class='ocrx_word' id='word_1_305' title='bbox 834 2442 928 2473; x_wconf 81' lang='lat' dir='ltr'>ante</span> <span class='ocrx_word' id='word_1_306' title='bbox 955 2438 1176 2480; x_wconf 82' lang='lat' dir='ltr'>abiurarat,</span> <span class='ocrx_word' id='word_1_307' title='bbox 1214 2442 1259 2472; x_wconf 86' lang='lat' dir='ltr'><em>ut</em></span> <span class='ocrx_word' id='word_1_308' title='bbox 1287 2447 1411 2482; x_wconf 86' lang='lat' dir='ltr'>supra</span> <span class='ocrx_word' id='word_1_309' title='bbox 1445 2436 1596 2470; x_wconf 89' lang='lat' dir='ltr'>dictum</span> <span class='ocrx_word' id='word_1_310' title='bbox 1629 2438 1760 2480; x_wconf 81' lang='lat' dir='ltr'>est‚18</span> 
     </span>
     <span class='ocr_line' id='line_1_37' title="bbox 199 2484 1700 2532; baseline -0.005 -7"><span class='ocrx_word' id='word_1_311' title='bbox 199 2488 558 2531; x_wconf 78' lang='lat' dir='ltr'>Christianismum,</span> <span class='ocrx_word' id='word_1_312' title='bbox 596 2497 732 2532; x_wconf 86' lang='lat' dir='ltr'>neque</span> <span class='ocrx_word' id='word_1_313' title='bbox 771 2490 904 2521; x_wconf 83' lang='lat' dir='ltr'>tamen</span> <span class='ocrx_word' id='word_1_314' title='bbox 943 2487 1127 2531; x_wconf 77' lang='lat' dir='ltr'>proferre</span> <span class='ocrx_word' id='word_1_315' title='bbox 1165 2486 1205 2519; x_wconf 86' lang='lat' dir='ltr'><em>in</em></span> <span class='ocrx_word' id='word_1_316' title='bbox 1241 2485 1447 2530; x_wconf 88' lang='lat' dir='ltr'>publicum</span> <span class='ocrx_word' id='word_1_317' title='bbox 1482 2484 1700 2530; x_wconf 85' lang='lat' dir='ltr'>impietatis</span> 
     </span>
     <span class='ocr_line' id='line_1_38' title="bbox 200 2532 1760 2583; baseline -0.001 -13"><span class='ocrx_word' id='word_1_318' title='bbox 200 2540 359 2583; x_wconf 84' lang='lat' dir='ltr'>partum</span> <span class='ocrx_word' id='word_1_319' title='bbox 387 2546 512 2571; x_wconf 81' lang='lat' dir='ltr'>ausus</span> <span class='ocrx_word' id='word_1_320' title='bbox 539 2537 684 2570; x_wconf 80' lang='lat' dir='ltr'>fuerat.</span> <span class='ocrx_word' id='word_1_321' title='bbox 735 2534 880 2569; x_wconf 79' lang='lat' dir='ltr'>Fertur</span> <span class='ocrx_word' id='word_1_322' title='bbox 915 2534 1032 2577; x_wconf 87' lang='lat' dir='ltr'>enim,</span> <span class='ocrx_word' id='word_1_323' title='bbox 1074 2543 1164 2568; x_wconf 86' lang='lat' dir='ltr'>cum</span> <span class='ocrx_word' id='word_1_324' title='bbox 1192 2533 1309 2578; x_wconf 86' lang='lat' dir='ltr'>regni</span> <span class='ocrx_word' id='word_1_325' title='bbox 1336 2532 1600 2578; x_wconf 79' lang='lat' dir='ltr'>cupiditatem</span> <span class='ocrx_word' id='word_1_326' title='bbox 1626 2540 1700 2566; x_wconf 92' lang='lat' dir='ltr'>nu·</span> <span class='ocrx_word' id='word_1_327' title='bbox 1716 2533 1760 2569; x_wconf 87' lang='grc'><em>19</em></span> 
     </span>
     <span class='ocr_line' id='line_1_39' title="bbox 200 2580 1700 2629; baseline -0.004 -9"><span class='ocrx_word' id='word_1_328' title='bbox 200 2586 315 2620; x_wconf 83' lang='lat' dir='ltr'>triret</span> <span class='ocrx_word' id='word_1_329' title='bbox 341 2587 380 2619; x_wconf 90' lang='lat' dir='ltr'><em>et</em></span> <span class='ocrx_word' id='word_1_330' title='bbox 405 2587 612 2629; x_wconf 85' lang='lat' dir='ltr'>tamquam</span> <span class='ocrx_word' id='word_1_331' title='bbox 639 2583 775 2629; x_wconf 84' lang='lat' dir='ltr'>ignem</span> <span class='ocrx_word' id='word_1_332' title='bbox 803 2583 878 2617; x_wconf 90' lang='lat' dir='ltr'><em>sub</em></span> <span class='ocrx_word' id='word_1_333' title='bbox 905 2581 1110 2616; x_wconf 82' lang='lat' dir='ltr'>cineribus</span> <span class='ocrx_word' id='word_1_334' title='bbox 1137 2581 1263 2616; x_wconf 82' lang='lat' dir='ltr'>aleret</span> <span class='ocrx_word' id='word_1_335' title='bbox 1291 2580 1437 2623; x_wconf 85' lang='lat' dir='ltr'>animo,</span> <span class='ocrx_word' id='word_1_336' title='bbox 1467 2583 1582 2615; x_wconf 88' lang='lat' dir='ltr'>vates</span> <span class='ocrx_word' id='word_1_337' title='bbox 1609 2589 1700 2614; x_wconf 89' lang='lat' dir='ltr'>con-</span> 
     </span>
     <span class='ocr_line' id='line_1_40' title="bbox 201 2628 1699 2678; baseline -0.004 -10"><span class='ocrx_word' id='word_1_338' title='bbox 201 2633 373 2668; x_wconf 87' lang='lat' dir='ltr'>suluisse</span> <span class='ocrx_word' id='word_1_339' title='bbox 400 2635 439 2668; x_wconf 79' lang='lat' dir='ltr'><em>et</em></span> <span class='ocrx_word' id='word_1_340' title='bbox 466 2632 808 2678; x_wconf 83' lang='lat' dir='ltr'>praestigiatores,</span> <span class='ocrx_word' id='word_1_341' title='bbox 835 2640 932 2664; x_wconf 89' lang='lat' dir='ltr'>num</span> <span class='ocrx_word' id='word_1_342' title='bbox 958 2629 1127 2674; x_wconf 84' lang='lat' dir='ltr'>imperio</span> <span class='ocrx_word' id='word_1_343' title='bbox 1155 2628 1358 2674; x_wconf 84' lang='lat' dir='ltr'>potiturus</span> <span class='ocrx_word' id='word_1_344' title='bbox 1377 2630 1499 2672; x_wconf 81' lang='lat' dir='ltr'>esset3</span> <span class='ocrx_word' id='word_1_345' title='bbox 1527 2637 1699 2673; x_wconf 88' lang='lat' dir='ltr'>quorum</span> 
     </span>
     <span class='ocr_line' id='line_1_41' title="bbox 203 2675 1761 2726; baseline -0.003 -10"><span class='ocrx_word' id='word_1_346' title='bbox 203 2680 443 2726; x_wconf 82' lang='lat' dir='ltr'>corruptelis</span> <span class='ocrx_word' id='word_1_347' title='bbox 469 2680 508 2714; x_wconf 88' lang='lat' dir='ltr'><em>in</em></span> <span class='ocrx_word' id='word_1_348' title='bbox 536 2679 747 2725; x_wconf 82' lang='lat' dir='ltr'>gentilium</span> <span class='ocrx_word' id='word_1_349' title='bbox 779 2678 1027 2723; x_wconf 82' lang='lat' dir='ltr'>impietatem</span> <span class='ocrx_word' id='word_1_350' title='bbox 1063 2680 1121 2711; x_wconf 78' lang='lat' dir='ltr'><em>ost</em></span> <span class='ocrx_word' id='word_1_351' title='bbox 1155 2676 1331 2721; x_wconf 84' lang='lat' dir='ltr'>illapsus.</span> <span class='ocrx_word' id='word_1_352' title='bbox 1383 2675 1557 2721; x_wconf 81' lang='lat' dir='ltr'>Imperio</span> <span class='ocrx_word' id='word_1_353' title='bbox 1586 2684 1701 2710; x_wconf 86' lang='lat' dir='ltr'>occu·</span> <span class='ocrx_word' id='word_1_354' title='bbox 1714 2677 1761 2713; x_wconf 83' lang='lat'><em>20</em></span> 
     </span>
     <span class='ocr_line' id='line_1_42' title="bbox 203 2723 1758 2774; baseline -0.002 -11"><span class='ocrx_word' id='word_1_355' title='bbox 203 2732 298 2774; x_wconf 82' lang='lat' dir='ltr'>pato</span> <span class='ocrx_word' id='word_1_356' title='bbox 331 2737 481 2763; x_wconf 83' lang='lat' dir='ltr'>arcano</span> <span class='ocrx_word' id='word_1_357' title='bbox 515 2727 579 2762; x_wconf 87' lang='lat' dir='ltr'><em>dei</em></span> <span class='ocrx_word' id='word_1_358' title='bbox 614 2726 779 2761; x_wconf 87' lang='lat' dir='ltr'>consilio</span> <span class='ocrx_word' id='word_1_359' title='bbox 813 2725 960 2761; x_wconf 84' lang='lat' dir='ltr'>multos</span> <span class='ocrx_word' id='word_1_360' title='bbox 996 2729 1195 2770; x_wconf 77' lang='lat' dir='ltr'>martyros</span> <span class='ocrx_word' id='word_1_361' title='bbox 1221 2723 1408 2759; x_wconf 83' lang='lat' dir='ltr'>reddidit.</span> <span class='ocrx_word' id='word_1_362' title='bbox 1460 2723 1560 2758; x_wconf 85' lang='lat' dir='ltr'><em>Nam</em></span> <span class='ocrx_word' id='word_1_363' title='bbox 1586 2726 1699 2758; x_wconf 82' lang='lat' dir='ltr'>tanto</span> <span class='ocrx_word' id='word_1_364' title='bbox 1714 2726 1758 2760; x_wconf 86' lang='grc'><em>21</em></span> 
     </span>
     <span class='ocr_line' id='line_1_43' title="bbox 203 2770 1701 2819; baseline -0.004 -8"><span class='ocrx_word' id='word_1_365' title='bbox 203 2779 342 2811; x_wconf 81' lang='lat' dir='ltr'>lurore</span> <span class='ocrx_word' id='word_1_366' title='bbox 368 2776 444 2810; x_wconf 85' lang='lat' dir='ltr'>fuit-</span> <span class='ocrx_word' id='word_1_367' title='bbox 470 2776 510 2810; x_wconf 93' lang='lat' dir='ltr'><em>in</em></span> <span class='ocrx_word' id='word_1_368' title='bbox 537 2774 785 2811; x_wconf 85' lang='lat' dir='ltr'>Christianos</span> <span class='ocrx_word' id='word_1_369' title='bbox 812 2774 1000 2819; x_wconf 81' lang='lat' dir='ltr'>percitus,</span> <span class='ocrx_word' id='word_1_370' title='bbox 1037 2777 1082 2807; x_wconf 88' lang='lat' dir='ltr'><em>ut</em></span> <span class='ocrx_word' id='word_1_371' title='bbox 1107 2772 1331 2818; x_wconf 88' lang='lat' dir='ltr'>impediret,</span> <span class='ocrx_word' id='word_1_372' title='bbox 1371 2781 1423 2807; x_wconf 86' lang='lat' dir='ltr'><em>ne</em></span> <span class='ocrx_word' id='word_1_373' title='bbox 1450 2770 1701 2807; x_wconf 83' lang='lat' dir='ltr'>Graecarum</span> 
     </span>
     <span class='ocr_line' id='line_1_44' title="bbox 204 2818 1701 2870; baseline -0.004 -11"><span class='ocrx_word' id='word_1_374' title='bbox 204 2823 505 2870; x_wconf 81' lang='lat' dir='ltr'>disciplinarum</span> <span class='ocrx_word' id='word_1_375' title='bbox 534 2822 677 2858; x_wconf 84' lang='lat' dir='ltr'>fierent</span> <span class='ocrx_word' id='word_1_376' title='bbox 702 2821 936 2868; x_wconf 80' lang='lat' dir='ltr'>participes3</span> <span class='ocrx_word' id='word_1_377' title='bbox 976 2830 1109 2866; x_wconf 83' lang='lat' dir='ltr'>neque</span> <span class='ocrx_word' id='word_1_378' title='bbox 1136 2821 1241 2856; x_wconf 88' lang='lat' dir='ltr'>euim</span> <span class='ocrx_word' id='word_1_379' title='bbox 1269 2819 1427 2864; x_wconf 81' lang='lat' dir='ltr'>decere,</span> <span class='ocrx_word' id='word_1_380' title='bbox 1455 2829 1560 2865; x_wconf 84' lang='lat' dir='ltr'>quae</span> <span class='ocrx_word' id='word_1_381' title='bbox 1586 2818 1701 2853; x_wconf 78' lang='lat' dir='ltr'>fabu-</span> 
     </span>
     <span class='ocr_line' id='line_1_45' title="bbox 203 2866 1702 2914; baseline -0.004 -6"><span class='ocrx_word' id='word_1_382' title='bbox 203 2872 262 2909; x_wconf 82' lang='lat' dir='ltr'>las</span> <span class='ocrx_word' id='word_1_383' title='bbox 296 2871 350 2907; x_wconf 91' lang='lat' dir='ltr'>illi</span> <span class='ocrx_word' id='word_1_384' title='bbox 385 2870 568 2907; x_wconf 87' lang='lat' dir='ltr'>dicerent</span> <span class='ocrx_word' id='word_1_385' title='bbox 602 2869 902 2914; x_wconf 85' lang='lat' dir='ltr'>contumeliose,</span> <span class='ocrx_word' id='word_1_386' title='bbox 941 2879 992 2904; x_wconf 87' lang='lat' dir='ltr'><em>ex</em></span> <span class='ocrx_word' id='word_1_387' title='bbox 1026 2869 1073 2903; x_wconf 85' lang='lat' dir='ltr'><em>iis</em></span> <span class='ocrx_word' id='word_1_388' title='bbox 1106 2867 1319 2904; x_wconf 86' lang='lat' dir='ltr'>utilitatem</span> <span class='ocrx_word' id='word_1_389' title='bbox 1351 2877 1499 2914; x_wconf 83' lang='lat' dir='ltr'>capere</span> <span class='ocrx_word' id='word_1_390' title='bbox 1524 2866 1702 2912; x_wconf 83' lang='lat' dir='ltr'>indeque</span> 
     </span>
     <span class='ocr_line' id='line_1_46' title="bbox 204 2915 1762 2971; baseline -0.001 -15"><span class='ocrx_word' id='word_1_391' title='bbox 204 2921 325 2956; x_wconf 84' lang='lat' dir='ltr'>armis</span> <span class='ocrx_word' id='word_1_392' title='bbox 350 2921 486 2971; x_wconf 80' lang='lat' dir='ltr'>petitis</span> <span class='ocrx_word' id='word_1_393' title='bbox 521 2923 663 2956; x_wconf 82' lang='lat' dir='ltr'>eontra</span> <span class='ocrx_word' id='word_1_394' title='bbox 696 2919 784 2966; x_wconf 80' lang='lat' dir='ltr'>ipsa</span> <span class='ocrx_word' id='word_1_395' title='bbox 810 2917 968 2954; x_wconf 77' lang='lat' dir='ltr'>Graeca</span> <span class='ocrx_word' id='word_1_396' title='bbox 1002 2927 1200 2964; x_wconf 83' lang='lat' dir='ltr'>pugnare.</span> <span class='ocrx_word' id='word_1_397' title='bbox 1252 2915 1351 2952; x_wconf 91' lang='lat' dir='ltr'>Cum</span> <span class='ocrx_word' id='word_1_398' title='bbox 1378 2916 1503 2962; x_wconf 89' lang='lat' dir='ltr'>igitur</span> <span class='ocrx_word' id='word_1_399' title='bbox 1529 2915 1702 2951; x_wconf 84' lang='lat' dir='ltr'>nominis</span> <span class='ocrx_word' id='word_1_400' title='bbox 1715 2917 1762 2954; x_wconf 90' lang='grc'><em>22</em></span> 
     </span>
    </p>
   </div>
   <div class='ocr_carea' id='block_1_9' title="bbox 7 2663 39 2845">
    <p class='ocr_par' dir='ltr' id='par_1_19' title="bbox 7 2663 39 2845">
     <span class='ocr_line' id='line_1_47' title="bbox 21 2663 33 2678; baseline 0 0"><span class='ocrx_word' id='word_1_401' title='bbox 21 2663 33 2678; x_wconf 62' lang='lat'><em>⁴}</em></span> 
     </span>
     <span class='ocr_line' id='line_1_48' title="bbox 24 2688 39 2698; baseline 0 0"><span class='ocrx_word' id='word_1_402' title='bbox 24 2688 39 2698; x_wconf 47' lang='lat' dir='ltr'><em>sm</em></span> 
     </span>
     <span class='ocr_line' id='line_1_49' title="bbox 7 2802 38 2845; baseline 0.097 -19"><span class='ocrx_word' id='word_1_403' title='bbox 7 2802 38 2845; x_wconf 57' lang='lat'><em>&gt;3⁴³³</em></span> 
     </span>
    </p>
   </div>
   <div class='ocr_carea' id='block_1_10' title="bbox 1779 1179 1968 1216">
    <p class='ocr_par' dir='ltr' id='par_1_20' title="bbox 1779 1179 1968 1216">
     <span class='ocr_line' id='line_1_50' title="bbox 1779 1179 1968 1216; baseline 0 0"><span class='ocrx_word' id='word_1_404' title='bbox 1779 1179 1968 1216; x_wconf 73' lang='lat' dir='ltr'>P11‘25A</span> 
     </span>
    </p>
   </div>
  </div>
 </body>
</html>
