2054 3282
371 193 439 232 194
760 192 942 232 ZONAR.
970 195 1099 231 EPIT.
1127 195 1217 231 XIV
1247 196 1301 241 13,
1327 193 1479 231 26-44.

310 325 354 360 27
370 317 493 372 φόνῳ
517 318 735 372 μαχαίρας
766 318 900 371 λέγων
932 318 1204 371 τεθνήξεσθαι
1238 316 1308 358 τὸν
1338 318 1591 371 [Παυρίκιον.
1654 319 1678 360 ὁ
1711 319 1756 361 δὲ
1786 321 1864 374 βα-

370 385 501 431 σιλεὺς
531 385 578 426 τὸ
610 385 675 426 ἐπὶ
706 390 790 431 τοῖς
815 385 1095 439 αἰχμαλώτοις
1117 384 1316 439 ἀνόμημα
1339 385 1691 440 ἀναλογισάμενος
1713 388 1866 430 ἱκέτευε

368 454 439 495 τὸν
470 454 573 496 ’θεὸν
605 455 648 495 ἕν
679 459 727 508 τῇ
759 454 952 507 παρούσῃ
987 455 1079 508 ζωῇ
1115 453 1189 507 τὴν
1228 454 1330 507 ὑπὲρ
1370 455 1517 496 τούτου
1557 455 1676 509 δίκην
1713 457 1865 498 ἐκτῖσαι

369 523 439 563 καὶ
470 527 684 576 πανταχοῦ
718 523 990 575 διεπέμψατο,
1023 522 1153 569 ἀξιῶν
1183 523 1341 568 πάντας
1371 527 1492 564 τοῦτο
1514 524 1636 564 αἰτεῖν
1657 523 1727 565 τὸν
1747 525 1863 566 θεόν.

310 596 356 631 28
370 592 516 645 φήμης
554 591 599 631 δὲ
636 591 871 644 κρατούσης
909 590 968 631 ὅτι
1000 594 1072 631 τοῦ
1103 590 1326 644 μέλλοντος
1357 591 1483 632 αὐτὸν
1516 591 1787 640 διαδέξασθαι
1818 593 1900 634 ἕκὸ

369 663 441 700 τοῦ
474 661 506 712 ᾧ
539 660 739 713 στοιχείου
777 659 823 698 τὸ
856 659 991 712 ὄνομα
1025 659 1206 713 ἄρχεται,
1238 659 1310 700 τὸν
1342 660 1535 714 γαμβρὸν
1566 661 1695 702 αὐτοῦ
1723 661 1866 702 Φιλιπ-

310 733 355 769 29
368 728 492 769 πικὸν
514 732 659 768 τοῦτον
681 728 787 780 ῴέτο
809 726 921 767 εἶναι.
983 727 1054 768 καὶ
1075 727 1126 781 ἧν
1149 729 1265 781 αὐτῷ
1289 728 1340 769 δι’
1364 729 1551 782 ὑποψίας
1578 730 1603 770 ὁ
1634 730 1867 784 ἄνθρωπος

369 797 439 837 καὶ
472 796 749 850 διομνύμενος
779 796 943 850 μήποτέ
972 812 1006 836 τι
1038 796 1143 837 κατὰ
1176 801 1277 838 νοῦν
1307 801 1493 838 τοιοῦτον
1524 797 1741 852 βαλέσθαι,
1787 799 1866 840 οὐκ

310 871 357 906 30
370 865 543 905 ἔπειθεν.
607 864 712 918 ὄναρ
747 864 792 905 δέ
822 880 922 905 ποτε
953 870 1014 918 τῷ
1044 866 1205 919 βασιλεῖ
1224 866 1384 907 θεαθὲν
1405 866 1478 920 τὴν
1499 866 1604 907 κατὰ
1626 871 1700 908 τοῦ
1723 867 1864 909 Φιλιπ-

252 939 283 973 Β
310 940 352 974 31
368 937 494 974 πικοῦ
527 933 668 974 ἔλυσεν
703 933 900 986 ὑποψίαν.
965 933 1010 974 τὸ
1037 931 1074 974 δ’
1099 934 1220 988 ὄναρ·
1254 934 1389 975 ἐδόκει
1420 934 1585 989 πλῆθος
1615 936 1865 990 παρεστάναι
1882 942 1927 976 10

367 1001 474 1042 πολὺ
506 1006 567 1054 τῷ
596 1001 766 1042 ἄνωθεν
789 1006 860 1056 τῆς
882 1001 1058 1057 Χαλκῆς
1079 1003 1213 1057 πύλης
1233 1007 1306 1044 τοῦ
1329 1008 1520 1058 σωτῆρος
1540 1003 1726 1058 Χριστοῦ
1748 1004 1864 1046 ε’κτυ-

309 1077 355 1112 32
368 1071 537 1124 πώματι
567 1070 638 1111 καὶ
670 1071 884 1125 καταβοᾶν
915 1075 988 1112 τοῦ
1020 1072 1238 1125 βασιλέως,
1272 1071 1423 1126 φωνὴν
1454 1069 1490 1112 δ’
1525 1073 1571 1113 ἐκ
1603 1077 1675 1127 τῆς
1705 1073 1867 1119 εἰκόνος

369 1139 573 1191 γενέσθαι,
604 1144 864 1193 παραστῆναι
886 1140 956 1180 καὶ
977 1139 1049 1180 τὸν
1072 1139 1324 1194 ΝΙαυρίκιον,
1357 1140 1428 1181 καὶ
1449 1139 1520 1181 τὸν
1551 1141 1697 1182 αὐτίκα
1727 1141 1863 1196 ἀχθῆ-

185 1214 352 1249 W11164
367 1222 433 1247 ναι
476 1207 547 1247 καὶ
591 1207 830 1260 ἐρωτᾶσθαι
868 1208 964 1249 ὅποι
1000 1209 1191 1262 βούλεται
1229 1209 1302 1263 τὴν
1341 1210 1488 1250 ἔκτισιν
1527 1209 1760 1251 ἀποδοῦναι
1790 1214 1863 1251 τοῦ

368 1275 640 1329 οἷνομ-ήματος
673 1274 723 1316 οὗ
755 1276 826 1316 καὶ
858 1277 914 1322 εἰς
944 1276 1041 1322 τοὺς
1065 1277 1359 1331 αἰχμαλώτους
1379 1278 1610 1332 εἰργάσατο,
1643 1279 1687 1320 ἐν
1706 1283 1769 1332 τῷ
1789 1283 1864 1320 νῦν
1878 1284 1924 1319 15

307 1352 353 1386 33
368 1344 488 1385 αἰῶνι
520 1346 544 1398 ἢ
584 1345 628 1385 ἓν
664 1349 725 1398 τῴ
762 1345 961 1399 μέλλοντι.
1023 1345 1094 1386 τὸν
1134 1346 1178 1386 δὲ·
1214 1346 1464 1387 “mama''
1500 1347 1642 1401 φάναι,
1687 1347 1861 1401 “φιλάν-

306 1420 354 1455 34
367 1412 520 1466 θρωπε
543 1413 722 1453 δέσποτα
733 1413 769 1453 ”.
831 1414 901 1454 καὶ
933 1414 1109 1455 ἀκοῦσαι
1132 1418 1282 1468 φωνῆς
1304 1415 1505 1469 λεγούσης
1526 1415 1767 1470 “παράὸοτε
1788 1415 1864 1459 οὖν

306 1489 352 1524 35
367 1479 494 1522 αὐτὸν
524 1486 710 1535 παγγενῆ
747 1481 884 1535 Φωκᾷ
917 1487 978 1536 τῷ
1016 1483 1289 1537 στρατιώτ,η”.
1353 1483 1605 1529 διυπνισθεὶς
1643 1484 1779 1526 τοίνυν
1816 1485 1863 1526 ἔκ

366 1631 388 1666 9
412 1631 492 1676 περὶ
517 1636 577 1666 τοῦ
603 1632 740 1676 ὀνείρου
769 1631 841 1676 CE,
882 1632 924 1667 οὗ
953 1633 1037 1674 (Sic)
1064 1633 1084 1667 ὁ
1107 1632 1272 1678 βασιλεὺς
1297 1633 1465 1668 ἐθεάσατο
1492 1634 1522 1668 Ε
1562 1633 1617 1679 (in
1643 1634 1674 1670 E
1700 1634 1777 1671 hoc
1803 1646 1863 1671 al·-

365 1682 605 1724 gumentum
632 1681 814 1725 sequitur
841 1680 1023 1725 alterum,
1051 1681 1160 1725 quod
1187 1691 1211 1715 a
1239 1681 1355 1716 nobis
1382 1681 1585 1717 adiectum
1610 1685 1671 1717 est
1697 1682 1750 1718 ad
1775 1693 1862 1719 ver-

365 1736 454 1762 sum
482 1727 538 1768 11)
706 1728 747 1762 11
777 1729 827 1762 ὅτι
853 1728 967 1763 ἐδέετο
993 1729 1013 1762 ὁ
1035 1728 1199 1773 βασιλεὺς
1226 1734 1286 1764 τοῦ
1312 1729 1399 1764 θεοῦ
1425 1729 1575 1765 ἐνταῦθα
1602 1730 1704 1769 δίκας
1729 1730 1860 1767 ἐκτῖσαι

367 1775 510 1819 (ἑκτίσαι
539 1774 612 1819 CE,
640 1786 677 1810 v.
705 1775 758 1810 ad
785 1787 820 1821 p.
850 1776 929 1819 194,
956 1776 991 1819 3)
1020 1775 1082 1811 OE

435 1916 457 1950 3
482 1921 533 1960 τῷ
551 1916 627 1960 θεῷ
647 1916 743 1962 Ewp
841 1916 973 1952 ἐκτῖσαι
993 1916 1039 1962 Α,
1066 1917 1197 1952 ἕκτίσαι
1218 1917 1327 1963 pr,
1355 1928 1391 1952 v.
1419 1927 1575 1963 argum.
1598 1918 1651 1953 ad
1669 1929 1705 1964 p.
1722 1918 1800 1963 194,
1818 1919 1859 1954 11

435 1964 457 1998 b*
479 1965 511 2009 ’ᾧ
530 1962 678 2009 Apr,
705 1964 746 2009 φὶ
764 1964 806 2009 Β,
833 1970 879 2009 φῖ
894 1963 981 2000 CDi
1079 1966 1099 2000 7
1119 1966 1207 1999 ὤετο
1226 1965 1312 2000 εἶναι
1330 1970 1450 2000 τοῦτον
1468 1965 1595 2011 1⁴](Wp)
1692 1966 1739 2001 10
1754 1980 1860 2012 παρε-

435 2017 552 2046 στᾶναι
580 2011 676 2057 Ewp
829 2012 873 2046 12
898 2013 958 2048 καὶ
986 2024 1060 2048 om.
1088 2013 1118 2047 Ε
1275 2018 1335 2048 τοῦ
1361 2013 1535 2058 βασιλέως
1559 2014 1738 2059 καταβοᾶν
1763 2014 1860 2060 Ewp

437 2059 481 2093 13
505 2060 714 2104 παρεστάναι
734 2060 829 2105 Ewp
928 2064 1018 2106 post
1042 2061 1233 2106 μαυρίκιον
1251 2061 1342 2096 add.
1361 2061 1572 2096 κελεύουσαν
1591 2061 1623 2096 Ο
1722 2061 1767 2096 14
1791 2063 1859 2108 ὅπη

435 2107 561 2152 E(wp)
662 2107 705 2142 15
730 2107 789 2143 καὶ
817 2118 891 2143 om.
912 2108 1008 2154 pr
1110 2109 1152 2143 16
1179 2114 1286 2154 φᾶναι
1307 2108 1434 2154 CEwp
1534 2109 1577 2144 17
1603 2114 1688 2154 γοῦν
1706 2109 1861 2156 EwpDi

303 2253 347 2288 27
363 2252 479 2287 brevi
505 2253 730 2298 periturum
757 2262 844 2287 esse
870 2253 1008 2298 gladio
1025 2253 1278 2288 exclamavit.
1329 2252 1547 2288 Mauricius
1573 2253 1698 2298 igitur
1711 2254 1859 2290 iniuria

363 2301 404 2336 in
431 2301 614 2346 captivos
640 2302 828 2345 reputata
856 2301 975 2336 deum
1006 2302 1148 2343 oravit,
1173 2304 1219 2335 ut
1245 2301 1285 2336 in
1311 2301 1386 2335 hae
1424 2300 1508 2335 vita
1541 2310 1694 2346 poenas
1733 2301 1783 2337 de
1815 2312 1858 2338 se

363 2351 550 2392 sumeret,
578 2351 616 2383 et
644 2357 975 2393 quoquoversum
999 2349 1104 2383 misit
1130 2349 1180 2383 ab
1209 2348 1394 2383 omnibus
1421 2351 1573 2393 petens„
1599 2351 1644 2383 ut
1669 2348 1711 2383 id
1736 2359 1761 2383 a
1781 2349 1856 2385 deo

303 2396 350 2431 28
363 2396 551 2442 precibus
589 2397 862 2441 impetrarent.
914 2395 1012 2431 Cum
1051 2399 1187 2431 autem
1220 2397 1328 2430 fama
1360 2401 1463 2430 esset
1494 2405 1774 2431 successurum
1809 2398 1856 2441 ei,

363 2443 478 2478 euius
492 2454 639 2479 nomen
654 2454 677 2478 a
691 2445 726 2490 ᾧ
740 2444 945 2488 inciperet,
965 2443 1229 2489 Philippicum
1245 2453 1442 2488 generum
1457 2453 1548 2478 eum
1563 2453 1650 2478 esse
1663 2447 1776 2479 ratus
1790 2444 1857 2480 ho-

303 2490 348 2526 29
362 2492 509 2526 minem
524 2494 755 2537 suspectum
772 2492 920 2526 habere
932 2491 1080 2536 coepit;
1096 2495 1218 2536 atque
1232 2491 1286 2525 illi
1301 2500 1352 2525 ne
1367 2490 1567 2525 deiuranti
1584 2490 1745 2535 quidem
1759 2492 1855 2527 nihil

302 2537 349 2573 30
362 2539 442 2573 tale
457 2539 530 2573 sibi
546 2549 727 2584 unquam
740 2540 782 2574 in
795 2543 970 2574 mentem
982 2539 1143 2573 venisse
1157 2538 1274 2573 fidem
1291 2538 1430 2572 habuit
1445 2538 1567 2583 prius,
1587 2548 1708 2583 quam
1722 2538 1856 2575 huius-

302 2586 346 2621 31
362 2586 470 2621 modi
488 2587 687 2622 somnium
706 2587 873 2622 videret.
924 2586 1100 2621 Putabat
1118 2586 1277 2621 turbam
1297 2586 1479 2621 insistere
1496 2596 1686 2631 magnam
1705 2587 1855 2632 effigiei

363 2632 506 2669 Christi
525 2635 744 2670 servatoris
762 2635 899 2678 nostri,
927 2643 1033 2679 quae
1051 2643 1174 2679 supra
1193 2643 1353 2668 aeream
1373 2635 1530 2678 portam
1551 2636 1621 2677 est,
1649 2636 1688 2668 et
1714 2638 1855 2670 eontra

302 2681 348 2716 32
362 2691 500 2726 regem
514 2682 742 2726 vociferari,
761 2682 974 2726 audirique
992 2691 1134 2716 vocem
1154 2691 1204 2716 ex
1223 2681 1400 2726 imagine
1417 2681 1691 2726 imperantem,
1710 2681 1854 2717 Mauri-

363 2729 448 2763 cius
466 2729 637 2773 adesset,
656 2740 831 2775 eumque
849 2730 980 2764 statim
996 2729 1215 2764 adductum
1230 2729 1379 2774 rogari,
1398 2735 1489 2764 utro
1506 2728 1591 2764 loeo
1607 2729 1797 2764 facinoris
1811 2730 1852 2765 in

363 2777 545 2821 captivos
576 2777 740 2812 admissi
773 2787 927 2823 poenas
961 2777 1059 2812 dare
1090 2776 1235 2820 mallet,
1268 2777 1308 2810 in
1342 2776 1416 2810 hae
1447 2776 1530 2811 vita
1556 2786 1609 2811 an
1634 2776 1676 2810 in
1702 2777 1851 2812 futura.

231 2822 288 2858 33.
301 2823 348 2858 34
362 2823 462 2858 Eum
490 2824 639 2859 dixisse
679 2825 757 2859 “In
784 2825 870 2869 hae,
901 2825 1076 2860 humane
1103 2823 1283 2860 domine”
1313 2827 1352 2858 et
1378 2823 1539 2859 audisse
1566 2833 1718 2867 vocem,
1745 2833 1851 2869 quae

301 2870 347 2906 35
363 2870 531 2907 diceret:
549 2871 746 2908 “Tradite
765 2883 863 2919 ergo
885 2883 975 2908 eum
995 2882 1084 2908 cum
1106 2872 1211 2907 omni
1232 2871 1383 2906 familia
1403 2871 1562 2907 Phoeae
1581 2871 1693 2906 militi
1703 2870 1732 2908 ³².
1775 2871 1851 2907 Ex·
