2054 3282
482 234 668 274 ARTZIS
694 234 956 274 DIREPTIO.
1005 234 1289 274 TVRCORVM
1314 234 1466 274 FVGA.
1651 235 1722 274 639

224 356 324 404 νοὺς
355 358 659 413 ἀντεχομένους
689 359 761 401 καὶ
789 358 1011 414 πολιορκίᾳ
1042 359 1174 414 ῥᾷστα
1198 358 1258 414 μὴ
1283 358 1484 407 ἀλωτούς,
1515 358 1616 413 πυρὶ
1637 362 1723 401 τῶν
1736 363 1814 399 PII
1821 363 1892 400 257
1899 362 1936 399 A

32 458 33 461 ¹
225 426 397 481 ἀνδρῶν
426 427 714 481 περιγενέσθαι
753 427 998 481 διέγνωκεν·
1044 428 1191 470 αὐτίκα
1229 427 1366 470 τοίνυν
1403 427 1563 482 ἀνῆπτο
1600 431 1722 469 τοῦτο

11 485 34 525 s
69 500 124 537 IV
145 501 213 537 173
225 494 298 537 καὶ
339 498 423 542 τοῖς
466 495 689 549 οἰκήμασιν
731 496 996 550 ὗπεβάλλετο.
1058 496 1121 542 ὡς
1165 493 1202 538 δ’
1244 496 1412 551 ἐξήφθη
1456 496 1724 551 πανταχόθεν
1737 502 1782 537 31

224 563 424 617 πυρκαϊά,
462 564 678 616 τρέπονται
707 564 787 619 μὲν
818 565 859 606 οἱ
888 565 1096 619 ἐγχώριοι,
1135 566 1176 606 οῖ
1206 564 1252 607 δὲ
1281 565 1494 620 βάρβαροι
1524 568 1724 619 κρατοῦσι

189 638 212 673 5
225 635 298 687 τῆς
318 632 612 686 κωμοπόλεως
632 632 703 674 καὶ
724 632 856 674 πολὺν
885 633 930 675 ἐν
961 634 1066 688 αὐτῇ
1097 633 1255 688 χρυσὸν
1286 633 1358 675 καὶ
1389 633 1514 675 ἄλλον
1545 633 1725 675 πλοῦτον

225 700 462 755 εὑρήκασιν,
494 701 595 747 ὅσος
624 701 684 756 μὴ
708 701 980 756 κατηνάλωτο
1000 707 1062 756 τῷ
1082 702 1196 756 πυρί.
1258 702 1450 744 ἐντεῦθεν
1471 700 1597 747 αὖθις
1618 701 1724 743 κατὰ
1738 707 1785 743 32

224 773 296 823 τῆς
322 767 563 824 Ῥωμαϊκῆς
594 769 821 823 ὡρμήκασι
851 773 1058 824 στρατιᾶς·
1094 770 1175 825 ἤδη
1210 770 1255 812 δὲ
1285 770 1357 812 καὶ
1387 774 1461 812 τοῦ
1492 770 1724 824 Λιπαρίτου

225 837 301 878 σὺν
339 841 424 883 τοῖς
450 837 612 892 Ἴβηρσι
649 840 1000 893 παραγεγονότος,
1043 839 1234 894 συμβολὴ
1275 842 1361 881 τῶν
1404 839 1725 894 στρατευμάτων

226 906 385 960 ἐγένετο
415 905 510 960 περὶ
540 906 756 960 βουλυτόν.
819 907 843 947 ὁ
864 907 942 961 μὲν
963 906 1041 948 οὗν
1059 907 1177 961 'Alista
1197 907 1268 948 καὶ
1290 907 1314 949 ὁ
1335 907 1592 962 Χοροσάνης
1624 907 1723 962 (ἔτε-
1738 914 1785 949 33

169 982 303 1029 1ορος
334 971 372 1016 δ’
406 972 529 1021 οὗτος
559 974 612 1030 ἦν
642 974 871 1030 στρατηγὸς
901 979 987 1017 τῶν
1017 974 1269 1030 βαρβάρων)
1302 975 1406 1030 μετὰ
1438 979 1523 1018 τῶν
1554 973 1624 1018 ὑπ’
1648 976 1724 1018 αὗ·-

226 1042 323 1090 τοὺς
342 1044 563 1097 τραπέντες
584 1043 792 1086 ἐνέκλιναν
814 1045 871 1091 εἰς
901 1045 1053 1099 φυγήν,
1085 1044 1157 1086 καὶ
1188 1048 1299 1098 σφᾶς
1330 1045 1370 1085 οἱ
1401 1045 1725 1099 ἀντιτεταγμένοι

221 1111 422 1166 Ῥωμαῖοι
462 1113 586 1167 μέχρι
622 1112 775 1167 πόρρω
812 1116 979 1154 νυκτῶν
1014 1113 1284 1154 κατεδίωκον.
1347 1113 1372 1154 ὁ
1412 1113 1458 1155 δὲ
1495 1113 1726 1168 Λιπαρίτης
1739 1120 1785 1155 34
1810 1119 1842 1154 B

226 1178 317 1222 κατ’
350 1180 451 1222 ἄλλο
482 1182 610 1235 κέρας
639 1181 884 1236 μαχόμενος
915 1181 1028 1224 ἑάλω
1058 1185 1143 1228 τοῖς
1174 1182 1382 1228 ἐναντίοις.
1446 1181 1508 1228 ὡς
1534 1181 1572 1223 δ’
1596 1182 1724 1223 ἕπαύ-
1738 1188 1785 1224 35

228 1264 353 1291 σαντο
382 1253 455 1304 τῆς
487 1249 676 1298 διώξεως
707 1250 748 1291 οῖ
767 1250 979 1305 Ῥωμαῖοι,
1010 1250 1082 1292 τὸν
1104 1250 1335 1305 Λιπαρίτην
1359 1251 1632 1304 προσέμενον,
1663 1250 1723 1305 μὴ

170 1325 214 1360 15
227 1317 380 1364 εἰδότες
411 1318 435 1359 ὃ
465 1318 560 1372 περὶ
591 1318 750 1360 ἐκεῖνον
780 1319 1061 1373 συμβέβηκεν.
1124 1319 1168 1360 ἓν
1198 1319 1388 1373 τοσούτῳ
1421 1319 1468 1360 δέ
1496 1335 1554 1365 τις
1586 1319 1726 1365 αὐτοῖς
1739 1326 1785 1361 36

228 1386 410 1441 ἀγγέλλει
440 1390 514 1428 τοῦ
539 1386 772 1441 Λιπαρίτου
803 1387 877 1442 τὴν
908 1387 1075 1436 ἅλωσιν,
1107 1387 1178 1429 καὶ
1210 1387 1269 1429 ὅτι
1300 1387 1497 1442 λαβόντες
1528 1387 1655 1429 αὐτὸν
1687 1388 1727 1429 οἶ

228 1455 387 1502 ἑλόντες
429 1455 571 1497 ἀπίασι
608 1455 684 1498 σὺν
722 1457 902 1511 σπουδῇ.
965 1457 1006 1498 οἶ
1034 1456 1113 1511 μὲν
1150 1454 1226 1497 οὖν
1252 1455 1452 1510 Ῥωμαῖοι
1483 1459 1609 1497 ταῦτα
1641 1471 1724 1510 μα-
1739 1463 1785 1499 37

227 1523 376 1570 θόντες
407 1523 451 1566 ἐν
476 1524 676 1578 ἀθυμίαις
697 1524 824 1580 ἦσαν·
859 1526 899 1566 οἱ
918 1525 1128 1580 βάρβαροι
1151 1523 1196 1565 δὲ
1217 1529 1279 1579 τῷ
1300 1524 1476 1566 σουλτὰν
1496 1523 1568 1566 τὸν
1589 1524 1724 1566 Λιπα-

230 1672 251 1708 7
287 1672 435 1717 πόλεμοι
474 1672 639 1718 (πόλεμος
670 1672 716 1715 E')
750 1673 940 1718 Ῥωμαίων
977 1672 1286 1718 συμμαχουμὲνων
1323 1673 1623 1718 (συμμαχομένων
1655 1671 1725 1716 Di)

221 1720 364 1766 Ἴβηρσι
388 1719 476 1765 πρὸς
501 1720 582 1759 τοὺς
612 1721 792 1765 Τούρκους
817 1721 1009 1766 (πρὸς-Τ.
1026 1731 1101 1756 om.
1117 1720 1174 1765 E),
1200 1720 1261 1755 καὶ
1286 1721 1417 1759 ἅλωσις
1442 1725 1503 1756 τοῦ
1529 1721 1725 1766 Λιπαρίτου

229 1772 291 1803 τοῦ
316 1770 408 1811 (om.
435 1766 480 1813 C)
505 1768 675 1813 ἄρχοντος
699 1773 770 1804 τῶν
792 1769 947 1815 Ἰβήρων
973 1767 1036 1805 ΟΕ

304 1910 321 1943 1
350 1908 706 1954 ἀντικαθισταμένους
731 1909 795 1946 BC
894 1913 985 1956 post
1010 1909 1070 1945 καὶ
1096 1909 1187 1945 add.
1214 1914 1255 1955 τῆ
1280 1908 1344 1945 BC
1439 1909 1462 1945 3
1488 1909 1663 1944 πάντοθεν
1690 1908 1725 1943 D

243 2001 246 2004 ἢ
302 1957 325 1991 5
351 1962 411 2003 τῆς
435 1958 677 2002 κωμοπόλεως
703 1957 913 2004 ARwap‚
939 1957 1058 1993 αὐτῶν
1083 1957 1146 1993 BC
1313 1958 1335 1991 6
1364 1957 1590 1992 κατανάλωτο
1618 1957 1725 2003 Ewp,

302 2005 542 2050 κατηνάλωται
570 2005 601 2040 Β
711 2011 760 2050 τῷ
788 2016 863 2041 om.
891 2005 1046 2051 EwpDi
1143 2005 1175 2040 6.
1191 2005 1211 2040 7
1238 2005 1343 2043 αὖθις
1369 2008 1459 2050 post
1484 2005 1668 2050 ῥωμαΐκῆς
1695 2004 1725 2039 Β

302 2052 325 2088 9
350 2053 531 2088 Βουλυτόν
556 2053 640 2088 “ad
659 2053 880 2098 Buiytum”
906 2064 942 2099 p,
967 2054 1139 2099 βουλυτόν
1164 2053 1272 2088 “sub
1293 2063 1506 2098 vesperam
1518 2052 1538 2064 '’
1563 2053 1628 2088 Wo
1649 2053 1726 2094 lat„

304 2101 353 2135 cf.
368 2099 483 2136 Cedr.
502 2101 524 2136 l.
540 2111 572 2136 c.
588 2111 625 2147 p.
639 2101 720 2145 579,
740 2103 761 2136 9
858 2100 956 2146 ἀλεὶμ
972 2100 1006 2135 D
1105 2102 1358 2145 Χωροσανίτης
1385 2100 1616 2145 (χωροσάντις
1637 2100 1726 2135 cod.

303 2148 435 2191 Coisl.)
461 2148 576 2184 Cedr.
602 2149 624 2184 Ι.
652 2159 684 2184 c.
712 2160 748 2195 p.
762 2149 844 2193 579,
860 2149 906 2184 10
1002 2149 1044 2183 11
1072 2149 1210 2183 ἔκλιναν
1236 2148 1271 2183 D
1368 2148 1599 2194 ἀντιταγμέιόι
1627 2147 1662 2182 D

304 2196 350 2232 18
374 2201 424 2241 τῷ
449 2195 596 2232 σουλτὰν
622 2194 789 2242 prDi,
816 2195 874 2232 τὸν
898 2196 1046 2232 σουλτᾶν
1070 2196 1116 2241 A,
1145 2207 1182 2231 v.
1209 2195 1261 2231 ad
1287 2195 1399 2231 XVII
1425 2196 1482 2240 25,
1507 2196 1551 2231 21
1623 2207 1627 2212 ’

232 2339 328 2384 dux,
354 2338 552 2376 Artzenos
578 2340 793 2376 fortissime
819 2350 862 2375 se
889 2339 1109 2375 defendere
1135 2350 1211 2374 nec,
1230 2339 1442 2375 obsidione
1467 2339 1585 2374 facile
1608 2350 1726 2386 posse

232 2389 320 2434 capi
339 2388 614 2432 intellexisset,
641 2389 724 2434 igni
746 2398 815 2423 eos
834 2398 1028 2433 superare
1047 2387 1234 2432 instituit3
1263 2397 1342 2432 quo
1370 2387 1540 2422 aedibus
1567 2388 1725 2431 iniecto,

232 2445 322 2471 cum
341 2436 570 2471 incendium
590 2436 772 2481 undique
789 2436 976 2479 saeviret,
1004 2435 1160 2470 civibus
1179 2436 1216 2469 in
1238 2439 1376 2479 lugam
1398 2435 1534 2478 versis,
1563 2435 1783 2471 barban-im

233 2482 382 2529 oppido
417 2485 531 2529 potiti
566 2484 734 2519 muitum
769 2485 857 2519 auri
894 2488 933 2518 et
968 2483 1138 2518 alim-um
1175 2492 1294 2528 opum
1329 2483 1584 2526 invenerunt,
1624 2493 1726 2528 quas

232 2531 393 2566 flamma
425 2541 506 2566 non
537 2532 830 2577 absumpserat.
882 2530 979 2566 Inde
1011 2531 1154 2565 iterum
1188 2536 1329 2565 contra
1356 2529 1579 2566 Romanum
1613 2531 1785 2567 exer-32

233 2579 355 2614 citum
382 2583 669 2625 properarunt3
708 2589 797 2614 cum
825 2582 959 2613 autem
990 2577 1191 2624 Liparites
1218 2588 1306 2613 cum
1340 2578 1524 2613 iberibus
1554 2579 1633 2613 iam
1659 2579 1726 2613 ad-

233 2630 348 2670 esset,
383 2627 459 2662 sub
497 2637 708 2672 vesperam
748 2627 958 2662 commisso
998 2625 1161 2671 proelio,
1200 2625 1355 2661 Alimus
1392 2630 1432 2660 et
1462 2625 1785 2670 chorosanes,33

232 2674 333 2709 aiter
360 2674 625 2710 barbarorum
655 2675 749 2718 dux,
777 2684 866 2709 cuin
886 2675 969 2709 suis
994 2673 1180 2709 conversi
1209 2674 1414 2719 sugerunt,
1440 2673 1631 2708 Romanis
1657 2684 1726 2709 eos

233 2722 272 2756 in
310 2722 476 2758 multam
514 2728 671 2758 noctem
712 2722 945 2768 persecutis.
997 2720 1196 2766 Liparites
1235 2731 1331 2755 vero
1365 2721 1405 2755 in
1437 2722 1564 2756 aitero
1599 2721 1785 2757 cornu-‘34

233 2779 423 2815 pugnans
449 2770 501 2805 ab
527 2769 709 2806 hostibus
735 2774 877 2815 (eaptus
904 2774 1005 2813 (ax-5113
1044 2779 1161 2813 quem
1198 2768 1291 2803 dum
1318 2768 1484 2803 Romani
1519 2769 1558 2803 in
1593 2769 1785 2804 eneti-affl)

233 2818 385 2852 reversi
413 2817 482 2852 diu
509 2821 748 2863 exspectant
774 2827 892 2851 casus
911 2817 1015 2851 iilius
1035 2817 1179 2861 ignari,
1207 2816 1370 2861 quidam
1389 2817 1548 2851 nuntiat
1562 2821 1723 2862 captum
1738 2817 1784 2851 363

234 2874 326 2899 eum
364 2865 417 2899 ab
451 2865 632 2901 hostibus
669 2866 908 2900 festinanter
946 2864 1104 2899 abduci.
1156 2865 1243 2906 Quo
1283 2865 1446 2908 cognito
1479 2863 1646 2899 Romani
1684 2864 1784 2901 in37

234 2921 417 2948 maerore
443 2917 570 2958 orant,
597 2913 759 2948 barbari
789 2922 885 2947 vero
913 2911 1119 2958 Lipariten
1140 2911 1191 2946 nd
1210 2911 1412 2947 sultanum
1434 2912 1726 2958 perduxerunt.
