2066 3230
349 234 420 270 710
717 232 897 270 ZONAR.
925 233 1056 268 EPIT.
1082 231 1213 268 XVIII
1242 233 1296 278 16,
1324 233 1475 269 15-29.

305 355 573 409 Βγρήῦησαν
616 355 746 408 ἕτεροι
788 353 859 396 καὶ
898 352 1023 399 αὐτὸς
1061 353 1084 394 ὁ
1122 354 1394 409 στρατάρχης,
1440 354 1512 396 καὶ
1551 355 1779 409 διήρπαστο
1816 355 1842 410 ἡ

294 426 339 461 16
351 423 610 478 παρεμβολή.
673 423 696 464 ὁ
716 422 794 477 μὲν
816 421 892 464 οὖν
912 421 1139 476 Κομνηνὸς
1169 422 1338 464 πολλῶν
1369 423 1598 477 χρημάτων
1627 422 1702 478 τὴν
1732 423 1844 465 ἐλευ-

352 491 500 545 θερίαν
544 492 750 546 ὠνήσατο,
795 491 819 532 ὁ
860 491 905 532 δὲ
947 490 1139 545 βασιλεὺς
1177 490 1248 532 τὸν
1287 492 1405 532 θεῖον
1443 491 1514 533 τὸν
1552 491 1745 546 Καίσαρα
1784 497 1847 546 τῷ

295 562 340 598 17
353 559 528 614 πολέμῳ
560 559 820 613 στρατάρχην
853 559 1049 614 ἐφίστησι.
1111 563 1233 601 τοῦτο
1263 559 1422 614 μαθὼν
1444 560 1468 601 ὁ
1489 560 1730 609 Ῥουσέλιος,
1761 560 1846 615 πρὸ

353 632 427 670 τοῦ
470 627 542 669 τὸν
578 628 818 682 Σαγγάριον
860 627 931 670 τὸν
969 628 1165 682 Καίσαρα
1213 629 1405 683 διαβῆναι
1443 629 1709 684 καταλαβών,
1753 629 1883 671 ἀντ-5

297 699 342 735 18
354 696 757 751 εστρατοπεδεύσατο
788 697 921 750 αὐτῷ·
969 696 1039 738 καὶ
1079 697 1102 737 ὁ
1136 696 1300 751 Καῖσαρ
1346 697 1573 751 ἀμνηστίαν
1616 698 1733 752 αὐτῷ
1774 701 1848 740 τοῦ

83 768 279 815 ἏἿΙΙ228
299 768 342 803 19
355 765 610 819 πταίσματος
637 764 916 819 ἐπηγγέλλετο,
949 765 987 806 εἷ
1003 765 1299 820 προσχωρήσει
1320 771 1381 819 τῷ
1402 766 1571 820 βασιλεῖ.
1634 763 1720 807 ἀλλ’
1744 766 1848 808 ἐκεῖ·

297 836 344 871 20
356 849 428 879 νος
458 834 735 888 βαρβαρικῶς
765 833 1079 887 φρυαττόμενος
1112 834 1235 875 οὐδὲν
1267 834 1435 888 ἐφρόνει
1457 834 1687 888 ἐνδόσιμον.
1749 851 1848 888 συρ-

356 902 554 956 ρήγνυται
583 902 719 943 τοίνυν
749 902 944 956 πόλεμος,
984 902 1055 943 καὶ
1087 903 1327 957 ἡττήθησαν
1359 904 1398 944 οἱ
1428 903 1522 956 περὶ
1552 903 1623 945 τὸν
1654 903 1850 958 Καίσαρα

359 970 431 1012 καὶ
461 970 587 1017 αὐτὸς
618 970 729 1012 ἑάλω
762 970 838 1012 σὺν
867 971 1047 1012 πλείοσιν
1078 971 1229 1025 ἄλλοις,
1260 975 1333 1013 τοῦ
1355 971 1646 1020 Βοτανειάτου,
1679 973 1726 1018 ὃς
1753 987 1850 1014 συν-
1867 974 1913 1009 10

299 1041 343 1076 21
359 1039 595 1093 εστρατήγει
625 1043 687 1093 τῷ
707 1039 902 1092 Καίσαρι,
933 1036 1020 1093 μετ’
1055 1039 1207 1093 ὀλίγων
1238 1039 1455 1094 φυγόντος.
1518 1040 1543 1081 ὁ
1573 1041 1713 1094 μέντοι
1735 1040 1851 1082 Ῥου-

360 1107 492 1153 σέλιος
522 1105 631 1161 πρὸς
661 1106 707 1149 τὸ
737 1107 970 1156 Βυζάντιον
1001 1109 1081 1149 ἵετο
1114 1109 1231 1162 ἄγων
1261 1107 1333 1150 τὸν
1354 1108 1550 1162 Καίσαρα
1584 1109 1753 1163 δέσμιον
1783 1109 1854 1151 καὶ

317 1174 431 1217 Οτόν
466 1175 671 1230 Μαλέσην
708 1176 940 1230 Βασίλειον,
986 1177 1075 1231 ἄρτι
1118 1181 1190 1232 τῆς
1226 1176 1329 1231 μετὰ
1367 1181 1440 1219 τοῦ
1479 1176 1702 1231 Διογένους
1737 1178 1852 1220 λελυ-

359 1245 489 1298 μένον
520 1244 819 1298 αῖχμαλωσίας,
852 1244 923 1286 καὶ
944 1246 969 1299 ἡ
992 1245 1263 1300 Χρυσόπολις
1293 1245 1374 1300 εἶχε
1405 1245 1475 1287 τὸν
1506 1246 1752 1301 ἀποστάτην,
1783 1245 1854 1288 καὶ

302 1316 349 1352 22
362 1313 509 1354 αὐτίκα
540 1316 625 1367 πῦρ
656 1317 744 1359 ταῖς
775 1314 904 1355 ἐκεῖσε
936 1314 1083 1360 οἰκίαις
1115 1315 1271 1369 ἐνῆκεν.
1334 1314 1358 1355 ὁ
1390 1313 1434 1356 δὲ
1465 1314 1656 1369 βασιλεὺς
1687 1315 1854 1369 ἀξίωμά
1872 1316 1916 1352 15

361 1398 404 1423 τε
446 1382 768 1436 κουροπαλάτου
813 1382 929 1436 αὐτῷ
973 1383 1253 1437 ἐπηγγέλλετο,
1299 1383 1337 1424 εἴ
1371 1382 1419 1423 τὰ
1464 1383 1571 1424 ὅπλα
1615 1383 1855 1438 κατάθοιτο,

363 1449 435 1492 καὶ
471 1449 545 1504 τὴν
583 1454 758 1505 γυναῖκα
798 1451 915 1504 αὐτῷ
950 1450 1054 1505 μετὰ
1090 1454 1175 1492 τῶν
1211 1452 1371 1493 τέκνων
1415 1452 1666 1506 ἐξέπεμψεν·
1712 1449 1799 1494 ἀλλ’
1832 1452 1857 1494 ὃ

305 1523 351 1559 23
363 1518 583 1574 βάρβαρος
614 1518 839 1566 ἀτίθασσος
869 1518 935 1574 ἡν.
996 1520 1291 1574 μετεπέμψατο
1321 1520 1458 1562 τοίνυν
1485 1520 1509 1562 ὁ
1529 1518 1720 1575 βασιλεὺς
1750 1520 1856 1563 κατὰ

364 1635 387 1671 2
413 1637 463 1671 ὅτι
489 1636 511 1670 ὅ
532 1637 672 1682 Καῖσαρ
705 1636 836 1676 σταλεὶς
866 1636 956 1672 κατὰ
987 1642 1047 1673 τοῦ
1069 1638 1267 1672 Ῥουσελίου
1295 1637 1397 1682 (κατὰ
1418 1639 1467 1673 Ῥ.
1493 1637 1624 1677 σταλεὶς
1649 1638 1695 1680 Ε)
1721 1638 1856 1684 ἡττήθη

364 1683 424 1719 καὶ
449 1683 540 1719 ἑάλω
568 1683 631 1720 ΟΕ
773 1685 818 1720 18
843 1686 894 1719 ὅτι
919 1686 940 1719 ὁ
962 1684 1124 1730 βασιλεὺς
1152 1686 1331 1730 Τούρκους
1356 1685 1445 1721 κατὰ
1470 1691 1530 1721 τοῦ
1551 1686 1751 1721 *Ρουσελίου
1775 1699 1857 1730 μετ-

364 1731 558 1777 επέμψατο,
585 1732 606 1766 ὅ
622 1731 667 1767 δὲ.
676 1732 784 1771 λύσας
805 1731 862 1767 τὸν
878 1733 1040 1778 Καίσαρα
1063 1733 1208 1779 βασιλέα
1233 1733 1366 1768 ἀνεῖπε·
1393 1733 1453 1768 καὶ
1471 1735 1645 1778 συμμίξας
1661 1739 1731 1772 τοῖς
1749 1734 1857 1778 Τοὺρ-

365 1793 440 1819 κοις
465 1779 688 1824 αἰχμάλωτος
712 1780 772 1815 καὶ
798 1779 900 1819 αὐτὸς
925 1781 985 1816 καὶ
1010 1782 1030 1815 ὁ
1054 1781 1192 1826 Καῖσαρ
1219 1780 1359 1826 (καίσαρ
1387 1780 1463 1824 ΟΕ)
1489 1782 1699 1827 ἐλήφθησαν
1724 1780 1786 1818 ΟΕ

437 1887 460 1922 3
485 1885 544 1922 τὸν
568 1887 668 1922 &stov
692 1886 751 1922 τὸν
775 1887 950 1932 Καίσαρα]
978 1889 1130 1932 καίσαρα
1156 1887 1213 1923 τὸν
1238 1889 1337 1924 θεῖον
1362 1888 1393 1923 Β
1509 1889 1530 1924 6
1556 1889 1683 1933 καίσαρ
1709 1887 1856 1934 Apr,

436 1940 564 1979 καῖσαρ
591 1932 700 1969 BSDi
820 1935 1010 1980 ἀμνηστίαν
1038 1946 1113 1971 0111.
1141 1935 1180 1980 C,
1208 1937 1337 1982 suppl.
1366 1936 1428 1975 Cw
1547 1937 1567 1971 7
1595 1939 1686 1982 post
1710 1937 1742 1971 εἶ
1765 1936 1856 1972 add.

433 1981 474 2018 τὰ
491 1983 580 2017 ὅπλα
596 1982 788 2017 κατάθοιτο
805 1983 866 2018 καὶ
884 1982 988 2019 CWO
1007 1983 1085 2025 lat„
1105 1994 1142 2018 V.
1161 1983 1213 2018 ad
1234 1994 1290 2019 VS.
1307 1985 1351 2020 16
1367 1995 1395 2019 S.
1482 1984 1504 2019 8
1522 1985 1754 2029 συρρύγνηται
1771 1983 1856 2029 W*p

436 2030 572 2065 invitis
597 2028 669 2065 AR
775 2031 820 2065 10
844 2031 936 2065 ἑάλω
964 2030 1036 2074 Cw,
1062 2031 1197 2076 ἡττήθη
1225 2031 1254 2067 C
1361 2032 1405 2066 12
1431 2033 1500 2066 ἴετο
1525 2032 1622 2077 Bwp
1727 2031 1772 2067 13
1793 2032 1857 2075 μά-

436 2078 541 2123 λεσῆν
568 2076 653 2120 (Sic)
680 2076 716 2111 D
813 2078 989 2123 βασιλεῒον
1007 2078 1042 2112 D
1139 2079 1346 2123 λελυμένους
1371 2079 1407 2114 D
1506 2079 1550 2115 15
1576 2080 1597 2113 ὁ
1620 2078 1671 2124 δὲ]
1697 2079 1758 2114 καὶ
1783 2079 1804 2113 ὅ
1828 2078 1857 2115 C

438 2125 483 2160 16
507 2125 776 2170 κουροπαλάτου
801 2124 970 2171 prDi‚
997 2126 1265 2171 κουροπαλάτην
1291 2126 1327 2161 Α
1470 2126 1511 2162 τὰ
1540 2127 1626 2162 ὅπλα
1652 2125 1855 2171 κατάθοιτο]

437 2172 606 2218 ἀποσταίη
633 2178 694 2218 τῆς
718 2173 884 2212 ἀπονοίας
909 2173 970 2209 καὶ
994 2178 1055 2209 τοῦ
1081 2173 1284 2210 ἀποστατεῖν
1311 2174 1339 2211 C
1438 2175 1482 2210 17
1507 2174 1614 2210 αὐτοῦ
1629 2172 1857 2220 BDEwpDi

437 2220 483 2256 18
507 2220 673 2260 ἀτίθασος
699 2219 856 2266 EwpDi

364 2328 492 2373 captis
510 2327 608 2373 aliis,
632 2328 773 2363 castris
792 2327 958 2374 direptis
976 2328 1063 2374 ipse
1082 2338 1244 2374 quoque
1263 2327 1347 2363 dux
1365 2328 1407 2362 in
1425 2328 1598 2363 hostium
1615 2331 1856 2374 potestatem

305 2375 350 2411 16
363 2375 485 2420 venit,
520 2386 545 2410 a
571 2375 718 2420 quibus
743 2386 895 2420 magna
920 2376 1094 2422 pecunia
1119 2386 1162 2411 se
1187 2375 1373 2420 redemit;
1413 2385 1486 2411 rex
1517 2386 1613 2411 vero
1641 2375 1856 2412 Caesarem

305 2423 349 2459 17
362 2425 554 2468 patruum
581 2422 686 2458 bello
713 2424 919 2469 praefecit.
971 2423 1058 2465 Quo
1085 2423 1273 2459 Ruselius
1300 2423 1476 2468 cognito,
1506 2422 1716 2469 Sangario,
1748 2427 1856 2460 ante—

304 2471 350 2506 18
364 2480 485 2515 quam
510 2470 576 2506 ille
601 2471 800 2516 traiceret,
828 2474 1025 2516 occupato
1054 2474 1186 2506 castra
1213 2473 1353 2506 contra
1379 2481 1471 2506 eum
1489 2471 1594 2506 locat
1613 2474 1651 2506 et
1671 2472 1856 2516 quamvis

304 2518 349 2553 19
362 2517 429 2553 illo
455 2518 618 2553 veniam
645 2518 778 2553 delicti
803 2519 1072 2564 promittente,
1100 2519 1132 2554 si
1151 2518 1203 2553 ad
1220 2528 1359 2564 regem
1378 2518 1536 2562 rediret,
1563 2518 1750 2554 Ruselius
1767 2519 1856 2554 bar-

302 2565 350 2601 20
363 2565 452 2600 bari
477 2565 693 2601 insolentia
720 2565 770 2601 de
797 2565 1002 2601 deditione
1026 2567 1189 2602 minime
1215 2566 1411 2611 cogitans,
1428 2565 1597 2610 >proelio
1634 2567 1856 2610 commisso,

302 2613 346 2648 21
363 2611 576 2648 Caesarem
603 2614 729 2648 vincit
755 2615 794 2648 et
818 2623 908 2648 cum
928 2613 1111 2659 pluribus
1131 2613 1218 2649 aliis
1238 2617 1398 2658 captum
1418 2617 1456 2648 et
1474 2613 1665 2657 vinctum,
1691 2623 1856 2659 unaque

361 2659 554 2695 Basilium
582 2659 783 2705 Malesam‚
822 2661 958 2706 paullo
994 2663 1089 2696 ante
1129 2671 1221 2696 cum
1246 2661 1432 2706 Diogene
1467 2671 1518 2696 ex
1553 2661 1787 2705 captivitate
1815 2662 1858 2696 li-

362 2708 558 2752 beratum,
597 2707 839 2753 Byzantium
879 2718 1022 2744 versus
1060 2709 1262 2754 perduxit,
1301 2708 1516 2743 Botaniata
1553 2707 1738 2744 Caesaris
1782 2708 1856 2744 col-

361 2755 455 2801 lega
481 2765 571 2790 cum
598 2756 739 2800 paucis
766 2756 914 2802 elapso,
946 2766 994 2791 ac
1020 2755 1299 2801 Chrysopolim
1325 2765 1367 2791 se
1393 2756 1546 2800 recipit,
1572 2756 1644 2790 ubi
1671 2755 1856 2791 domibus

301 2803 349 2839 22
362 2804 496 2839 statim
521 2803 658 2848 ignem
684 2803 806 2838 inicit.
856 2803 997 2849 Neque
1028 2803 1146 2839 homo
1182 2804 1392 2847 barbarus,
1433 2813 1523 2843 011111
1555 2813 1640 2846 rex,
1679 2803 1712 2838 si
1744 2813 1857 2838 arma

363 2850 595 2896 deponeret,
635 2850 898 2895 curopalatae
932 2851 1126 2886 honorem
1160 2852 1196 2886 ei
1233 2851 1395 2887 offerret
1419 2860 1673 2895 uxoremque
1699 2860 1789 2885 cum
1815 2850 1855 2884 li-

301 2897 347 2932 23
362 2899 469 2934 beris
495 2898 676 2943 misisset,
709 2898 789 2934 ulla
822 2908 867 2934 re
894 2902 953 2934 cst
979 2899 1198 2944 mitigatus.
1249 2898 1391 2944 Itaque
1418 2898 1560 2933 Turcis
1586 2898 1772 2934 mercede
1798 2908 1855 2933 re-
