2054 3282
439 254 593 299 REGIS
618 252 882 298 CASTITAS.
932 251 1168 295 LAZARVS
1194 250 1488 294 MONACHVS.
1644 252 1715 292 365

214 384 288 431 τὰς
316 388 458 439 χεῖρας
489 384 621 437 ιὶγίων
652 382 830 425 εἰκόνων
861 381 1003 423 ε’δίὸου
1035 384 1231 436 γραφαῖς,
1269 378 1424 421 πέταλα
1457 378 1480 419 ὁ
1512 377 1716 431 τύραννος

215 453 429 496 ἐκέλευσεν
469 451 774 504 ἐκπυρωθέντα
811 450 982 504 σιδήρεα
1022 454 1108 496 τοῖς
1137 453 1211 490 τοῦ
1244 447 1447 501 Λαζάρου
1479 447 1715 501 ἐπιτεθῆναι

215 525 408 575 καρποῖς,
441 521 505 562 ἵνα
536 519 596 574 μὴ
628 518 725 565 τοὺς
751 518 909 564 πόνους
930 522 1015 559 τῶν
1036 520 1217 572 καρπῶν
1238 517 1368 558 αὐτοῦ
1390 516 1431 557 οἱ
1450 515 1716 569 εὐσεβοῦντες
1730 519 1759 556 C

216 591 349 645 ἔχοιεν
373 591 636 643 προσκυνεῖν.
699 587 723 627 ὁ
754 587 832 641 μὲν
863 585 940 628 οὗν
972 587 1123 641 ὑπέστη
1155 585 1307 640 ταύτην
1337 583 1443 637 ὑπὲρ
1474 586 1560 625 τῶν
1591 583 1714 637 σεβα-
1729 590 1752 625 8

180 665 204 701 5
218 661 329 700 στῶν
350 658 527 699 εἰκόνων
547 657 622 711 τὴν
642 655 830 708 κόλασιν,
862 655 1054 709 ἐψεύσθη
1079 654 1124 696 δὲ
1145 657 1230 696 τῶν
1251 653 1432 695 ἐλπίδων
1453 652 1478 694 ὁ
1499 652 1715 706 τύραννος.

217 727 372 781 λέγεται
403 725 483 780 γὰρ
514 724 616 779 μετὰ
648 724 722 778 τὴν
753 724 924 765 κόλασιν
955 727 1027 778 τῆς
1058 723 1221 777 εἱρκτῆς
1252 720 1474 776 ἐκβληθεὶς
1505 721 1529 762 ὁ
1561 720 1752 775 ὁμολο-9

218 794 344 850 γητὴς
375 794 545 846 ἐκεῖνος,
578 794 632 835 ἔτι
662 792 736 839 τὰς
765 792 927 847 πληγὰς
958 792 1106 846 φέρων
1137 792 1181 832 ἐν
1211 794 1299 837 ταῖς
1329 791 1458 845 χερσί,
1495 794 1567 845 τῆς
1597 789 1718 836 θείας

217 863 384 919 χάριτος
415 862 786 917 συνεφαπτομένης
817 861 934 914 αι”τῷ
960 859 1126 906 εἰκόνας
1148 859 1397 914 ὃιαχαράξαι
1418 858 1581 912 σεπτάς,
1613 857 1716 912 μετὰ
1733 866 1778 902 10

219 932 265 974 δὲ
294 931 368 986 τὴν
399 935 472 972 τοῦ
504 931 710 984 τυράννου
742 929 965 971 κατάλυσιν
995 928 1041 969 τὸ
1074 929 1118 970 ἒν
1148 932 1197 983 τῇ
1229 927 1382 982 Χαλκῇ
1415 931 1488 968 τοῦ
1525 931 1718 982 σωτῆρος

30 1002 40 1032 f
62 999 448 1053 111409ἒκτύπωμα
487 998 662 1053 γράψαι,
706 997 777 1039 καὶ
815 997 904 1039 οἷον
941 997 1030 1050 ἄρτι
1070 996 1227 1050 ὁρᾶται,
1271 995 1561 1050 ἄναστηλῶσαι
1601 995 1716 1049 αὐτό,

31 1070 33 1072 ’
218 1072 291 1123 τῆς
320 1067 472 1122 πρῴην
504 1068 633 1121 οὔσης
654 1067 772 1113 θείας
793 1066 956 1112 εἰκόνος
978 1066 1066 1107 ε’κεῖ
1081 1065 1208 1106 πάλαι
1230 1065 1543 1119 ἆποξεσθείσης.
1596 1062 1718 1111 οὗτος
1733 1073 1775 1108 11

218 1137 289 1178 καὶ
319 1136 415 1182 τοὺς
447 1135 737 1189 (ιῦταὸἑλφους
768 1135 903 1189 ἄμφω
935 1134 1007 1176 καὶ
1038 1133 1301 1189 ὄμολογητὰς
1330 1132 1402 1174 τὸν
1424 1132 1624 1188 Θεοφάνη
1647 1133 1718 1174 καὶ

218 1204 291 1246 τὸν
321 1205 566 1258 Θεόδωρον,
599 1204 842 1258 ἐλέγξαντας
871 1202 946 1257 τὴν
978 1203 1138 1244 ἐκείνου
1172 1202 1414 1256 δυσσέβειαν
1445 1202 1493 1243 ἐκ
1524 1202 1769 1256 χρήσεωνΙ)

218 1276 496 1328 προφητικῶν
526 1288 568 1312 τε
597 1272 669 1313 καὶ
701 1275 936 1326 γραφικῶν,
979 1275 1151 1325 πρῶτον
1188 1270 1267 1325 μὲν
1306 1270 1511 1325 σφοδρῶς
1547 1270 1718 1324 κατῃκί-

162 1351 206 1388 15
220 1357 333 1390 σατο,
377 1341 459 1382 εἶτα
503 1341 574 1382 καὶ
618 1340 690 1387 τὰς
733 1341 853 1395 ὄψεις
891 1340 1032 1381 αὐτῶν
1069 1340 1276 1388 κατέστιξε
1315 1339 1387 1382 καὶ
1416 1343 1504 1385 ταῖς
1534 1342 1720 1393 στιγμαῖς

218 1410 351 1466 μέλαν
382 1410 536 1464 ἔπέχεε,
577 1409 804 1464 γράμματα
836 1405 874 1451 ‹5'
907 1409 1087 1451 ἒτύπουν
1116 1407 1166 1451 τὰ
1199 1409 1413 1465 στίγματα·
1458 1406 1506 1449 τὰ
1540 1405 1577 1450 δ’
1611 1406 1719 1463 ἦσαν
1733 1416 1779 1453 12

220 1479 364 1534 ἴαμβοι
395 1476 527 1520 οὗτοι·

220 1602 467 1687 11κπερ3ὶΕτῶν
492 1602 720 1686 ἆέιολοέητῶν
745 1601 978 1648 αὖταδέλφων
999 1601 1206 1647 Θεοφάνους
1233 1600 1293 1638 καὶ
1322 1600 1516 1647 Θεοδώρου
1542 1604 1612 1637 τῶν
1637 1612 1718 1648 γρα·

218 1665 316 1686 πτων
500 1663 565 1696 ορα

290 1770 313 1806 2
338 1774 432 1806 ante
458 1775 527 1810 τοῖς
553 1770 644 1806 add.
670 1770 707 1806 ἕν
733 1769 768 1805 D
865 1769 890 1806 4
913 1770 934 1805 ὁ
947 1769 1012 1815 μὲν
1032 1796 1040 1805 .
1053 1796 1062 1805 .
1079 1769 1208 1816 ὑπέστη
1228 1790 1271 1796 -—
1290 1770 1313 1806 5
1338 1769 1501 1815 ἐψεύσθη
1520 1767 1560 1805 δὲ
1576 1795 1585 1805 .
1600 1795 1608 1804 .
1626 1767 1648 1804 ὅ
1663 1768 1718 1804 τύ·

290 1818 426 1863 ραννος]
454 1817 515 1854 De
541 1818 718 1854 chiasmo
746 1828 784 1853 v.
810 1818 863 1853 ad
889 1817 984 1853 XIII
1011 1818 1044 1861 2,
1071 1818 1094 1853 6
1214 1819 1237 1854 5
1261 1819 1425 1864 ἐψεύσθη
1454 1837 1495 1842 -
1523 1818 1546 1852 6
1571 1817 1717 1852 κόλασιν

291 1877 367 1901 om.
395 1866 440 1910 D,
468 1866 597 1912 suppl.
626 1865 693 1904 Dw
812 1866 835 1901 6
861 1870 955 1901 ante
980 1865 1046 1911 γὰρ
1074 1865 1166 1902 add.
1191 1866 1256 1912 μὲν
1282 1865 1449 1912 Ewap
1572 1866 1593 1901 7
1618 1864 1717 1910 χερσὶ

290 1912 458 1960 prDi,
484 1914 604 1959 χερσῖν
629 1914 674 1958 Α,
703 1924 739 1949 v.
766 1914 818 1949 ad
845 1913 939 1949 XIII
969 1916 1000 1957 1,
1026 1914 1049 1947 5
1202 1915 1242 1950 11
1271 1914 1379 1960 οὔσης
1407 1914 1448 1957 Ε,
1477 1923 1579 1949 corr.
1606 1913 1668 1950 Ew

292 1962 336 1997 12
353 1962 414 1996 καὶ
433 1961 603 1997 alterum
625 1972 699 1997 om.
719 1961 749 1996 B
829 1962 890 1996 καὶ
907 1961 1123 2007 ὁμολογητὰς
1144 1972 1219 1998 om.
1242 1962 1335 2008 Ewp
1413 1961 1599 2007 θεοφάνην
1620 1961 1716 2006 Ewp

338 2015 433 2045 ante
458 2010 518 2044 καί
543 2009 635 2044 add.
662 2023 696 2044 τε
724 2009 850 2055 E(wp)
962 2010 1006 2045 13
1032 2010 1090 2044 τὸν
1117 2019 1192 2045 om.
1220 2010 1316 2056 Ewp
1415 2013 1506 2056 post
1530 2009 1717 2053 θεόὸωρον

290 2057 383 2093 add.
410 2057 489 2096 τοὺς
514 2056 729 2102 ὁμολογητάς
759 2057 851 2103 Ewp
974 2058 1155 2103 ὄυσὲβειαν
1183 2058 1228 2101 D,
1256 2068 1358 2093 corr.
1386 2056 1454 2094 Dw
1577 2056 1718 2102 ῥήσεων

292 2106 386 2151 Ewp
488 2105 530 2140 14
556 2118 590 2139 τε
617 2115 692 2140 om.
720 2104 748 2141 C
849 2104 892 2140 15
918 2104 958 2140 τὰ
982 2108 1153 2150 πρόςωπα
1179 2106 1356 2146 κατέστιξε
1381 2109 1487 2151 σφῶν
1513 2104 1545 2141 Ο
1648 2109 1717 2143 τοῖς

290 2154 449 2199 στίγμασι
477 2153 508 2188 O
610 2153 652 2188 16
677 2153 796 2198 ἐπέχεε
824 2151 990 2199 EwpDi,
1015 2153 1132 2198 ἐπίχεε
1152 2152 1199 2199 A,
1225 2153 1339 2199 ἐνέχεε
1357 2152 1388 2189 O
1486 2152 1527 2188 τὰ
1553 2153 1718 2198 στίγματα

291 2200 439 2247 ΑΕΨΡ,
465 2201 504 2236 αἱ
527 2205 598 2235 τῶν
622 2200 824 2246 προςώπων
848 2202 987 2246 στιγμαί
1010 2201 1041 2236 O

219 2325 425 2357 recreatus
451 2320 595 2356 iterum
622 2330 766 2356 manus
793 2329 999 2355 sacrarum
1027 2320 1248 2366 imaginum
1268 2321 1450 2367 picturae
1470 2319 1718 2363 admoveret,

219 2368 388 2404 laminas
415 2369 564 2414 ignitas
589 2372 789 2414 tyrannus
815 2369 901 2403 eius
928 2368 1114 2403 manibus
1141 2369 1290 2414 imponi
1317 2369 1443 2412 iussit,
1481 2377 1531 2402 ne
1560 2367 1719 2402 labores

221 2417 308 2453 eius
326 2426 518 2451 manuum
539 2417 591 2462 pii
613 2416 785 2451 adorare
814 2420 988 2462 possent.
1039 2415 1172 2461 Atque
1205 2417 1237 2451 is
1273 2416 1435 2462 quidem
1467 2416 1540 2450 hoc
1571 2415 1755 2461 sumni-8

221 2466 326 2500 cium
354 2463 404 2499 de
430 2464 676 2510 imaginibus
703 2463 947 2499 venerandis
973 2464 1233 2499 constitutum
1262 2464 1461 2507 toleravit,
1501 2464 1720 2498 frustratus

221 2517 356 2547 nutem
384 2516 443 2547 est
470 2522 542 2557 spe
568 2522 643 2547 sua
668 2517 877 2557 tyrannus.
929 2511 1073 2546 Fertur
1099 2512 1203 2546 enim
1231 2512 1438 2547 confessor
1465 2511 1528 2546 ille
1556 2515 1644 2556 post
1671 2510 1756 2545 eat)

222 2564 422 2595 tormenta
462 2569 626 2595 carcere
663 2560 827 2601 eiectus,
872 2558 1015 2605 plagas
1057 2559 1096 2594 in
1135 2559 1323 2595 manibus
1360 2562 1538 2605 gestans,
1581 2558 1720 2593 divina

221 2607 442 2643 adiuvante
461 2608 596 2652 gratia
616 2607 872 2642 venerandas
891 2607 1088 2652 imagines
1109 2606 1354 2653 depinxisse,
1380 2617 1429 2642 ac
1448 2614 1538 2652 post
1556 2606 1718 2651 tyranni
1736 2605 1782 2640 10

221 2655 427 2690 interitum
453 2655 672 2690 servatoris
698 2655 915 2700 imaginem
944 2655 984 2689 in
1012 2653 1157 2690 Chalce
1179 2654 1357 2700 pinxisse
1377 2665 1435 2697 ac,
1463 2653 1593 2699 qualis
1612 2663 1720 2688 nune

221 2702 410 2745 cernitur,
448 2702 637 2745 erexisse,
676 2712 766 2738 cum
804 2703 912 2748 prior
944 2703 1078 2747 imago
1113 2701 1180 2737 illa
1206 2702 1346 2737 divina
1371 2702 1449 2737 iam
1479 2701 1571 2737 oiim
1602 2711 1720 2736 erasa

221 2751 374 2785 suisset.
424 2749 535 2786 Idem
562 2751 708 2786 fratres
733 2753 773 2785 et
799 2751 1054 2785 confessores
1080 2748 1367 2796 Theophanem
1395 2753 1435 2785 et
1461 2748 1719 2785 Theodorum
1737 2749 1777 2784 11

222 2797 273 2833 ob
300 2807 413 2833 suam
442 2798 687 2844 impietatem
716 2798 1002 2845 prophetarum
1031 2797 1206 2833 oraculis
1233 2802 1272 2833 et
1298 2798 1590 2844 scripturarum
1614 2797 1720 2832 testi-

222 2846 366 2882 moniis
391 2845 676 2892 reprehensam
704 2846 875 2893 primum
934 2845 1086 2881 raviter
1112 2846 1375 2890 excruciavit,
1412 2844 1559 2881 deinde
1594 2844 1720 2880 facies

222 2903 364 2978 ῗοῖιιιῐι
398 2894 634 2940 compunxit
668 2903 716 2930 ac
750 2894 856 2931 notis
891 2894 966 2930 ilis
1000 2893 1072 2930 hos
1105 2893 1299 2930 Iambieos
1325 2902 1468 2930 versus
1494 2895 1720 2929 atramento
1736 2890 1781 2929 12

238 2952 262 2978 n
284 2951 356 2978 uso
383 2942 601 2989 expressit:
