2054 3282
460 297 634 334 VNGRI.
685 295 1014 334 THEOPHANO.
1066 294 1529 332 THEOPHYLACTVS.
1674 294 1745 332 485

248 422 321 460 τοῦ
353 418 459 460 κατὰ
476 418 700 473 Ῥωμαίων
730 419 1033 466 ἐκπλεύσαντος
1049 419 1156 465 Ῥῶς
1187 416 1341 473 γαμετὴ
1366 417 1510 472 Ἔλγα,
1542 420 1615 459 τοῦ
1648 419 1743 466 ξυν-
1759 419 1788 457 C

248 488 416 529 ευνέτου
447 488 576 542 αὐτῆς
609 487 933 542 τελευτήσαντος,
973 487 1191 542 προσῆλθε
1217 492 1280 541 τῷ
1309 486 1472 542 βασιλεῖ
1496 485 1568 527 καὶ
1598 487 1743 540 βαπτι-

249 557 395 598 σθεῒσα
427 555 644 611 τιμηθεῖσά
677 571 730 610 τε,
775 556 838 602 ὡς
868 555 1008 611 ἐχρῆν,
1048 555 1334 610 ὗπενόστησεν.
1396 554 1611 609 ἐφρόντιζε
1643 554 1689 596 δὲ
1720 554 1744 595 ὁ
1758 557 1805 593 20

250 625 539 678 αὐτοκράτωρ,
556 624 638 679 ἤδη
656 624 873 679 θανούσης
884 628 957 679 τῆς
970 629 1032 679 τῷ
1044 625 1126 679 υἱῷ
1138 624 1268 666 αὐτοῦ
1280 623 1490 678 Ῥωμανῷ
1502 623 1746 678 συζυγείσης

213 692 462 747 ὅθυγατρός
491 697 565 734 τοῦ
595 695 681 734 τῶν
703 692 914 747 Φράγγων
939 691 1070 747 ῥηγός
1092 692 1309 746 Οὕγωνος,
1341 692 1484 746 ἑτέραν
1514 692 1746 746 ἀγαγέσθαι

250 762 367 815 αὐτῷ·
398 762 592 816 γαμετήν,
625 760 696 803 καὶ
727 761 945 810 συνοικίζει
977 761 1093 815 αὐτῷ
1123 761 1270 815 κόρην,
1314 760 1441 815 τύχης
1470 760 1549 814 μὲν
1586 776 1743 815 χαμερ-

247 834 356 876 ποῦς
386 831 412 885 ἢ
444 829 516 871 καὶ
545 829 732 885 χύὃαίας,
777 831 928 871 εἴποιεν
964 830 1016 870 ἄν
1053 845 1168 883 τινες,
1213 829 1418 884 καπήλων
1455 828 1535 883 γὰρ
1567 829 1745 883 ἐκφῦναι

247 898 399 952 ταύτην
429 899 544 953 φασί,
575 897 622 939 τὸ
654 898 700 940 δὲ
730 897 841 944 εἶδος
861 898 1204 953 εὐπρεπεστάτην,
1237 898 1430 952 ἄντικρυς
1450 897 1617 951 ἄγαλμα
1638 897 1743 938 πλα-

248 967 420 1008 σθεῒσαν
449 966 565 1021 παρὰ
591 971 664 1021 τῆς
684 966 869 1021 φύσεως,
902 967 986 1022 ἥτις
1005 966 1245 1008 Ἀναστασὼ
1267 966 1506 1020 καλουμένη
1530 964 1743 1020 Θεοφανὼ

190 1037 237 1075 10
246 1035 558 1090 μετωνόμαστο.

67 1108 103 1145 D
121 1108 175 1145 IV
188 1108 235 1143 69
358 1103 466 1145 Ἔτει
497 1103 543 1145 δὲ
575 1103 807 1158 ὀωὸεκάτῳ
838 1108 909 1158 τῆς
936 1103 1253 1146 Κωνσταντίνου
1286 1103 1513 1158 αὖταρχίας
1543 1103 1568 1145 ὁ
1598 1119 1741 1157 πατρι-
1757 1102 1815 1143 22

249 1172 383 1227 άρχης
403 1171 703 1227 Θεοφύλακτος
734 1173 910 1227 ἀπεβίω,
943 1172 1009 1214 ἐπὶ
1040 1173 1108 1227 ἔτη
1140 1172 1230 1226 τρία
1262 1171 1333 1213 καὶ
1364 1173 1517 1213 εἴκοσιν
1548 1173 1742 1227 ἀρχιερα-
1759 1174 1794 1210 D

247 1241 414 1287 τεύσας’
447 1241 667 1289 ἑξκαίδεκα
700 1240 745 1282 δὲ
776 1241 829 1296 ἦν
859 1241 1073 1294 ἐνιαυτῶν,
1105 1241 1172 1282 ὅτε
1203 1245 1274 1295 τῆς
1305 1240 1620 1295 ἀρχιερωσύνης
1641 1241 1742 1282 ἀθέ-

249 1325 370 1365 σμως
400 1310 565 1365 ἠξίωτο.
628 1310 731 1351 ὅθεν
761 1309 831 1351 καὶ
865 1308 947 1350 ὑπὸ
967 1308 1266 1363 παιδαγωγοὺς
1287 1309 1407 1350 ἐτέλει
1428 1308 1453 1350 ὁ
1473 1309 1780 1363 πατριάρχης,2

191 1379 235 1416 15
248 1379 332 1426 ἕως
373 1379 491 1433 αὐτῷ’
529 1378 553 1420 ὁ
590 1377 728 1432 πατὴρ
772 1378 1027 1432 ἐβασίλευεν·
1072 1377 1155 1418 εἷτα
1199 1377 1372 1424 τούτους
1415 1377 1745 1431 ἀποσεισάμενος

245 1446 378 1489 πολλὰ
409 1451 494 1490 τῶν
525 1447 576 1489 οὗ
609 1446 791 1488 ὅεόντων
822 1448 848 1501 ἢ
880 1449 965 1488 τῶν
996 1447 1303 1501 ἀπειρημένων,
1336 1447 1461 1487 εἰπεῖν
1482 1446 1743 1499 οἰκειότερον,

245 1517 517 1571 διεπράττετο,
555 1516 808 1570 ἱππομανῶν
839 1530 880 1556 τε
910 1514 982 1557 καὶ
1012 1517 1292 1570 κυνοτροφῶν
1323 1514 1394 1556 καὶ
1425 1515 1580 1569 θήραις
1610 1529 1742 1568 προσ-

247 1670 288 1706 ll
314 1671 395 1717 περὶ
419 1676 480 1707 τοῦ
503 1671 722 1716 πατριάρχου
751 1669 1008 1715 Θεοφυλάκτου
1035 1669 1098 1706 ΟΕ

316 1815 331 1850 1
361 1814 434 1859 ῥὼς
460 1812 615 1861 EwpDi
738 1814 820 1859 ἒλγα
845 1812 917 1849 AR
942 1812 1058 1850 Cedr.
1085 1812 1277 1859 (Seylitz.)
1304 1812 1340 1848 II
1369 1824 1405 1858 p.
1431 1812 1514 1853 329,
1539 1812 1573 1854 2,
1600 1812 1683 1856 ὄλγα
1711 1811 1741 1846 Β

313 1864 337 1898 3
360 1862 546 1908 ἐφρόντισε
563 1862 594 1897 Β
690 1861 715 1898 5
739 1862 884 1907 οὔγονος
903 1860 939 1896 D
1036 1861 1059 1896 6
1085 1865 1180 1897 ante
1196 1860 1294 1905 αὐτῷ
1312 1860 1404 1896 add.
1421 1860 1486 1905 μὲν
1506 1859 1540 1894 Ι)
1639 1860 1660 1894 7
1685 1860 1741 1894 ἐκ·

314 1911 421 1955 φύναι
448 1909 596 1956 Apr,
620 1909 774 1955 ἐκφῦναι
800 1907 966 1944 BflDssDi
1073 1909 1097 1944 8
1122 1911 1217 1945 ante-
1242 1909 1408 1952 ἄντικρυς
1434 1907 1526 1943 add.
1554 1907 1615 1943 καὶ
1642 1907 1740 1953 pr

313 1959 336 1993 9
359 1956 455 2002 παρὰ
481 1957 562 2001 ΑΟ,
588 1957 657 1993 ὑπὸ
681 1955 836 2003 EwpDi
1001 1956 1185 1992 ἀναστασὼ
1210 1955 1292 2000 AR,
1320 1956 1407 1991 cod.
1435 1955 1596 1991 Coislin.
1624 1955 1738 1990 Cedr.

314 2005 504 2051 (Scylitz.)
525 2005 558 2040 11
578 2016 615 2051 p.
629 2005 711 2050 329,
724 2005 758 2049 9,
785 2003 897 2050 Glyc.
923 2015 959 2051 p.
974 2004 1055 2049 561,
1070 2005 1128 2047 20,
1152 2004 1341 2039 ἀναστασία
1360 2014 1435 2049 wp,
1462 2004 1511 2038 cf.
1531 2002 1646 2039 Cedr.
1669 2003 1688 2037 I.
1709 2014 1741 2037 c.

318 2054 361 2089 12
385 2053 440 2088 ἐπὶ
466 2064 541 2089 om.
571 2053 600 2088 E
728 2054 839 2087 εἴκοσι
868 2052 977 2098 ΕὟΡ,
1005 2062 1041 2087 v.
1067 2052 1120 2087 ad
1145 2051 1241 2087 XIII
1271 2052 1302 2095 1,
1328 2051 1350 2087 ὅ
1477 2051 1520 2085 13
1545 2050 1741 2086 ἑκκαίδεκα

314 2102 403 2143 (sic)
417 2100 464 2145 Ι),
492 2111 529 2135 ν.
543 2100 595 2136 ad
611 2100 705 2136 XIII
724 2100 780 2143 25,
795 2100 841 2134 29
937 2099 1105 2144 ἅθέσμως
1125 2110 1201 2135 om.
1220 2099 1268 2143 D,
1287 2099 1416 2144 suppl.
1433 2098 1500 2135 Dw
1600 2097 1641 2133 14
1670 2098 1740 2143 ἧξί-

314 2148 399 2194 ωτο]
425 2148 694 2194 ἀρχιερατεύσας
720 2147 751 2183 Ε
861 2146 904 2182 15
929 2148 950 2181 ὁ
971 2147 1086 2192 πατὴρ
1110 2147 1304 2192 ἐβασίλευε·
1332 2146 1547 2192 (ἐβασίλευεν
1574 2143 1675 2187 ΟΒί,
1704 2156 1739 2180 v.

316 2196 367 2232 ad
395 2195 489 2231 XIII
521 2197 549 2240 l,
575 2196 612 2238 5)
638 2194 719 2241 AO,
745 2195 964 2241 ἐβασίλευσεν
989 2195 1010 2229 ό
1032 2195 1147 2240 πατὴρ
1175 2195 1271 2240 Ewp
1403 2193 1447 2230 17
1473 2208 1507 2228 τε
1535 2203 1610 2228 om.
1637 2194 1669 2228 O

243 2362 349 2388 uxor
380 2352 495 2387 ducit}
522 2351 754 2395 Russorum,
793 2351 860 2396 qui
889 2349 1090 2385 Romanos
1124 2349 1251 2384 classe
1285 2350 1507 2391 mres-tamt,
1546 2347 1739 2384 defuncto

245 2400 387 2435 marito
415 2409 459 2436 se
485 2399 535 2435 ad
564 2410 702 2445 rogem
730 2398 898 2434 contulit
928 2408 976 2433 ac
1009 2397 1214 2443 baptizata
1246 2400 1286 2432 et
1319 2407 1391 2442 pro
1427 2396 1625 2442 dignitate
1665 2399 1740 2430 tra-

245 2453 353 2483 ctata
379 2447 540 2483 domum
568 2446 696 2483 redHt.
750 2445 972 2492 Imperator
997 2449 1144 2488 autem,
1171 2443 1366 2480 defuncta
1394 2453 1498 2479 nuru
1519 2453 1604 2486 sua,
1632 2444 1740 2489 reg-Is
1755 2442 1802 2477 20

245 2495 492 2531 Francorum
519 2494 706 2541 Hugonis
733 2494 823 2537 fllia,
862 2493 912 2529 de
939 2492 1019 2528 alia
1046 2493 1124 2527 filio
1154 2491 1334 2527 Romano
1361 2490 1652 2537 despondenda
1678 2501 1740 2526 eo-

246 2544 381 2589 gitans
405 2552 575 2579 uxorem
602 2543 637 2578 ei
666 2542 735 2578 dat
762 2541 947 2587 puellam,
986 2540 1144 2575 humitis
1176 2539 1280 2574 illam
1315 2539 1476 2585 quidem
1503 2538 1666 2585 generis
1692 2549 1742 2572 ao

248 2591 380 2636 potius
406 2590 556 2626 sordidi
587 2593 694 2632 (nam
721 2588 974 2635 cauponibus
1001 2592 1089 2623 orta
1116 2587 1342 2627 dicebatur)
1374 2586 1446 2623 sed
1473 2587 1602 2622 forma
1629 2596 1741 2632 prae-

246 2638 369 2674 (mam
406 2637 717 2684 eflegantissima,
756 2641 928 2673 naturae
967 2635 1203 2671 miraculum
1243 2633 1463 2680 quoddam3
1507 2643 1612 2679 quae
1649 2643 1741 2668 cum

245 2684 445 2722 Anastnso
471 2685 685 2729 diceretur,
712 2685 751 2720 id
778 2694 922 2719 nomen
952 2683 990 2718 in
1018 2682 1361 2729 Theophanonem
1388 2686 1448 2717 est
1476 2685 1686 2716 mutatum.

362 2733 419 2768 22.
469 2732 587 2769 Anno
612 2733 767 2779 Imperii
789 2731 1037 2768 Constantini
1059 2729 1144 2765 XII.
1165 2729 1394 2776 patrIarcha
1412 2728 1741 2774 TheophyIactus

245 2780 427 2824 decessit,
467 2781 703 2827 pontificatu
737 2791 807 2826 per
838 2778 970 2814 XXIII
1003 2788 1131 2813 annos
1165 2779 1343 2822 sunctum
1382 2787 1474 2812 nam
1513 2776 1740 2812 sacerdotio

246 2828 309 2865 ine
329 2837 429 2874 puer
449 2837 646 2864 annorum
666 2827 756 2863 XVI
775 2831 916 2863 contra
936 2836 1085 2862 morem
1106 2826 1300 2860 maiorum
1321 2828 1382 2859 est
1401 2823 1563 2870 potitus.
1599 2823 1740 2869 Itaque
1754 2822 1776 2858 2

246 2878 445 2923 regnante
464 2879 579 2922 patre
604 2875 858 2922 paedagogis
885 2874 1054 2920 parebat
1081 2872 1330 2919 patriarcha;
1358 2875 1447 2918 post
1474 2881 1614 2907 eorum
1640 2871 1739 2917 iugo

247 2932 419 2959 excusso
446 2923 570 2959 multa
593 2926 754 2970 praeter
773 2923 963 2958 decorum
984 2924 1065 2964 aut,
1092 2925 1136 2956 ut
1155 2919 1304 2955 rectius
1323 2919 1466 2962 dicam,
1493 2922 1634 2954 eontra
1662 2918 1740 2954 offi-

247 2971 351 3007 cium
384 2970 579 3015 faciebat3
617 2981 708 3007 nam
740 2970 872 3006 alendi
906 2979 1032 3015 equos
1063 2972 1102 3005 et
1128 2978 1250 3004 canos
1275 2978 1323 3004 ac
1349 2967 1611 3003 venationum
1637 2966 1740 3003 simi·
