2054 3282
346 236 644 278 THEODORA.
695 235 968 276 DENDERIS.
1018 233 1244 274 IOANNES
1272 231 1583 273 SYNCELLVS.
1643 230 1712 270 361

215 379 302 419 μου
333 361 644 417 ἕνατενιζούσης
672 360 746 408 τὰς
777 360 939 403 ἐκεῖθεν
969 358 1349 414 ἀντανακλωμένας
1385 356 1502 410 ἑώρα
1541 353 1716 410 μορφὰς

217 431 289 474 καὶ
318 432 469 479 ταύτας
500 431 602 473 νινία
636 430 900 485 ι,ι’)νόμασεν.”
961 429 1074 471 οὕτω
1111 428 1307 474 πιθανῶς
1342 425 1415 468 τὸν
1450 425 1577 480 λόγον
1607 439 1714 479 συμ-
1731 429 1776 466 16

216 500 409 543 πλάσασα
440 499 514 555 τὴν
545 499 676 555 ὀργὴν
707 502 780 541 τοῦ
811 498 1019 554 βασιλέως
1044 497 1225 553 ἐμάλαξε
1245 494 1317 539 καὶ
1337 494 1409 538 τὸν
1430 493 1574 550 θυμὸν
1595 508 1714 535 κατε-

218 569 424 625 στόρεσεν.

181 638 206 676 5
328 637 411 680 Ἦν
449 637 495 680 δὲ
532 640 617 684 τοῖς
655 636 840 691 εὐσεβέσι
878 635 970 677 λίαν
1012 633 1161 691 βαρύς,
1206 633 1403 677 σπεύδων
1445 632 1603 680 πάντας
1645 635 1718 687 τῆς
1735 637 1777 675 17

219 707 375 754 οἰκείας
407 705 648 761 δυσσεβείας
678 704 935 760 ποιήσασθαι
967 703 1216 758 κοινωνούς,
1259 703 1331 746 καὶ
1366 703 1512 756 ὥσπερ
1549 704 1622 743 τοῦ
1656 700 1715 743 ὄι-

217 776 343 818 καίου
375 775 580 829 διάπυρος
601 774 653 830 ἦν
675 774 878 830 ζηλωτής,
911 773 1024 815 οὕτω
1046 772 1118 815 καὶ
1138 777 1210 828 τῆς
1231 772 1453 827 εὐσεβείας,
1486 771 1549 818 ὡς
1570 770 1718 825 ἐκείνῳ

219 844 369 898 ἐδόκει,
401 843 473 886 καὶ
504 844 734 898 ἀποστῆσαι
765 847 837 898 τῆς
867 845 952 884 τῶν
984 841 1163 883 εἰκόνων
1192 845 1312 896 τιμῆς
1340 840 1582 896 ἐφιλονείκει
1601 854 1716 893 περι-

217 908 367 968 μανῶς
397 913 444 956 τὸ
475 913 680 967 ὑπήκοον.
744 912 935 954 ἐντεῦθεν
967 910 1140 960 ἐκόλαζε
1170 910 1396 958 πλείστους,
1440 913 1511 964 τῆς
1544 908 1716 951 εἷόωλο-
1734 916 1778 951 18

159 985 205 1020 10
216 982 382 1037 μανίας,
427 981 490 1028 ὡς
528 981 664 1035 ἔλεγεν
707 981 930 1034 ἀκολάστῳ
975 979 1159 1035 γλώσσῃ,
1204 978 1357 1027 αὐτοὺς
1400 979 1603 1033 ἀφιστῶν,
1646 975 1718 1019 καὶ

214 1050 397 1098 πολλοὺς
429 1050 647 1105 εἰργάσατο
680 1049 953 1105 ὁμολογητάς.

330 1118 532 1174 Ἰωάννην
566 1119 611 1161 δὲ
641 1118 713 1161 τὸν
745 1118 984 1173 σύγκελλον,
1030 1119 1077 1165 ὃς
1117 1118 1246 1160 αὐτοῦ
1286 1116 1539 1163 διδάσκαλος
1575 1117 1718 1170 γέγονε
1735 1122 1777 1158 19

218 1186 290 1230 καὶ
321 1192 392 1243 τῆς
425 1187 666 1242 δυσσεβείας
697 1186 749 1242 ἦν
779 1186 997 1235 κοινωνός,
1028 1185 1145 1240 πρὸς.
1168 1185 1538 1240 τοὺςἈγαρηνοὺς
1569 1185 1808 1234 ἒξαπέ-ΡΙΙ
1819 1189 1932 1228 145A

219 1255 380 1303 στειλεν,
413 1256 696 1305 ἐπιδείξασθαι
727 1256 840 1310 σφίσι
871 1255 943 1298 τὸν
973 1254 1154 1297 πλοῦτον
1175 1259 1248 1310 τῆς
1268 1255 1477 1310 βασιλείας
1493 1253 1718 1308 Ῥωμαίων

162 1313 489 1380 15βοολόμενος.
551 1325 699 1367 στέλλει
732 1324 769 1366 δ’
803 1324 930 1367 αὐτὸν
961 1324 1037 1366 σὺν
1067 1325 1253 1379 χρήμασι
1283 1324 1397 1378 μάλα
1431 1324 1613 1376 πολλοῖς,
1655 1321 1718 1365 ὧν
1730 1329 1777 1366 20

218 1394 268 1435 τὰ
297 1393 376 1448 μὲν
408 1394 529 1447 δῶρα
559 1394 760 1448 πέπομφε
790 1399 852 1448 τῷ
882 1397 968 1435 τῶν
993 1393 1241 1448 Ἀγαρηνῶν
1273 1393 1463 1448 ἀρχηγῷ,
1502 1391 1551 1434 τὰ
1585 1391 1630 1434 ὂὲ
1661 1391 1718 1438 εἶς

218 1463 447 1518 ὑπηρεσίαν
477 1467 539 1517 τῷ
568 1462 803 1517 πεμφθέντι
834 1462 1065 1516 ἀπένειμεν,
1099 1463 1143 1503 ἐν
1175 1462 1236 1508 οἷς
1265 1461 1337 1503 καὶ
1359 1461 1469 1503 διττὰ
1492 1461 1718 1515 ἐτύγχανον

219 1531 508 1587 χερνιβόξεστα
540 1531 697 1587 χρύσεά
729 1547 770 1573 τε
801 1531 873 1573 καὶ
905 1531 1070 1573 διάλιθα
1103 1530 1174 1572 καὶ
1199 1531 1344 1586 τέχνης
1365 1531 1569 1585 ἀκριβοῦς
1590 1529 1716 1571 ἐνδει-

219 1669 243 1706 5
268 1671 318 1706 ὅτι
349 1670 461 1717 βαρὺς
492 1670 536 1716 ἦν
565 1669 655 1706 κατὰ
692 1673 784 1712 (om.
811 1669 855 1714 C)
893 1675 965 1705 τῶν
998 1670 1155 1717 εὐσεβῶν
1192 1669 1364 1715 κολαστὴς
1395 1670 1415 1704 ό
1448 1669 1622 1714 Θεόφιλος
1655 1667 1718 1704 CE

223 1717 267 1754 12
289 1718 372 1763 περὶ
396 1723 457 1754 τοῦ
481 1718 675 1764 συγκέλλου
697 1717 865 1754 Ἰωάννου
890 1718 950 1754 καὶ
975 1719 1072 1759 ὅπως
1095 1717 1184 1764 πρὸς
1209 1717 1290 1758 τοὺς
1311 1717 1518 1764 Ἀγαρηνούς
1542 1715 1717 1762 ἀπεστάλη

218 1766 281 1802 καὶ
307 1767 371 1803 ὅσα
395 1766 557 1813 ἐποίησεν
583 1765 646 1802 CE

293 1885 309 1920 1
320 1885 572 1931 ἀνακλωμένας
581 1885 616 1921 D
672 1885 852 1931 3ἐμάλαξε
861 1885 1007 1933 AEwp,
1015 1886 1169 1928 ἐξέκλινε
1178 1885 1209 1922 Ο
1220 1886 1287 1922 Wo
1295 1886 1360 1921 lat.
1410 1886 1679 1930 κατεστόρευσεν
1689 1883 1718 1920 C

290 1932 313 1969 5
338 1933 496 1979 εὐσεβέσι
525 1933 557 1968 Α
584 1936 638 1974 (ν.
665 1943 822 1978 argum.
849 1934 902 1969 ad
929 1934 966 1969 h.
992 1934 1041 1978 l.)‚
1067 1934 1250 1980 εὐσεβοῦσι
1276 1933 1374 1980 pr
1448 1933 1559 1979 βαρὺς
1584 1933 1661 1968 λίαν
1687 1932 1718 1967 Ε

340 1987 429 2027 post
447 1982 611 2017 σπεύδων
629 1981 721 2016 add.
739 1981 803 2017 οὖν
821 1981 851 2018 C
947 1982 970 2018 6
996 1983 1179 2028 δυσεβείας
1197 1981 1244 2026 D,
1272 1993 1373 2017 corr.
1392 1981 1458 2019 Dw
1557 1981 1578 2016 7
1605 1981 1718 2019 οὕτως

291 2028 355 2065 BC
465 2030 498 2064 7.
524 2030 547 2063 8
571 2029 696 2064 ἐκείνω
722 2029 838 2064 ἐδόκει
868 2029 945 2072 ΑΕ,
973 2031 1062 2075 ᾤετο
1089 2030 1186 2076 pr
1297 2031 1319 2065 8
1344 2030 1491 2064 ἐκείνων
1518 2029 1602 2074 w*p
1630 2029 1718 2069 (Wo

291 2076 379 2112 lat:
406 2077 644 2123 imaginum)
800 2079 823 2113 9
847 2078 1089 2122 εἰὸολομανίας
1115 2077 1211 2124 Ewp
1364 2078 1410 2113 10
1434 2076 1594 2122 ἀφιστῶν
1622 2076 1717 2121 Ewp

293 2125 333 2159 ll
362 2123 578 2170 ὅμολογητὰς
596 2124 780 2170 εἰργάσατο
798 2124 834 2160 D
932 2125 978 2160 12
1002 2125 1100 2160 αὐτῶ
1118 2125 1245 2169 E(wp)
1345 2126 1389 2161 15
1413 2125 1552 2164 πολλοῖς
1571 2122 1717 2169 AEwp‚

289 2172 460 2212 πλείστοις
478 2172 510 2208 O
611 2173 654 2207 16
679 2177 750 2207 τῶν
777 2183 852 2207 om.
873 2173 968 2219 Ewp
1058 2173 1099 2208 17
1125 2179 1174 2218 τῷ
1194 2171 1361 2219 prDi,
1387 2173 1483 2209 αὐτῶ
1502 2172 1537 2207 Α
1632 2185 1717 2216 πεμ-

292 2220 417 2265 φθέντι
444 2220 592 2267 AEwp‚
618 2220 748 2266 ι’ωάννη
777 2220 820 2263 O,
848 2220 1007 2256 loanni:
1039 2221 1107 2257 Wo
1133 2221 1198 2255 lat.

220 2357 352 2394 pupas
385 2347 643 2394 appellavit.’'
692 2348 748 2384 Eo
781 2348 978 2394 probabili
1012 2351 1237 2384 commento
1272 2348 1380 2394 regis
1414 2349 1513 2383 iram
1550 2346 1718 2382 mollivit
1734 2346 1778 2382 16

219 2396 481 2442 furoremque
508 2396 630 2431 leniit.

338 2442 435 2479 Cum
461 2447 596 2479 autem
624 2454 762 2479 onmes
788 2445 826 2479 in
855 2454 967 2479 sunm
997 2444 1239 2489 impietatem
1269 2443 1502 2489 pertrahere
1526 2442 1717 2485 studeret,
1734 2443 1777 2479 17

218 2500 366 2526 saevus
391 2490 608 2526 admodum
638 2495 725 2526 orat
749 2492 788 2526 in
817 2493 905 2537 pios
932 2497 983 2534 ot,
1020 2497 1065 2527 ut
1094 2492 1280 2534 iustitiae,
1314 2491 1369 2525 ita
1402 2496 1440 2526 ot
1473 2491 1559 2526 eius
1597 2499 1716 2535 quam

218 2538 302 2583 ipse
330 2538 530 2584 probabat
557 2539 716 2584 pietatis
741 2540 962 2574 acerrimus
989 2539 1177 2574 defensor
1207 2538 1410 2574 subiectos
1437 2549 1461 2573 a
1487 2538 1598 2574 cultu
1624 2538 1718 2572 ima-

217 2586 357 2630 ginum
392 2586 595 2622 abducere
627 2588 770 2622 insano
801 2586 934 2622 studio
968 2586 1256 2630 contendebat3
1296 2587 1486 2631 quocirca
1526 2586 1718 2631 plurimos
1736 2586 1778 2621 18

219 2634 423 2678 puniebat,
450 2638 494 2669 ut
521 2644 601 2672 eos,
626 2634 964 2679 quemadmodum
994 2634 1276 2680 intemperanti
1306 2634 1444 2679 ling-ua
1468 2633 1638 2677 dicebat,
1666 2632 1717 2668 ab

218 2680 463 2716 idolomania
489 2681 719 2727 depelleret,
746 2682 972 2727 multosque
1000 2683 1253 2717 consvssoros
1284 2682 1387 2717 feeit.

337 2728 527 2764 Ioannem
547 2730 779 2775 syncellum,
807 2740 887 2775 quo
915 2730 1108 2774 magistro
1137 2739 1233 2764 usus
1259 2733 1357 2772 erat,
1384 2729 1600 2775 impietatis
1619 2737 1718 2764 suae
1735 2729 1778 2765 19

218 2776 383 2816 socium.
421 2776 471 2811 ad
500 2776 714 2822 Agna-,nos
747 2787 836 2812 eum
870 2778 1056 2812 maximis
1083 2778 1208 2823 copiis
1235 2777 1453 2822 ablegavit,
1494 2778 1608 2823 rog-ni
1646 2775 1718 2811 Ro·

217 2824 325 2859 muni
362 2823 524 2859 divitias
564 2828 850 2867 ostentaturus,
899 2835 1069 2870 ‹mm-um
1111 2824 1325 2859 nonnunns
1364 2834 1503 2860 voi-um
1547 2824 1779 2871 print-ipim

217 2870 324 2906 dono
351 2872 466 2914 misit,
493 2872 706 2907 nonnullas
730 2872 864 2918 legato
884 2872 934 2907 ad
956 2873 1218 2907 minima-ium
1238 2873 1473 2916 assignavit,
1494 2874 1598 2909 inter
1616 2882 1718 2919 quas

218 2918 299 2955 duo
339 2928 502 2966 quoque
534 2919 726 2956 malluvia
761 2930 888 2957 aurea
924 2924 1051 2965 erant,
1088 2919 1258 2966 gemmis
1292 2920 1480 2957 distincta
1507 2926 1546 2957 et
1579 2921 1718 2968 exqui-
