1968 3302
307 227 606 267 NESTORIVS.
656 227 852 265 TERTIA
878 226 1115 265 SYNODVS
1142 225 1328 264 EPHESI
1353 224 1568 262 HABITA.
1619 224 1688 261 105

187 356 273 395 τῶν
294 353 344 407 ιβ
368 352 614 407 κεφαλαίων
634 355 720 393 τῶν
740 355 814 393 τοῦ
830 349 1042 404 Κυρίλλου
1064 350 1255 404 ἐχώρησε
1276 349 1348 391 καὶ
1368 350 1427 396 εἶς
1447 348 1689 403 ἀνατροπὴν

188 422 330 463 αὐτῶν
366 421 583 469 συνέταξεν
619 421 750 474 ἔτερα,
793 419 902 474 πρὸς
932 420 958 460 ἃ
995 419 1117 460 πάλιν
1153 418 1178 460 ὅ
1215 419 1348 473 μέγας
1379 418 1690 472 ἀντηγωνίσατο
1704 418 1750 455 38

188 490 410 544 Κύριλλος,
454 490 534 531 οὐκ
579 489 727 542 ὀρθῶς
771 489 1030 542 δογματίζειν
1067 487 1251 542 ἐλέγχων
1286 486 1358 528 τὸν
1394 486 1689 541 Θεοδώρητον.

189 559 546 614 κατεγνώσθησαν
584 557 630 599 δὲ
666 556 783 611 παρὰ
822 562 895 612 τῆς
932 556 1114 598 συνόδου
1146 557 1185 613 ὅ.
1201 572 1243 598 τε
1276 555 1519 610 Ἀντιοχείας
1549 555 1620 596 καὶ
1652 555 1692 596 οἱ
1704 556 1750 591 39

153 628 324 670 5λοιποὶ
360 627 432 669 καὶ
465 630 550 668 τῶν
589 626 844 679 ὀρθοδόξων
880 626 1236 680 ἠλλοτριώθησαν.
1304 626 1442 671 οὕτως
1480 622 1556 666 οὖν
1593 623 1690 665 τού-
1703 624 1752 660 40

188 712 274 738 των
305 695 489 751 ἐχόντων
519 694 591 736 καὶ
621 692 712 735 κατ’
746 695 939 749 ἀλλήλων
971 695 1209 748 γενομένων
1238 697 1324 735 τῶν
1356 693 1599 735 ἐπισκόπων
1620 692 1691 734 καὶ

189 765 414 820 σχίσματος
445 765 566 810 ὄντος
595 764 726 818 μέσον
758 764 911 811 αὐτῶν,
943 763 968 804 ὁ
988 762 1181 818 βασιλεὺς
1202 761 1431 809 Θεοδόσιος
1462 762 1691 817 ἀφικέσθαι

187 834 346 880 πάντας
382 833 594 875 ἐκέλευσεν
625 833 682 878 εἰς
714 831 1170 873 Κωνσταντινούπολιν·
1215 832 1285 873 καὶ
1321 831 1691 885 παραγενομένων,
1704 833 1745 868 41

189 903 370 944 ε’νώπιον
399 906 473 944 τοῦ
504 901 710 956 βασιλέως
741 901 766 955 ἡ
797 901 962 955 ζήτησις
993 901 1148 954 γέγονε,
1181 900 1252 942 καὶ
1279 901 1506 955 καθῃρέθη
1530 898 1690 941 Νεστό-

0 1007 7 1024 Ῡ
128 981 174 1016 10
190 987 280 1026 ριος
317 970 387 1012 καὶ
426 971 482 1017 εἰς
518 970 592 1024 τὴν
635 969 750 1024 ἑῴαν
795 970 1083 1024 ὗπερωρίσθη,
1127 973 1201 1010 τοῦ
1235 969 1477 1023 Ἀντιοχείας
1515 968 1587 1009 καὶ
1617 970 1690 1009 τοῦ
1705 970 1752 1005 42

0 1027 3 1097 ᾗ
196 1039 479 1094 Θεοδωρήτου
512 1039 905 1093 συμφρονησάντων
935 1042 984 1093 τῇ
1017 1037 1107 1092 ἱερᾷ
1139 1038 1322 1092 συνόδῳ,
1363 1038 1426 1084 ὡς
1458 1037 1525 1079 διὰ
1557 1037 1735 1091 λύπηνΟ

0 1102 3 1128 ¹
190 1108 262 1150 καὶ
304 1109 390 1162 ἔριν
433 1108 845 1161 ἀντικαθισταμένων
887 1107 934 1148 τὸ
977 1107 1193 1160 πρότερον.
1255 1111 1328 1148 τοῦ
1373 1107 1420 1148 δὲ
1459 1106 1690 1160 Νεστορίου
1705 1108 1752 1144 43

0 1186 2 1202 ¹
189 1177 371 1223 πολλοὺς
403 1177 734 1231 διαστρέφοντος,
773 1176 796 1218 ὁ
831 1176 1072 1230 Ἀντιοχείας
1106 1175 1302 1230 Ἰωάννης
1340 1175 1563 1230 ἀναφορὰν
1598 1175 1693 1228 περὶ

0 1223 92 1295 bul
107 1252 178 1288 240
190 1246 339 1288 τούτου
370 1245 478 1299 πρὸς
509 1245 580 1287 τὸν
613 1245 905 1299 αὐτοκράτορα
944 1245 1181 1299 ἐποιήσατο,
1227 1245 1358 1292 ἀξιῶν
1395 1244 1693 1299 μετενεχθῆναι

0 1311 2 1356 s
132 1322 177 1357 15
191 1314 318 1357 αὐτὸν
355 1315 550 1369 ἀλλαχοῦ.
612 1314 683 1355 καὶ
721 1314 941 1368 ἀπηνέχθη
983 1314 1007 1354 ὁ
1046 1314 1222 1359 δείλαιος
1259 1314 1316 1359 εἷς
1340 1313 1501 1361 ’Όασιν,
1544 1313 1693 1367 χώραν
1706 1314 1753 1350 44

191 1383 322 1426 οὖσαν
358 1388 430 1438 τῆς
469 1384 664 1438 Ἀραβίας
705 1383 869 1437 λυπρὰν
907 1382 978 1424 καὶ
1021 1382 1105 1424 ὑπὸ
1143 1383 1314 1437 ἀνέμων
1351 1382 1693 1436 καταπνεομένην

188 1453 484 1507 φθοροποιῶν.
547 1452 796 1506 ἀντεισήχθη
831 1452 876 1493 δὲ
908 1453 965 1498 εἷς
995 1451 1069 1506 τὴν
1099 1456 1172 1506 τῆς
1203 1452 1299 1497 νέας
1315 1451 1484 1506 Ῥώμης
1512 1466 1692 1505 ποιμαν-
1706 1452 1754 1489 45

187 1521 304 1576 τικὴν
324 1521 594 1576 Μαξιμιανὸς
614 1525 687 1576 τῆς
709 1521 930 1575 ἐκκλησίας
954 1521 1247 1575 πρεσβύτερος.
1309 1520 1381 1562 καὶ
1410 1519 1514 1574 μετὰ
1545 1524 1692 1561 τοῦτον
1705 1522 1752 1558 46

189 1590 254 1632 ἐπὶ
287 1590 436 1632 διετίαν
467 1590 839 1645 ἀρχιερατεύσαντα
872 1588 1075 1644 Πρόκλος
1106 1590 1130 1631 ό
1161 1593 1236 1631 τοῦ
1263 1588 1577 1644 Χρυσοστόμου
1607 1604 1691 1644 μα-

190 1732 212 1768 5
238 1734 287 1768 ὅτι
314 1733 362 1772 εἷς
387 1732 761 1768 Κωνσταντινούπολιν
784 1732 1066 1779 μετακληθέντες
1092 1733 1129 1767 οἱ
1151 1737 1211 1778 τῆς
1236 1732 1387 1768 συνόδου
1413 1731 1624 1777 ὡμονόησαν
1651 1730 1680 1768 C

193 1782 236 1816 19
260 1781 340 1826 περὶ
364 1785 593 1826 πατριαρχῶν
620 1780 683 1817 CE

262 1912 285 1947 2
311 1915 405 1947 ante
431 1913 614 1954 συνέταξεν
641 1913 732 1948 add.
760 1913 937 1959 κεφάλαια
964 1913 1061 1959 pr
1177 1913 1198 1948 7
1224 1914 1391 1958 σχίματος
1417 1912 1465 1956 D,
1493 1923 1595 1948 corr.
1623 1911 1693 1949 Dw

265 1960 310 1995 12
336 1963 426 2006 post
452 1962 630 2005 νεστορίου
657 1961 749 1996 add.
776 1961 844 1996 κάν
870 1967 911 2006 τῇ
935 1961 1053 2006 ἕξορίᾳ
1081 1960 1209 2006 O(w)p
1379 1960 1422 1995 16
1448 1959 1507 1996 ὑπ’
1534 1957 1693 2006 prDi

264 2009 309 2044 17
338 2007 585 2054 ῳθοροποιῶν]
612 2009 785 2054 σφοδρῶν
811 2008 847 2043 D
947 2009 991 2044 19
1017 2014 1076 2044 τοῦ
1105 2019 1180 2044 om.
1208 2009 1292 2044 init.
1319 2019 1423 2044 vers.
1450 2008 1481 2043 E

194 2146 328 2192 capita
355 2145 490 2192 Cyrilli
517 2146 703 2182 invectus
730 2150 790 2182 est
815 2147 867 2181 ad
895 2156 1026 2192 eaque
1051 2146 1277 2189 refutanda
1297 2147 1423 2183 altera
1455 2146 1692 2191 composuit,

194 2197 335 2229 contra
368 2203 474 2239 quae
504 2194 648 2230 iterum
676 2204 850 2240 magnus
876 2195 1079 2240 pugnavit
1105 2194 1277 2239 Cyrillus
1303 2204 1437 2240 neque
1466 2193 1694 2236 Theodore-
1707 2191 1754 2226 38

193 2244 276 2276 tum
304 2246 412 2277 recte
439 2242 588 2277 sentire
615 2242 764 2277 docuit.
816 2242 876 2277 lta
903 2242 1158 2277 condemnati
1185 2253 1209 2277 a.
1229 2242 1397 2277 coneilio
1417 2240 1694 2277 Antiochenus
1707 2238 1754 2274 39

193 2292 234 2325 et
259 2290 380 2325 ceteri
409 2290 460 2324 ab
489 2289 724 2325 orthodoxis
751 2290 914 2324 alienati
940 2293 1044 2325 sunt.
1096 2290 1210 2331 Quae
1237 2300 1327 2325 eum
1353 2291 1410 2325 ita
1436 2300 1479 2325 se
1497 2290 1695 2324 haberent
1707 2285 1756 2321 40

194 2340 234 2372 et
266 2337 341 2372 sibi
375 2338 523 2372 infensi
559 2342 693 2373 essent
727 2338 906 2383 episcopi
941 2338 1153 2373 schismate
1191 2340 1289 2381 orto,
1332 2348 1404 2373 rex
1440 2337 1694 2373 Theodosius

193 2385 413 2420 convenire
447 2395 585 2420 omnes
617 2386 733 2420 iussit
759 2385 931 2430 Cpolim:
971 2386 1027 2420 ita
1059 2395 1148 2420 curn
1183 2385 1383 2429 adessent,
1424 2396 1559 2420 coram
1595 2394 1694 2430 rege
1708 2381 1751 2416 41

194 2433 432 2478 quaestione
459 2433 597 2467 habita
622 2432 830 2468 Nestorius
857 2436 1015 2468 amotus
1041 2436 1080 2468 et
1106 2433 1145 2467 in
1165 2432 1368 2469 Orientem
1397 2433 1591 2478 expulsus
1623 2435 1694 2476 est,

192 2479 445 2515 Antiocheno
473 2483 512 2516 et
538 2480 794 2516 Theodoreto
825 2481 1001 2515 assensis
1034 2484 1172 2516 sancto
1206 2481 1387 2524 coneilio,
1426 2484 1568 2526 utpote
1601 2482 1695 2515 ante
1708 2477 1755 2512 42

193 2538 266 2573 per
292 2527 469 2564 dolorem
497 2531 536 2563 et
563 2529 861 2564 contentionem
890 2529 1226 2574 repugnantibus.
1277 2528 1375 2563 Cum
1404 2532 1538 2563 autem
1558 2527 1695 2564 Nesto·
1708 2524 1755 2560 43

193 2575 278 2610 rius
311 2575 460 2611 multos
493 2576 534 2611 in
570 2586 747 2611 errorem
782 2576 1003 2619 induceret,
1041 2576 1214 2612 Ioannes
1241 2575 1519 2611 Ant-iochenus
1557 2575 1607 2611 de
1646 2585 1694 2610 eo

194 2623 315 2658 alium
343 2623 383 2658 in
413 2623 543 2658 iocum
571 2625 854 2659 transferendo
883 2623 934 2658 ad
956 2625 1240 2669 imperatorem
1266 2623 1418 2659 detulit.
1469 2623 1518 2658 Et
1536 2626 1694 2658 amotus
1708 2620 1755 2656 44

194 2674 253 2706 est
277 2671 398 2706 miser
423 2671 487 2706 ille
513 2672 554 2706 in
582 2671 715 2716 Oasin,
750 2675 898 2707 terram
925 2671 1102 2706 Arabiae
1136 2675 1299 2707 tenuem
1327 2672 1542 2716 ventisque
1568 2671 1694 2717 agita-

194 2722 274 2753 tam
310 2719 558 2765 perniciosis.
609 2719 686 2754 Pro
722 2730 769 2755 eo
805 2723 940 2755 autem
977 2719 1232 2754 introductus
1271 2722 1331 2754 est
1368 2720 1407 2754 in
1449 2719 1692 2765 pastoralem
1707 2716 1754 2751 45

193 2776 327 2802 novae
347 2766 498 2801 Romae
527 2767 660 2802 sedem
681 2766 962 2810 Maximianus,
990 2767 1185 2802 ecciesiae
1213 2767 1438 2813 presbyter,
1466 2767 1530 2802 cui
1558 2776 1630 2813 per
1656 2765 1753 2813 1146

193 2824 322 2849 annos
349 2823 518 2849 munere
544 2817 683 2850 functo
710 2814 888 2857 Procius,
923 2815 1196 2860 Chrysostomi
1224 2814 1456 2860 discipulus,
1486 2814 1692 2858 successit,

193 2862 260 2906 qui
289 2871 313 2896 a
340 2860 513 2897 sisinnio
542 2862 771 2907 patriarcha
797 2862 931 2907 Cyzici
960 2863 1175 2908 episcopus
1200 2866 1294 2898 ante
1321 2865 1493 2907 creatus,
1525 2872 1607 2898 non
1633 2871 1693 2897 re-

193 2913 334 2956 ceptus
368 2920 392 2944 a
419 2908 639 2955 Cyzicenis,
679 2911 746 2956 qui
781 2910 951 2946 alterum
985 2910 1193 2956 elegerant
1227 2910 1469 2957 pontificem,
1510 2913 1692 2957 tempore
