2054 3282
354 237 425 274 518
657 235 839 272 ZONAR.
867 233 995 269 EPlT.
1023 232 1113 267 XVI
1141 232 1197 275 28,
1224 231 1307 266 22-
1319 230 1429 266 XV11
1459 230 1489 274 1,
1518 229 1548 265 1.

355 357 503 411 λάντης
533 356 603 398 καὶ
636 357 658 395 ὁ
690 355 953 409 μελάγχρους
975 352 1216 404 Θεόδωρος,
1249 352 1296 392 ὃν
1329 350 1395 392 διὰ
1427 350 1473 392 τὸ
1504 355 1576 392 τοῦ
1609 351 1745 397 εἴδους
1774 368 1847 405 με-

296 428 342 461 ‘23
357 425 551 478 λάντερον
584 424 760 465 ἐκάλουν
786 420 1202 473 Ἆτζυποῦεόδωρον,
1247 419 1317 461 καὶ
1351 420 1479 473 ἕτεροι
1511 419 1600 460 δύο.
1662 420 1850 475 ἀψοφητὶ

355 493 491 534 τοίνυν
525 492 748 536 ὑποδύντες
788 489 857 530 τὸν
896 492 1076 530 κοιτῶνα
1116 487 1187 529 τὸν
1225 488 1430 542 βασίλειον
1477 486 1563 541 (καὶ
1605 491 1726 529 τοῦτο
1770 487 1849 542 γὰρ

355 562 494 607 αὐτοῖς
534 562 558 614 ἡ
598 558 809 613 Θεοφανὼ
847 555 1152 610 κατεπράξατο)
1199 555 1324 610 εὖρον
1366 556 1437 597 τὸν
1476 555 1730 611 Νικηφόρον
1772 572 1848 611 xa-

139 631 217 666 PII
229 630 340 667 208A
353 629 554 683 μαιεύνην
575 628 853 679 ὑπνώττοντα,
886 625 960 667 καί
977 641 1035 670 τις
1055 625 1172 678 αὐτῷ
1197 625 1274 673 λὰξ
1305 625 1499 679 ἐνθορὼν
1529 624 1600 666 καὶ
1631 625 1885 679 ἕνυβρίσας5

294 699 338 734 24
355 697 571 738 διύπνισεν.
634 695 695 740 (ὃς
727 694 772 735 δὲ
804 693 876 748 τὴν
907 693 1096 747 κεφαλὴν
1128 693 1283 739 ἐκεῖνος
1315 692 1566 738 διυπνισθεὶς
1587 692 1848 747 ἀνεκούφισε,

354 765 512 818 δέχεται
543 763 633 804 κατ’
667 763 794 817 αὐτῆς
830 761 959 808 εὐθὺς
995 762 1161 815 καιρίαν
1199 761 1374 816 πληγήν,
1419 762 1504 816 ἥτις
1547 761 1664 815 αὐτῷ
1703 761 1850 807 δεινῶς

293 836 339 871 25
354 833 520 873 διέσεισε
558 830 628 872 καὶ
667 830 712 872 τὸ
753 834 878 885 σῶμα
916 830 986 871 καὶ
1016 829 1090 884 τὴν
1120 831 1275 884 ψυχήν.
1337 829 1419 871 εἶτα
1452 829 1475 870 ὁ
1505 829 1583 884 μὲν
1621 828 1850 884 Τζιμισκὴς

353 899 418 941 ἐπὶ
448 904 520 954 τῆς
551 898 760 953 βασιλείου
793 898 933 953 κλίνης
964 898 1179 952 aemiliane,
1216 897 1288 939 τὸν
1320 898 1364 939 δὲ
1401 898 1561 939 Φωκᾶν
1592 898 1674 952 ἤδη
1705 913 1848 951 παρει-

293 972 339 1007 26
351 968 479 1021 μένον
523 967 788 1021 ἑκατέρωθεν
831 966 1153 1020 ’ὗπερειδόμενον
1197 967 1312 1020 αὐτῷ
1355 966 1679 1021 παρεστήσαντο.
1741 965 1766 1006 ὁ
1804 964 1849 1006 δὲ
1865 972 1910 1006 10

293 1040 339 1076 27
352 1035 424 1082 τὰς
456 1036 584 1081 αἰτίας
625 1034 751 1076 αὐτὸν
782 1035 927 1089 ἠρώτα
961 1031 1012 1075 δι’
1046 1036 1096 1080 ἃς
1126 1035 1348 1076 κεκάκωτο
1379 1032 1479 1089 παρ’
1513 1036 1653 1076 αὐτοῦ.
1715 1035 1776 1080 ὡς
1809 1034 1898 1077 δἸ)
1918 1041 1969 1078 IV
1983 1043 2027 1077 91

353 1105 510 1150 ἐκεῖνος
539 1103 648 1158 πρὸς
681 1103 804 1145 οὐδὲν
835 1103 1098 1157 ἀπεκρίνατο,
1142 1102 1276 1157 μόνον
1309 1103 1354 1145 δὲ
1385 1103 1431 1145 τὸ
1462 1103 1623 1157 “κύριε,
1662 1103 1849 1157 “kuwet’'

353 1173 593 1226 ἐφθέγγετο,
627 1172 879 1226 ἒγκελεύεται
909 1175 993 1218 τοῖς
1024 1171 1117 1225 περὶ
1149 1171 1276 1213 αὐτὸν
1306 1176 1393 1218 ταῖς
1423 1173 1569 1226 λαβαῖς
1600 1175 1684 1213 τῶν
1713 1173 1849 1226 ξιφῶν

353 1240 425 1287 τὰς
477 1241 663 1295 γνάθους
714 1241 842 1282 αὐτοῦ
889 1240 1088 1286 παίοντας
1134 1241 1395 1294 συνθραῦσαι
1439 1242 1464 1295 ἢ
1511 1241 1708 1282 διασεῖσαι
1753 1239 1850 1286 τοὺς

294 1315 340 1351 28
354 1308 529 1356 ὀδόντας
569 1309 698 1363 αὐτῷ.
761 1308 843 1350 εἶτά
880 1325 937 1355 τις
976 1308 1195 1357 ἐξόπισθεν
1236 1308 1378 1361 δόρατι
1409 1308 1547 1363 βάλλει
1577 1307 1683 1349 κατὰ
1716 1311 1849 1349 νῶτον
1864 1314 1908 1350 15

293 1382 339 1418 29
354 1377 492 1426 αὐτόν,
537 1377 606 1419 καὶ
643 1377 689 1420 τὸ
730 1377 834 1431 δόρυ
875 1377 940 1419 διὰ
979 1380 1064 1419 τῶν
1099 1378 1282 1431 στέρνων
1313 1378 1490 1426 ἐξέπεσε.
1553 1376 1624 1419 καὶ
1654 1377 1848 1432 ’θορύβου

354 1540 377 1575 2
403 1540 577 1586 ἀναίρεσις
602 1545 662 1577 τοῦ
693 1542 806 1576 Φωκᾶ
831 1541 1049 1586 Νικηφόρου
1077 1540 1178 1576 ACE

427 1695 446 1730 1
473 1695 524 1741 τὸ]
551 1695 609 1731 τὸν
635 1696 667 1731 Ε
765 1696 788 1731 2
812 1696 1126 1741 ἀτζυποθεόδωρος
1153 1697 1239 1732 eod.
1268 1696 1426 1732 Coislin.
1454 1696 1567 1732 Cedr.
1596 1695 1785 1743 (Scylitz.)
1812 1698 1849 1733 ΙῙ

426 1754 464 1788 p.
489 1743 570 1787 375,
597 1744 642 1779 21
746 1744 769 1779 3
794 1744 983 1783 ὗποδῢντες
1009 1745 1105 1790 Ewp
1214 1749 1346 1789 χιτῶνα
1373 1744 1420 1789 D,
1448 1755 1549 1780 corr.
1576 1744 1644 1782 Dw
1751 1746 1850 1790 βασι·

426 1791 527 1826 λικὸν
554 1791 585 1827 Ο
688 1791 711 1826 4
737 1795 832 1827 ante
857 1791 973 1831 αὐτοῖς
1000 1792 1090 1827 add.
1117 1792 1176 1827 καὶ
1202 1792 1237 1826 D
1348 1793 1462 1831 αὐτοῖς
1488 1791 1656 1838 prDz'‚
1683 1792 1789 1838 αὐτῆς
1813 1792 1849 1828 Α

475 1839 684 1883 διεπράξατο
712 1838 740 1875 C
861 1840 1077 1884 χαμαιεύνην
1103 1838 1184 1882 AR,
1210 1854 1330 1884 χαμαι,
1357 1840 1461 1884 εύνην
1487 1840 1534 1884 Ι),
1559 1841 1740 1885 χαμεύνην
1765 1841 1848 1886 w*p

427 1887 449 1923 5
463 1885 829 1932 s’vffioQo'wBSwap,
844 1887 1005 1931 ἑνθορῶν
1017 1886 1089 1922 AR
1163 1888 1183 1923 7
1198 1887 1304 1926 εὐθὺς
1321 1887 1467 1923 0111.οΕ
1481 1888 1548 1924 Wo
1560 1888 1626 1923 lat.
1702 1889 1786 1927 οἵτις
1801 1888 1848 1933 D,

429 1945 531 1971 corr.
549 1934 617 1972 Dw
715 1935 840 1973 δεινῶς
867 1945 942 1970 om.
968 1935 1065 1980 Ewp
1163 1935 1185 1970 8
1211 1935 1398 1971 διανέσεισε
1426 1936 1472 1980 Ι),
1501 1935 1685 1974 corr.Dw
1782 1938 1850 1977 τζι-

425 1981 558 2027 μισκὴς
585 1982 627 2026 Ε,
667 1981 848 2028 τζιμισκὴς
875 1992 925 2017 ex
952 1984 1136 2028 τζιμισκῆς
1163 1993 1263 2018 corr.
1289 1982 1336 2027 A,
1375 1985 1556 2028 τζιμισχῆς
1581 1982 1629 2027 D,
1667 1985 1849 2030 τζιμισκῆς

427 2027 665 2075 DwapDi,
693 2040 731 2064 V.
758 2029 810 2064 ad
836 2029 948 2066 XVII
976 2031 1006 2073 1,
1035 2031 1053 2065 1
1197 2031 1242 2065 10
1265 2031 1502 2077 παρεστήσατο
1529 2030 1576 2075 D,
1604 2041 1705 2066 corr.
1734 2030 1801 2069 Dw

428 2078 474 2112 12
498 2076 586 2122 πρὸς
613 2088 689 2112 om.
716 2077 823 2114 OWO
849 2078 914 2113 lat.
1039 2078 1083 2114 15
1108 2078 1215 2113 αὐτοῦ
1242 2078 1388 2124 DEwp,
1417 2089 1491 2114 om.
1519 2077 1547 2113 C
1666 2083 1778 2114 νῶτον
1802 2077 1847 2123 Α,

427 2125 553 2160 νώτων
579 2126 645 2167 (ex
663 2129 775 2160 νῶτον
790 2127 919 2160 mutat
933 2125 979 2167 B)
994 2125 1076 2169 Rw,
1102 2126 1212 2161 νώτον
1238 2125 1298 2172 1)*,
1324 2131 1394 2161 τῶν
1416 2126 1541 2161 νώτων
1559 2125 1588 2162 C
1663 2126 1708 2161 16
1732 2126 1849 2161 ἐθνῶν

430 2172 478 2217 D,
506 2173 658 2217 στέρνων
685 2183 785 2208 corr.
813 2172 882 2210 Dw
1010 2174 1070 2208 καὶ
1097 2174 1241 2209 omisso
1269 2177 1359 2220 post
1384 2173 1543 2219 θορύβου
1569 2173 1660 2208 add.
1687 2173 1727 2208 δὲ
1752 2173 1848 2220 pr

354 2329 527 2374 nigrum,
555 2339 673 2373 quem
694 2329 744 2364 ob
765 2330 937 2364 colorem
965 2330 1184 2375 nigriorem
1211 2328 1611 2376 Atzypotheodoruln
1634 2330 1847 2373 vocabant,

294 2373 340 2408 23
355 2379 395 2411 et
427 2375 527 2411 alios
566 2376 678 2412 duos.
729 2376 859 2422 Igitur
892 2377 1121 2413 cubiculum
1159 2378 1316 2423 regium
1351 2378 1436 2413 sine
1477 2378 1648 2423 strepitu
1677 2378 1848 2423 ingressi

356 2425 463 2464 (nam
494 2423 536 2458 id
567 2434 730 2469 quoque
757 2424 1006 2470 Theophano
1034 2425 1292 2470 confecerat),
1325 2424 1594 2470 Nicephorum
1625 2425 1733 2460 humi
1760 2424 1848 2460 dor—

354 2471 543 2506 mientem
590 2471 753 2516 quidam
797 2472 974 2508 calcibus
1019 2483 1091 2518 per
1135 2473 1418 2508 contumeliam
1462 2472 1659 2507 insultans
1707 2483 1846 2508 somno

295 2515 342 2551 24
355 2519 519 2561 excutit,
559 2523 838 2564 experrectum
873 2530 998 2565 seque
1032 2520 1276 2555 attollentem
1307 2520 1479 2556 letaliter
1507 2521 1547 2554 in
1575 2530 1745 2566 corpore
1771 2524 1846 2555 sta-

355 2565 424 2600 tim
457 2566 654 2611 vulnerat,
698 2577 777 2612 quo
810 2568 894 2603 ictu
932 2571 971 2603 et
1010 2577 1156 2613 corpus
1195 2568 1280 2603 eius
1319 2571 1358 2603 et
1389 2568 1546 2602 animus
1579 2568 1762 2612 graviter
1788 2570 1846 2602 est

294 2611 341 2646 25
355 2622 586 2649 concussus.
636 2613 700 2649 Ad
737 2614 984 2658 Tzimiscem,
1024 2616 1091 2660 qui
1118 2616 1158 2650 in
1196 2615 1309 2659 reg-io
1346 2615 1448 2650 lecto
1491 2614 1739 2658 consederat,
1781 2614 1847 2650 ad-

294 2659 340 2694 26
356 2660 501 2695 ductus
519 2661 598 2696 iam
618 2662 822 2697 collabens
843 2663 1045 2707 utrimque
1063 2662 1250 2698 suffultus
1270 2673 1360 2697 cum
1378 2665 1605 2708 rogaretur,
1629 2663 1777 2707 quibus
1795 2662 1846 2698 de

295 2707 341 2742 27
356 2708 487 2742 causis
511 2709 562 2743 ab
582 2719 629 2744 eo
650 2713 823 2745 vexatus
841 2713 955 2754 esset,
983 2710 1194 2756 quaerenti
1212 2720 1294 2745 non
1313 2709 1532 2754 respondit,
1560 2709 1630 2745 sed
1649 2709 1746 2744 illud
1764 2712 1847 2744 tan-

355 2758 439 2790 tum
457 2755 602 2800 “Iuva,
629 2756 789 2792 domine
799 2757 820 2769 ³³
846 2757 1044 2793 clamavit.
1095 2757 1212 2792 Iubet
1237 2758 1362 2803 igitur
1383 2757 1597 2792 Tzimisces
1616 2758 1847 2792 coniuratos

355 2802 538 2837 maxillas
574 2804 659 2838 eius
695 2804 847 2850 capulis
879 2804 1106 2850 gladiorum
1140 2805 1338 2850 pulsando
1373 2805 1630 2849 confringere
1657 2807 1728 2838 aut
1754 2804 1847 2839 den-

295 2848 342 2883 28
356 2852 415 2884 tes
438 2850 596 2885 elidere.
647 2851 804 2887 Deinde
823 2852 985 2897 quidam
1005 2853 1046 2887 in
1072 2855 1232 2898 tergum
1259 2854 1344 2887 cius
1370 2853 1525 2887 hastam
1551 2852 1606 2886 ita
1632 2852 1846 2896 intorquet,

296 2895 342 2931 29
355 2900 400 2932 ut
425 2907 498 2942 per
523 2901 665 2942 pectus
691 2899 929 2935 elaberetur.
981 2899 1174 2936 Tumultu
1199 2900 1250 2935 ab
1277 2899 1534 2935 cubiculariis
1558 2900 1733 2935 excitato
1752 2899 1846 2943 (iam
