1968 3302
6 971 200 1009 P1135A

285 228 332 267 86
687 224 868 265 ZONAR.
896 225 1027 263 EPIT.
1055 223 1153 262 XIII
1181 223 1236 268 18,
1260 218 1393 260 9—23.

227 351 369 395 1οὗπὸ
390 354 476 394 τῶν
503 349 858 403 Θεσσαλονικέων,
892 350 917 392 ὁ
940 349 985 392 δὲ
1017 349 1202 404 ἔπαρχος
1233 344 1461 403 ἒφονεύθη,
1495 343 1788 394 στασιάσαντος

227 422 358 463 11τοῦ
398 421 538 475 δήμου
578 417 629 461 δι’
672 420 801 465 αἰτίας
837 418 961 464 τινάς.
1023 417 1112 459 τότε
1149 416 1227 471 μὲν
1265 415 1341 458 οὖν
1379 415 1444 457 ἐπὶ
1479 419 1529 470 τῇ
1565 420 1639 458 τοῦ
1682 417 1786 459 λαοῦ

285 491 440 544 κινήσει
473 489 615 537 ἔδοξεν
647 489 942 542 ἀνεξικακῆσαι
975 487 998 528 ὁ
1030 486 1238 540 βασιλεύς*
1270 484 1372 539 μετόι
1404 483 1596 526 δὲταῦτα
1620 485 1788 528 ἱππικὸν

286 559 431 613 ἀγῶνα
478 558 655 612 ἐκήρυξε
699 557 769 598 καὶ
812 560 885 598 τοῦ
929 556 1034 597 λαοῦ
1079 555 1383 610 ἀθροισθέντος
1420 554 1485 596 ἐπὶ
1522 553 1568 596 τὸ
1605 554 1788 609 θέατρον

285 627 547 681 περιέστησεν
579 626 719 672 αὐτοῖς
749 624 797 666 τὰ
831 624 1115 679 στρατεύματα
1145 624 1216 666 καὶ
1237 623 1536 672 κατετόξευσαν
1556 622 1628 665 τὸν
1650 623 1823 679 δῆμονῦ

286 696 356 738 καὶ
396 695 707 750 κατηκόντισαν,
754 694 861 736 ὥστε
899 694 1044 735 θανεῖν
1082 694 1126 741 ἐξ
1162 693 1303 735 αὐτῶν
1334 693 1430 747 ἄχρι
1460 695 1546 734 τῶν
1576 693 1786 735 πεντεκαί-

227 766 272 801 12
288 766 390 808 δεκα
423 764 632 819 χιλιάδων.
694 762 765 804 καὶ
797 763 934 809 οὕτως
966 762 1177 817 ἐκπλήσας
1209 762 1233 804 ὁ
1270 761 1498 807 Θεοδόσιος
1528 761 1600 803 τὸν
1630 761 1786 816 θυμόν,

227 835 272 870 13
287 834 448 876 ἐκεῖθεν
480 833 648 887 ἀπάρας
679 833 735 878 εἷς
766 831 840 886 τὴν
870 831 989 873 πόλιν
1020 834 1105 873 τῶν
1126 830 1407 872 Μεδιολάνων
1433 830 1615 884 ἄφίκετο.
1679 830 1788 872 ὅπου

287 902 358 945 καὶ
392 903 578 957 ἠλέγχθη
618 900 735 955 παρὰ
773 905 846 943 τοῦ
884 900 1069 955 μεγάλου
1096 900 1352 955 Ἀμβροσίου
1390 899 1461 940 καὶ
1500 899 1697 941 εἶσελθεῖν
1733 900 1790 946 εἰς

229 972 272 1008 14
286 971 359 1026 τὴν
392 971 614 1025 ἐκκλησίαν
646 971 697 1012 οὗ
730 970 1039 1024 συγκεχώρητο.
1102 969 1173 1010 καὶ
1195 969 1246 1010 οὗ
1268 968 1473 1022 πρότερον
1495 968 1652 1023 ἐφῆκεν
1673 968 1791 1023 αὐτῷ
1806 971 1851 1007 10

285 1040 360 1095 τὴν
391 1041 448 1086 εἷς
478 1039 525 1081 τὸ
557 1040 675 1081 θεῖον
706 1039 875 1093 τέμενος
907 1038 1081 1086 εἴσοδον,
1123 1039 1160 1080 εἶ
1191 1037 1251 1092 μὴ
1285 1037 1417 1091 νόμον
1449 1038 1569 1079 ἔθετο
1600 1036 1673 1084 τὰς
1702 1037 1789 1092 ψή-

288 1126 399 1165 φους
429 1108 503 1156 τὰς
534 1107 713 1163 φονικὰς
743 1107 802 1162 μὴ
835 1107 1041 1162 πρότερον
1073 1107 1382 1162 ἐκβιβάζεσθαι,
1423 1105 1521 1160 πρὶν
1554 1107 1606 1148 ἂν
1636 1106 1790 1160 παρέλ-

229 1179 274 1215 15
287 1179 406 1221 θοιεν
449 1177 551 1232 μετὰ
594 1177 668 1232 τὴν
711 1181 862 1232 ψῆφον
905 1177 1058 1232 ἡμέραι
1093 1176 1324 1229 τριάκοντα.
1386 1179 1508 1217 τοῦτο
1548 1175 1586 1217 δ’
1625 1175 1791 1230 ἐποίησε

282 1246 357 1289 διὰ
388 1246 435 1289 τὸ
465 1250 540 1289 τοῦ
572 1246 778 1302 βασιλέως
809 1245 1050 1299 ὀξύρροπον
1082 1245 1139 1291 εἷς
1169 1243 1325 1298 θυμόν,
1365 1244 1429 1285 ἵνα
1465 1243 1532 1285 διὰ
1563 1247 1648 1286 τῶν
1678 1244 1790 1298 τριά-

289 1332 417 1359 κοντα
450 1317 625 1371 ἡμερῶν
652 1318 727 1356 τοῦ
759 1315 905 1368 θυμοῦ
937 1314 1374 1368 καταστορεννυμὲνου
1407 1313 1591 1360 ἀπαθῶς
1629 1313 1789 1355 ἐπισκέ-
1806 1313 1851 1350 15

287 1401 434 1440 πτηται
464 1384 537 1431 τὰς
567 1384 746 1439 ψήφους
777 1383 847 1424 καὶ
883 1382 956 1429 τὰς
991 1382 1070 1437 μὲν
1107 1382 1311 1437 ἐννόμους
1348 1386 1484 1436 κυροῖ)
1527 1385 1613 1423 τῶν
1653 1381 1699 1424 δὲ
1739 1378 1789 1423 δι’

230 1455 274 1491 16
289 1452 420 1509 ὀργὴν
460 1454 562 1500 ἴσως
601 1453 904 1508 ἐψηφισμένων
942 1452 1090 1506 ἀργίαν
1126 1451 1476 1506 καταψηφίζηται.
1538 1455 1600 1505 τῷ
1639 1450 1684 1492 δὲ
1722 1467 1791 1492 τυ-

290 1595 310 1630 1
338 1597 389 1630 ὅτι
416 1595 595 1631 ἐστασίασε
620 1594 711 1630 κατὰ
740 1595 933 1631 Θεοδοσίου
959 1595 979 1629 ὁ
1003 1595 1117 1639 δῆμος
1142 1598 1213 1629 τῶν
1243 1594 1546 1630 Θεσσαλονικέων·
1580 1594 1600 1628 ὁ
1625 1592 1664 1628 δὲ
1688 1593 1793 1628 ἔκτει-

289 1657 349 1679 νεν
374 1643 492 1727 αέζτῶν
518 1643 602 1679 ὡσεὶ
628 1644 667 1679 ιε’
695 1643 864 1689 χιλιάδας,
891 1642 952 1678 καὶ
978 1643 1075 1681 ὅπως
1100 1642 1258 1688 ἠλέγχθη
1285 1641 1380 1687 παρὰ
1398 1646 1458 1676 τοῦ
1474 1641 1793 1688 μεγάλουνἎμβρο-

291 1692 368 1727 σίου

363 1823 383 1858 1
411 1823 673 1859 θεσαλονικὲων
701 1823 786 1868 (Sic)
814 1821 849 1857 A
898 1822 921 1857 2
946 1822 1009 1857 οὗν
1037 1833 1111 1858 om.
1140 1821 1169 1858 C
1315 1822 1337 1857 3
1363 1822 1496 1866 νικήσει
1522 1821 1570 1865 D,
1598 1832 1700 1858 corr.
1725 1821 1795 1860 Dw

410 1871 536 1913 ἔδοξαν
553 1871 585 1906 Ε
682 1871 706 1906 4
730 1876 782 1916 τῷ
799 1870 940 1915 θέατρῳ
963 1870 998 1905 D
1097 1871 1119 1906 6
1145 1873 1236 1916 post
1260 1870 1341 1915 ἄχρι
1369 1870 1462 1905 add.
1487 1869 1548 1905 καὶ
1566 1869 1602 1904 D
1701 1870 1722 1906 7
1739 1869 1797 1904 τὸν

363 1919 481 1964 θυμὸν
498 1920 519 1954 ὅ
535 1920 634 1955 θεοῦ.
650 1918 679 1955 C
777 1919 799 1954 9
823 1918 959 1964 ἠλέχθη
981 1919 1066 1961 (Sic)
1085 1917 1120 1953 A
1219 1921 1310 1963 post
1331 1918 1528 1964 ἀμβροσίου
1547 1917 1640 1953 add.
1658 1916 1717 1953 διὰ
1734 1917 1797 1963 τὴν

364 1972 435 2002 τῶν
449 1967 734 2003 θεσσαλονικέων
749 1966 889 2012 σφαγὴν
905 1965 1001 2011 pr
1094 1966 1140 2001 10
1164 1965 1227 2012 τὴν
1243 1977 1316 2002 om.
1333 1966 1364 2001 E
1453 1965 1496 2000 11
1523 1966 1663 2010 τέμενος
1675 1963 1795 2010 ARW,

364 2015 515 2060 θέμενος
540 2013 649 2061 p*Di
747 2014 792 2049 14
817 2015 866 2053 εἷς
893 2013 940 2057 Α,
965 2013 1052 2059 πρὸς
1078 2014 1177 2058 pr
1276 2014 1320 2048 15
1347 2013 1684 2058 καταστορεσθέντος
1709 2013 1796 2058 Dw‚

365 2063 689 2109 κατακορεσθέντος
716 2074 740 2108 p
768 2063 942 2098 fortasse
970 2063 1204 2097 coniectura
1303 2062 1348 2098 17
1374 2061 1674 2107 ἕπιηνηφισμένων
1699 2061 1731 2096 Ε

294 2204 386 2230 cum
422 2195 548 2240 copiis
585 2195 681 2238 suis,
718 2194 942 2239 ignominia
975 2194 1145 2229 affectus
1180 2196 1238 2229 est
1272 2194 1323 2228 ab
1358 2193 1796 2237 Thessalonicensibus,

234 2237 281 2272 10
295 2242 503 2288 praefecto
542 2252 616 2288 per
651 2242 887 2278 seditionem
928 2242 1067 2287 populi
1106 2241 1348 2286 quibusdam
1394 2241 1444 2276 de
1489 2241 1622 2276 causis
1668 2243 1797 2276 ortam

235 2286 277 2320 11
293 2291 518 2326 interfecto.
586 2290 689 2325 Tum
733 2290 859 2335 igitur
901 2289 1040 2335 populi
1083 2292 1215 2324 motus
1251 2290 1363 2324 visus
1402 2292 1462 2324 est
1500 2288 1673 2324 tolerare
1709 2298 1795 2332 rex,

294 2337 366 2373 sed
398 2337 567 2383 posthac
599 2338 778 2383 equestri
805 2338 1024 2372 certamine
1050 2337 1201 2372 indicto
1230 2340 1268 2372 et
1295 2337 1445 2382 populo
1473 2338 1724 2382 congregato
1754 2336 1797 2371 in

294 2385 496 2421 theatrum
523 2385 788 2421 circumdedit
810 2385 1191 2420 Thessalonicenses
1217 2385 1458 2430 legionibus,
1492 2394 1597 2426 quae
1623 2383 1795 2418 multitu-

296 2433 430 2468 dinem
465 2433 623 2479 sagittis
659 2436 698 2469 et
731 2433 874 2468 iaculis
908 2433 964 2467 ita
997 2433 1272 2475 confecerunt,
1310 2435 1355 2467 ut
1389 2431 1713 2467 interficerentur
1744 2431 1796 2466 ad

236 2477 280 2511 12
295 2480 367 2516 XV
403 2481 524 2515 milia.
588 2479 653 2517 Sic
695 2481 856 2526 expleto
896 2480 1148 2515 Theodosius
1187 2481 1320 2515 animo
1359 2479 1454 2514 inde
1495 2480 1702 2524 profectus
1744 2478 1797 2514 ad

236 2525 281 2559 13
296 2529 439 2563 urbem
464 2528 738 2564 Mediolanum
765 2529 887 2563 venit.
939 2527 1015 2564 Ubi
1044 2531 1083 2562 et
1110 2528 1365 2573 vituperatus
1396 2530 1455 2562 est
1482 2537 1505 2561 a
1530 2537 1680 2568 magno
1707 2525 1798 2561 Am·

236 2571 281 2606 14
295 2576 431 2611 brosio
464 2578 503 2611 et
536 2577 725 2621 ingressu
757 2576 952 2612 ecclesiae
982 2575 1219 2620 prohibitus.
1271 2575 1412 2620 Neque
1445 2575 1556 2620 prius
1588 2574 1654 2609 ille
1687 2574 1797 2609 dedit

294 2624 532 2669 imperatori
558 2623 711 2658 aditum
739 2624 780 2658 in
807 2623 996 2659 sacellum
1026 2623 1219 2667 divinum,
1248 2633 1368 2668 quam
1395 2623 1486 2668 lege
1507 2622 1718 2665 sanxisset,
1745 2632 1797 2656 ne

296 2671 522 2706 sententiae
561 2671 755 2716 capitales
795 2674 890 2706 ante
930 2670 1157 2710 ederentur,
1202 2681 1322 2715 quam
1366 2670 1669 2715 praeteriissent
1706 2671 1797 2714 post

236 2715 281 2750 15
296 2719 537 2753 sententiam
564 2719 649 2754 dies
674 2718 797 2754 XXX.
848 2718 936 2753 Hoc
962 2721 1096 2753 autem
1124 2719 1219 2753 fecit
1237 2717 1474 2752 Ambrosius
1502 2717 1552 2752 ob
1579 2717 1688 2762 regis
1714 2717 1796 2751 ani-

295 2776 404 2800 mum
439 2766 491 2800 ad
523 2766 777 2801 iracundiam
817 2767 1058 2811 proniorem,
1098 2769 1143 2800 ut
1175 2776 1247 2811 per
1279 2766 1351 2800 hos
1386 2764 1498 2799 XXX
1532 2764 1617 2799 dies
1649 2764 1796 2799 lenitus

296 2813 516 2858 imperator
542 2815 629 2850 sine
654 2815 715 2849 ira
741 2815 1055 2859 recognosceret
1081 2814 1301 2848 sententias
1324 2815 1446 2858 atque
1472 2812 1559 2846 illas
1577 2814 1697 2855 ratas,
1723 2812 1796 2847 has

237 2859 282 2894 16
297 2860 348 2895 ab
376 2861 589 2896 iracundia
615 2862 753 2896 forsan
784 2862 988 2907 profectas
1017 2861 1151 2895 irritas
1183 2862 1347 2895 faceret.
1399 2860 1628 2898 Eugenium
1660 2861 1796 2894 autem

297 2911 515 2955 tyrannum
534 2910 575 2945 in
594 2907 733 2946 Galliis
755 2909 908 2957 proelio
937 2910 1044 2946 facto
1073 2909 1197 2946 vincit
1224 2911 1262 2946 et
1290 2907 1593 2954 comprehendit
1620 2910 1659 2942 et
1684 2907 1795 2945 tollit.
