2054 3282
642 218 882 261 IVSTINVS
908 218 957 259 Π.
1001 217 1284 259 AEDIFICIA.
1648 219 1718 259 175

355 345 485 395 ἄξιον,
517 345 556 388 ὦ
587 345 729 400 Ῥώμη
761 345 1083 400 μεγαλόκρατες,
1116 345 1231 386 ἀντία
1264 348 1350 386 σεῖο

416 415 570 461 κάλλος
601 412 671 456 ἀπ’
705 414 924 469 Εὐρώπης
957 415 1144 469 δέρκεται
1175 415 1232 460 εἷς
1265 414 1414 468 Ἀσίην.

215 485 317 539 αὕτη
350 485 375 539 ἡ
414 484 573 538 βασιλὶς
604 484 748 538 Σοφία
790 484 1119 538 ἀκριβωσαμένη
1164 483 1322 529 πάντας
1365 483 1462 529 τοὺς
1506 482 1754 529 δανειστάςῖ

214 553 285 595 καὶ
317 553 395 594 ὅσα
428 553 530 598 τινὲς
562 553 703 599 αὐτοῖς
734 553 919 606 ὤφειλον
950 553 1026 594 εἴτε
1058 549 1109 593 δι’
1143 553 1373 607 ἐγγράφων
1404 555 1430 607 ἢ
1463 552 1535 594 καὶ
1557 550 1608 593 δι’
1632 553 1718 593 ἐνε-

179 627 202 663 5
214 622 375 677 χύρων,
420 622 623 676 κατέβαλε
660 622 739 676 μὲν
776 622 916 667 αὐτοῖς
952 621 1000 662 τὰ
1034 622 1175 663 δάνεια
1208 622 1394 669 οἴκοθεν,
1439 621 1562 676 ἔλαβε
1594 621 1639 662 δὲ
1670 620 1718 661 τὰ

215 692 392 745 ἐνέχυρα
429 690 500 732 καὶ
536 691 585 732 τὰ
630 692 836 745 ἔγγραφα,
881 690 952 732 καὶ
987 690 1037 731 τὰ
1067 690 1146 745 μὲν
1178 691 1354 744 ἐνέχυρα
1386 694 1471 736 τοῖς
1503 689 1770 736 δεσπόταιςῙ)

217 761 428 814 ἀπέδωκε,
472 760 521 801 τὰ
563 760 600 801 δ’
633 761 824 814 ἔγγραφα
866 760 1099 814 ἐξηφάνισε.
1162 763 1340 813 νοσεροῦ
1380 759 1424 800 δὲ
1460 759 1601 814 τυχὼν
1633 759 1756 801 σοῦ-8
1782 764 1965 801 W11158

215 844 349 883 ματος
380 829 404 869 ὁ
435 828 627 883 βασιλεὺς
667 827 790 875 οὗτος
832 828 904 870 καὶ
949 828 1015 869 διὰ
1055 833 1176 870 τοῦτο
1214 828 1274 882 μὴ
1314 832 1502 883 συνεχῶς
1540 828 1718 883 προϊών,

59 907 117 944 III
132 908 202 944 286
215 898 313 944 τοὺς
344 898 501 939 ἀδικεῖν
531 897 834 952 βουλομένους,
872 898 934 944 ὡς
964 897 1148 952 μηδενὸς
1181 898 1301 943 ὄντος
1331 901 1406 938 τοῦ
1439 897 1719 952 ἐκδικοῦντος,

158 974 201 1008 10
215 967 485 1020 ἀδεεστέρους
506 966 686 1021 ἐποίησε.
749 967 823 1007 καί
839 982 940 1007 ποτε
960 966 1190 1020 προελθὼν
1211 966 1446 1021 ἠνωχλήθη
1468 966 1585 1020 παρὰ
1616 966 1718 1007 πολ-
1733 972 1756 1008 9

214 1036 302 1077 λῶν
334 1036 396 1082 ὡς
427 1036 736 1090 ἀδικουμένων.
800 1036 969 1090 γέγονεν
1001 1034 1078 1076 οὖν
1109 1036 1134 1090 ἡ
1167 1039 1253 1076 τῶν
1285 1035 1581 1090 ἀδικουμένων
1609 1035 1718 1077 ἐκδί-
1736 1042 1780 1076 10

214 1121 334 1159 κησις
366 1105 432 1146 διὰ
465 1105 690 1159 φροντίδος
721 1105 848 1158 αὐτῷ.
911 1105 1171 1159 φροντίζοντι
1204 1105 1250 1146 δὲ
1280 1105 1374 1159 περὶ
1405 1105 1555 1145 τούτου
1586 1104 1718 1158 πρόσ-
1735 1111 1777 1145 11

215 1174 292 1215 εισί
325 1190 383 1220 τις
422 1173 790 1228 ἐπαγγελλόμενος,
837 1174 874 1214 εἰ
902 1174 1088 1228 ἔπαρχος
1119 1174 1277 1227 γένοιτο
1309 1173 1380 1215 καὶ
1411 1173 1516 1215 κατὰ
1548 1174 1720 1214 πάντων

216 1244 333 1298 αὐτῷ
376 1244 542 1292 ἐξουσία
589 1242 716 1298 δοθῇ,
762 1239 813 1284 δι’
847 1242 1087 1297 ὡρισμένου
1126 1246 1277 1296 καιροῦ
1311 1243 1461 1297 μήτινα
1495 1242 1720 1297 εὑρεθῆναι

157 1319 202 1353 15
215 1313 288 1354 τὸν
326 1313 621 1367 ἀδικούμενον.
683 1311 829 1366 ἡσθεὶς
867 1310 944 1352 οὗν
980 1316 1029 1366 τῇ
1061 1311 1282 1366 ὑποσχέσει
1313 1311 1439 1366 ταύτῃ
1473 1311 1497 1352 ὁ
1529 1311 1721 1365 βασιλεὺς
1736 1318 1780 1353 12
1801 1317 1977 1355 P1171A

216 1381 288 1423 τὸν
324 1382 459 1435 ἄνδρα
500 1382 660 1423 ἐκεῖνον
697 1381 1011 1435 προεχειρίσατο
1043 1381 1241 1435 ἔπαρχον.
1304 1380 1327 1421 ὁ
1361 1380 1406 1421 δὲ
1437 1380 1719 1435 προκαθίσας,
1735 1388 1780 1423 13

215 1511 240 1547 3
263 1513 314 1547 ὅτι
341 1511 401 1551 τὰς
426 1511 569 1557 ὀφειλὰς
593 1516 665 1547 τῶν
690 1512 764 1546 τότε
788 1511 1066 1557 χρεωστούντων
1090 1510 1250 1546 ἀπέτισεν
1272 1511 1294 1556 ἡ
1313 1511 1498 1557 Αὐγούστα
1516 1512 1638 1556 Σοφία
1656 1510 1720 1547 CE

218 1560 264 1595 10
287 1560 366 1605 περὶ
391 1565 451 1595 τοῦ
477 1560 634 1605 ἐπάρχου
662 1560 895 1605 (πατριάρχου
914 1559 957 1604 Ε,
983 1563 1029 1594 ut
1051 1558 1229 1602 videtur)
1255 1559 1315 1594 καὶ
1340 1564 1401 1594 τοῦ
1427 1559 1635 1598 ἀδικοῦντος
1660 1559 1721 1595 καὶ

215 1607 267 1654 μὴ
293 1608 552 1655 ἀπαντήσαντος
578 1609 627 1646 εἶς
652 1607 690 1643 τὸ
713 1607 941 1654 δικαστήριον
957 1607 1065 1643 αὐτοῦ
1090 1610 1183 1650 (om.
1202 1606 1246 1651 C)
1267 1606 1330 1643 ΟΕ
1429 1608 1473 1643 16
1491 1609 1556 1652 ὅρα
1574 1607 1672 1649 ξένον
1688 1607 1720 1643 Β

291 1729 314 1764 2
332 1732 423 1775 post
434 1728 563 1767 κάλλος
577 1727 668 1764 add.
683 1727 716 1763 δ’
732 1727 764 1763 Ε
860 1727 884 1762 4
901 1727 961 1763 καὶ
974 1727 1146 1763 alterum
1163 1738 1237 1763 om.
1254 1727 1285 1762 E
1299 1728 1413 1763 initio
1430 1738 1535 1763 vers.
1633 1728 1656 1763 8
1668 1727 1719 1773 μὴ

292 1775 460 1822 prDi,
487 1775 602 1813 Cedr.
629 1775 646 1811 I
673 1787 710 1822 p.
729 1775 811 1821 680,
825 1775 882 1820 21,
911 1786 986 1811 om.
1001 1774 1037 1810 A
1111 1775 1156 1810 12
1182 1776 1427 1821 φροντίζοντος
1442 1776 1477 1810 D
1555 1775 1598 1810 14
1623 1775 1720 1821 αὐτῷ

291 1825 433 1865 ἐξουσία
459 1825 553 1869 δοθῆ
577 1825 622 1869 A,
648 1824 746 1869 αὐτῷ
772 1824 867 1870 δοθῆ
894 1824 1040 1859 omisso
1066 1823 1208 1865 ἐξουσία
1234 1823 1276 1868 Ε,
1304 1824 1428 1869 δοθείη
1454 1824 1596 1865 ἐξουσία
1622 1824 1720 1869 αὐτῷ

292 1872 336 1917 O,
362 1873 457 1916 αὐτῷ
483 1873 607 1918 δοθείη
634 1872 774 1913 ἐξουσία
799 1882 876 1917 wp,
902 1871 999 1916 αὐτῷ
1026 1871 1166 1912 ἐξουσία
1190 1872 1315 1917 δοθείη
1343 1871 1416 1915 Di,
1444 1883 1480 1907 v.
1501 1872 1517 1906 I
1538 1883 1574 1918 p.
1590 1872 1719 1916 97,12.

293 1919 372 1963 102,
399 1919 455 1955 22.
481 1920 562 1964 338,
591 1921 645 1955 13.
671 1919 754 1964 421,
781 1920 837 1955 16.
864 1919 956 1955 XVI
982 1919 1015 1963 9,
1041 1919 1099 1954 25.
1129 1919 1262 1954 XVIII
1288 1919 1345 1964 28,
1374 1920 1419 1954 10
1444 1923 1518 1956 cet.
1571 1919 1720 1965 Optati-

292 1978 388 2003 vum
415 1971 454 2003 et
480 1968 784 2003 coniunctivum
804 1967 1016 2013 coniungit
1034 1967 1175 2003 Zonar.
1203 1967 1221 2001 I
1247 1968 1379 2013 p.307‚
1397 1968 1451 2003 14.
1479 1967 1572 2003 XIV
1591 1968 1720 2012 15,14.

292 2015 424 2051 XVIII
454 2016 544 2060 17‚5
634 2019 724 2061 post
749 2016 843 2061 δοθῇ
869 2025 957 2051 esse
983 2015 1329 2061 distinguendum,
1356 2027 1437 2051 uon
1465 2019 1555 2061 post
1581 2021 1719 2060 καιροῦ,

292 2064 440 2098 docent
466 2069 506 2099 et
531 2063 622 2099 XIV
652 2064 706 2108 10,
729 2063 773 2097 16
800 2067 839 2099 et
865 2062 981 2099 Cedr.
1008 2063 1025 2098 Ι
1052 2074 1090 2109 p.
1115 2063 1275 2108 681,23;
1304 2064 1353 2099 cf.
1381 2067 1597 2109 praeterea
1623 2063 1718 2099 Gro-

294 2112 403 2146 bium
433 2111 571 2146 Gesch.
598 2111 637 2146 d.
664 2111 825 2147 ostrbm.
853 2109 967 2146 Kais.
993 2110 1133 2146 Justin
1160 2111 1213 2146 11.
1240 2110 1348 2158 Lips.
1377 2113 1469 2148 1889
1496 2123 1533 2157 p.
1559 2112 1605 2147 46

339 2160 472 2204 εὑρεθῆ
498 2158 544 2203 D,
573 2169 674 2195 corr.
701 2158 768 2197 Dw

388 2280 516 2321 Quam
545 2279 661 2323 bene,
687 2278 825 2322 Roma,
852 2281 996 2324 potens
1022 2281 1093 2314 tua
1119 2278 1251 2324 gloria
1278 2279 1467 2322 constitit,
1494 2279 1604 2315 unde

435 2327 542 2362 Euro
575 2337 623 2362 ae
650 2330 773 2372 atque
799 2326 922 2361 Asiae
948 2326 1089 2362 fertilis
1116 2336 1217 2361 arva
1242 2330 1394 2372 patent.

220 2376 332 2411 Haec
370 2376 515 2421 regina
571 2374 692 2420 ophia
721 2374 1021 2410 feneratoribus
1056 2375 1245 2409 omnibus
1279 2375 1509 2420 perquisitis
1547 2380 1585 2411 et
1626 2377 1756 2414 aere?

221 2425 366 2468 alieno,
405 2423 515 2469 quod
551 2423 597 2458 iis
631 2423 716 2457 sive
750 2432 801 2457 ex
836 2422 1081 2468 syngraphis
1108 2423 1194 2457 sive
1222 2423 1462 2467 pignoribus
1488 2424 1629 2469 positis
1656 2423 1720 2460 de—

221 2473 397 2515 beretur,
435 2471 572 2506 debita
599 2470 649 2506 de
676 2481 750 2506 suo
778 2470 970 2514 dissolvit,
1006 2470 1180 2515 pignora.
1206 2473 1375 2516 accepta
1414 2470 1585 2506 dominis
1611 2473 1721 2507 resti—

220 2521 296 2555 tuit
323 2523 362 2555 et
388 2519 645 2565 syngraphas
678 2519 806 2553 factas
839 2518 1028 2553 abolevit.
1080 2517 1159 2553 Sed
1186 2527 1257 2553 rex
1287 2528 1376 2552 cum
1405 2523 1509 2554 esset
1536 2519 1756 2554 morbido-‘5

220 2578 390 2613 corpore
417 2577 550 2612 neque
578 2568 813 2611 frequenter
838 2566 879 2601 in
907 2566 1112 2612 publicum
1142 2565 1332 2611 prodiret,
1371 2566 1517 2601 multos
1544 2567 1596 2602 ad
1624 2567 1720 2602 infe-

220 2616 386 2650 rendam
414 2615 501 2650 aliis
527 2615 727 2659 iniuriam,
767 2615 881 2659 quasi
915 2614 1048 2648 nullus
1075 2623 1213 2648 earum
1256 2614 1407 2648 vindex
1446 2619 1562 2658 esset,
1600 2615 1719 2650 auda-

220 2665 349 2699 ciores
368 2662 553 2698 reddidit.
589 2661 687 2698 Cum
702 2667 837 2698 autem
854 2662 1073 2706 aliquando
1090 2671 1332 2707 progressus
1354 2672 1377 2696 a
1397 2663 1531 2697 multis
1546 2667 1720 2698 vexatus
1734 2667 1755 2700 9

221 2715 326 2746 esset
339 2710 389 2745 de
402 2710 558 2745 iniuriis
573 2710 917 2755 conquerentibus
932 2709 1064 2755 deque
1080 2711 1126 2744 iis
1142 2709 1397 2745 vindicandis
1411 2711 1621 2756 cogitaret,
1636 2712 1718 2756 qui·
1739 2715 1788 2749 10.
1820 2714 1860 2749 11

222 2760 313 2794 dam
341 2759 393 2793 ad
420 2768 510 2794 eum
526 2759 706 2802 accessit,
734 2759 802 2803 qui
822 2758 1100 2803 pollicebatur,
1128 2758 1159 2791 si
1181 2758 1411 2802 praefectus
1427 2763 1586 2793 creatus
1614 2764 1719 2794 esset

223 2811 262 2842 et
288 2810 527 2852 potestatem
555 2806 595 2840 in
617 2816 755 2840 omnes
769 2807 1003 2851 accepisset,
1032 2806 1136 2840 intra
1164 2810 1317 2840 cei-tuin
1345 2807 1717 2851 tempusueminem

222 2855 430 2889 inventum
458 2855 517 2898 iri,
555 2854 619 2889 cui
647 2854 760 2889 lieret
787 2854 945 2889 iniuria.
997 2853 1053 2887 Ea
1082 2853 1368 2899 pollicitatione
1395 2854 1619 2890 delectatus
1646 2866 1715 2890 rex
1736 2858 1780 2891 12

223 2902 330 2937 illum
348 2902 544 2937 hominem
563 2902 811 2948 praesectum
832 2901 1031 2946 designat.
1086 2901 1119 2935 Is
1148 2911 1236 2936 cuin
1267 2911 1337 2947 pro
1354 2902 1544 2937 tribunali
1559 2903 1715 2938 sederet
1737 2905 1779 2939 13
