<?xml version="1.0" encoding="UTF-8"?>
<!DOCTYPE html PUBLIC "-//W3C//DTD XHTML 1.0 Transitional//EN"
    "http://www.w3.org/TR/xhtml1/DTD/xhtml1-transitional.dtd">
<html xmlns="http://www.w3.org/1999/xhtml" xml:lang="en" lang="en">
 <head>
  <title>
</title>
<meta http-equiv="Content-Type" content="text/html;charset=utf-8" />
  <meta name='ocr-system' content='tesseract 3.04.00' />
  <meta name='ocr-capabilities' content='ocr_page ocr_carea ocr_par ocr_line ocrx_word'/>
</head>
<body>
  <div class='ocr_page' id='page_1' title='image "./corpusscriptorum31niebuoft/corpusscriptorum31niebuoft_0121.png"; bbox 0 0 1968 3302; ppageno 0'>
   <div class='ocr_carea' id='block_1_1' title="bbox 165 200 1670 260">
    <p class='ocr_par' dir='ltr' id='par_1_1' title="bbox 165 200 1670 260">
     <span class='ocr_line' id='line_1_1' title="bbox 165 200 1670 260; baseline -0.004 0"><span class='ocrx_word' id='word_1_1' title='bbox 165 208 430 260; x_wconf 66' lang='lat' dir='ltr'><em>ARcAmvs</em></span> <span class='ocrx_word' id='word_1_2' title='bbox 447 208 515 258; x_wconf 72' lang='lat' dir='ltr'><em>ET</em></span> <span class='ocrx_word' id='word_1_3' title='bbox 532 206 806 258; x_wconf 57' lang='lat' dir='ltr'>notiomvs.</span> <span class='ocrx_word' id='word_1_4' title='bbox 857 202 1267 257; x_wconf 55' lang='lat' dir='ltr'>cnizrsosroiivs</span> <span class='ocrx_word' id='word_1_5' title='bbox 1285 200 1563 255; x_wconf 62' lang='lat' dir='ltr'><strong>Expvnsvs.</strong></span> <span class='ocrx_word' id='word_1_6' title='bbox 1623 203 1670 253; x_wconf 67' lang='lat'><em>95</em></span> 
     </span>
    </p>
   </div>
   <div class='ocr_carea' id='block_1_2' title="bbox 0 0 78 2043">
    <p class='ocr_par' dir='ltr' id='par_1_2' title="bbox 0 0 78 2043">
     <span class='ocr_line' id='line_1_2' title="bbox 0 0 78 2043; baseline 0 -1704"><span class='ocrx_word' id='word_1_7' title='bbox 0 0 78 2043; x_wconf 95' lang='lat' dir='ltr'><em>   </em></span> 
     </span>
    </p>
   </div>
   <div class='ocr_carea' id='block_1_3' title="bbox 7 340 1734 1496">
    <p class='ocr_par' dir='ltr' id='par_1_3' title="bbox 7 340 1710 605">
     <span class='ocr_line' id='line_1_3' title="bbox 7 340 1706 401; baseline -0.005 -12"><span class='ocrx_word' id='word_1_8' title='bbox 7 354 52 401; x_wconf 64' lang='lat' dir='ltr'><em>[u</em></span> <span class='ocrx_word' id='word_1_9' title='bbox 78 357 151 393; x_wconf 80' lang='lat'><em>233</em></span> <span class='ocrx_word' id='word_1_10' title='bbox 293 345 380 387; x_wconf 80' lang='grc' dir='ltr'><em>Τοῦ</em></span> <span class='ocrx_word' id='word_1_11' title='bbox 420 344 680 398; x_wconf 78' lang='grc' dir='ltr'><em>πατριάρχου</em></span> <span class='ocrx_word' id='word_1_12' title='bbox 722 342 768 385; x_wconf 86' lang='grc' dir='ltr'><em>δὲ</em></span> <span class='ocrx_word' id='word_1_13' title='bbox 800 341 1288 388; x_wconf 84' lang='grc' dir='ltr'><em>Κωνσταντινουπόλεως</em></span> <span class='ocrx_word' id='word_1_14' title='bbox 1317 340 1557 394; x_wconf 85' lang='grc' dir='ltr'><em>Νεκταρίου</em></span> <span class='ocrx_word' id='word_1_15' title='bbox 1588 341 1670 382; x_wconf 83' lang='grc' dir='ltr'><em>θα-</em></span> <span class='ocrx_word' id='word_1_16' title='bbox 1686 344 1706 379; x_wconf 80' lang='lat'><strong>7</strong></span> 
     </span>
     <span class='ocr_line' id='line_1_4' title="bbox 167 409 1671 467; baseline -0.004 -12"><span class='ocrx_word' id='word_1_17' title='bbox 167 413 312 459; x_wconf 86' lang='grc' dir='ltr'><em>νόντος</em></span> <span class='ocrx_word' id='word_1_18' title='bbox 347 412 419 454; x_wconf 88' lang='grc' dir='ltr'><em>τὸν</em></span> <span class='ocrx_word' id='word_1_19' title='bbox 455 416 642 467; x_wconf 79' lang='grc' dir='ltr'><em>χρυσοῦν</em></span> <span class='ocrx_word' id='word_1_20' title='bbox 672 411 746 466; x_wconf 84' lang='grc' dir='ltr'><em>τὴν</em></span> <span class='ocrx_word' id='word_1_21' title='bbox 778 411 962 465; x_wconf 84' lang='grc' dir='ltr'><em>γλῶτταν</em></span> <span class='ocrx_word' id='word_1_22' title='bbox 987 410 1189 464; x_wconf 75' lang='grc' dir='ltr'><em>Ἰωάννην</em></span> <span class='ocrx_word' id='word_1_23' title='bbox 1220 409 1266 458; x_wconf 80' lang='grc' dir='ltr'><em>ἕξ</em></span> <span class='ocrx_word' id='word_1_24' title='bbox 1290 409 1537 463; x_wconf 76' lang='grc' dir='ltr'><em>Ἀντιοχείας</em></span> <span class='ocrx_word' id='word_1_25' title='bbox 1568 409 1671 463; x_wconf 83' lang='grc' dir='ltr'><em>ἄγα-</em></span> 
     </span>
     <span class='ocr_line' id='line_1_5' title="bbox 167 477 1671 536; baseline -0.003 -13"><span class='ocrx_word' id='word_1_26' title='bbox 167 481 257 536; x_wconf 88' lang='grc' dir='ltr'><em>γὼν</em></span> <span class='ocrx_word' id='word_1_27' title='bbox 295 486 367 536; x_wconf 89' lang='grc' dir='ltr'><em>τῆς</em></span> <span class='ocrx_word' id='word_1_28' title='bbox 402 481 587 535; x_wconf 86' lang='grc' dir='ltr'><em>μεγάλης</em></span> <span class='ocrx_word' id='word_1_29' title='bbox 624 480 885 534; x_wconf 83' lang='grc' dir='ltr'><em>πατριάρχην</em></span> <span class='ocrx_word' id='word_1_30' title='bbox 928 483 1000 534; x_wconf 81' lang='grc' dir='ltr'><em>τῆς</em></span> <span class='ocrx_word' id='word_1_31' title='bbox 1042 479 1139 524; x_wconf 84' lang='grc' dir='ltr'><em>νέας</em></span> <span class='ocrx_word' id='word_1_32' title='bbox 1171 477 1341 532; x_wconf 42' lang='grc' dir='ltr'><em>(Ρώμης</em></span> <span class='ocrx_word' id='word_1_33' title='bbox 1383 477 1671 532; x_wconf 74' lang='grc' dir='ltr'><strong><em>προβάλλεται.</em></strong></span> 
     </span>
     <span class='ocr_line' id='line_1_6' title="bbox 166 545 1710 605; baseline -0.005 -12"><span class='ocrx_word' id='word_1_34' title='bbox 166 550 315 605; x_wconf 78' lang='grc' dir='ltr'><em>νωθὴς</em></span> <span class='ocrx_word' id='word_1_35' title='bbox 354 550 399 591; x_wconf 85' lang='grc' dir='ltr'><em>δὲ</em></span> <span class='ocrx_word' id='word_1_36' title='bbox 438 551 502 590; x_wconf 83' lang='grc' dir='ltr'><em>ὢν</em></span> <span class='ocrx_word' id='word_1_37' title='bbox 537 548 608 590; x_wconf 87' lang='grc' dir='ltr'><em>καὶ</em></span> <span class='ocrx_word' id='word_1_38' title='bbox 646 548 720 603; x_wconf 83' lang='grc' dir='ltr'><em>τὴν</em></span> <span class='ocrx_word' id='word_1_39' title='bbox 761 549 935 603; x_wconf 78' lang='grc' dir='ltr'><em>γνώμην</em></span> <span class='ocrx_word' id='word_1_40' title='bbox 973 548 1081 602; x_wconf 84' lang='grc' dir='ltr'><em>πέρα</em></span> <span class='ocrx_word' id='word_1_41' title='bbox 1120 551 1194 588; x_wconf 88' lang='grc' dir='ltr'><em>τοῦ</em></span> <span class='ocrx_word' id='word_1_42' title='bbox 1235 546 1403 592; x_wconf 78' lang='grc' dir='ltr'><em>δέοντος</em></span> <span class='ocrx_word' id='word_1_43' title='bbox 1445 545 1710 600; x_wconf 84' lang='grc' dir='ltr'><em>μαλθακὸς8</em></span> 
     </span>
    </p>

    <p class='ocr_par' dir='ltr' id='par_1_4' title="bbox 129 614 1734 946">
     <span class='ocr_line' id='line_1_7' title="bbox 129 614 1708 673; baseline -0.004 -12"><span class='ocrx_word' id='word_1_44' title='bbox 129 618 248 662; x_wconf 77' lang='grc' dir='ltr'><em>ὃῦπὸ</em></span> <span class='ocrx_word' id='word_1_45' title='bbox 288 623 360 673; x_wconf 88' lang='grc' dir='ltr'><em>τῆς</em></span> <span class='ocrx_word' id='word_1_46' title='bbox 398 621 580 671; x_wconf 88' lang='grc' dir='ltr'><em>γαμετῆς</em></span> <span class='ocrx_word' id='word_1_47' title='bbox 618 617 849 671; x_wconf 79' lang='grc' dir='ltr'><em>κατήρχετο</em></span> <span class='ocrx_word' id='word_1_48' title='bbox 881 616 1103 664; x_wconf 76' lang='grc' dir='ltr'><em>Εὐδοξίας.</em></span> <span class='ocrx_word' id='word_1_49' title='bbox 1165 617 1191 670; x_wconf 84' lang='grc' dir='ltr'>ἡ</span> <span class='ocrx_word' id='word_1_50' title='bbox 1225 615 1271 657; x_wconf 82' lang='grc' dir='ltr'><em>δὲ</em></span> <span class='ocrx_word' id='word_1_51' title='bbox 1302 614 1354 670; x_wconf 79' lang='grc' dir='ltr'><em>ἦν</em></span> <span class='ocrx_word' id='word_1_52' title='bbox 1386 615 1556 669; x_wconf 88' lang='grc' dir='ltr'><em>γύναιον</em></span> <span class='ocrx_word' id='word_1_53' title='bbox 1588 615 1708 655; x_wconf 83' lang='grc' dir='ltr'><em>ἶτα-9</em></span> 
     </span>
     <span class='ocr_line' id='line_1_8' title="bbox 162 683 1672 742; baseline -0.003 -13"><span class='ocrx_word' id='word_1_54' title='bbox 162 687 246 742; x_wconf 87' lang='grc' dir='ltr'><em>μὸν</em></span> <span class='ocrx_word' id='word_1_55' title='bbox 277 687 348 728; x_wconf 82' lang='grc' dir='ltr'><em>καὶ</em></span> <span class='ocrx_word' id='word_1_56' title='bbox 378 686 610 741; x_wconf 80' lang='grc' dir='ltr'><em>χρημάτων</em></span> <span class='ocrx_word' id='word_1_57' title='bbox 644 686 885 740; x_wconf 80' lang='grc' dir='ltr'><em>ἡττώμενον</em></span> <span class='ocrx_word' id='word_1_58' title='bbox 916 686 1088 740; x_wconf 81' lang='grc' dir='ltr'><em>ἔρωτος,</em></span> <span class='ocrx_word' id='word_1_59' title='bbox 1134 684 1365 726; x_wconf 80' lang='grc' dir='ltr'><em>κάντεῦθεν</em></span> <span class='ocrx_word' id='word_1_60' title='bbox 1402 683 1474 724; x_wconf 84' lang='grc' dir='ltr'><em>καὶ</em></span> <span class='ocrx_word' id='word_1_61' title='bbox 1513 683 1672 725; x_wconf 82' lang='grc' dir='ltr'><em>ἀδικώ-</em></span> 
     </span>
     <span class='ocr_line' id='line_1_9' title="bbox 162 751 1734 808; baseline -0.003 -12"><span class='ocrx_word' id='word_1_62' title='bbox 162 770 295 797; x_wconf 89' lang='grc' dir='ltr'><em>τατον.</em></span> <span class='ocrx_word' id='word_1_63' title='bbox 364 755 467 796; x_wconf 84' lang='grc' dir='ltr'><em>ὅθεν</em></span> <span class='ocrx_word' id='word_1_64' title='bbox 510 754 580 795; x_wconf 80' lang='grc' dir='ltr'><em>καὶ</em></span> <span class='ocrx_word' id='word_1_65' title='bbox 627 753 744 808; x_wconf 87' lang='grc' dir='ltr'><em>παρὰ</em></span> <span class='ocrx_word' id='word_1_66' title='bbox 787 758 861 795; x_wconf 81' lang='grc' dir='ltr'><em>τοῦ</em></span> <span class='ocrx_word' id='word_1_67' title='bbox 905 754 1090 808; x_wconf 81' lang='grc' dir='ltr'><em>μεγάλου</em></span> <span class='ocrx_word' id='word_1_68' title='bbox 1133 752 1293 806; x_wconf 86' lang='grc' dir='ltr'><em>πατρὸς</em></span> <span class='ocrx_word' id='word_1_69' title='bbox 1329 751 1674 806; x_wconf 81' lang='grc' dir='ltr'><em>ἀνακοπτόμενον</em></span> <span class='ocrx_word' id='word_1_70' title='bbox 1690 757 1734 792; x_wconf 83' lang='grc'><em>10</em></span> 
     </span>
     <span class='ocr_line' id='line_1_10' title="bbox 164 820 1674 879; baseline -0.002 -14"><span class='ocrx_word' id='word_1_71' title='bbox 164 828 236 879; x_wconf 82' lang='grc' dir='ltr'><em>τῆς</em></span> <span class='ocrx_word' id='word_1_72' title='bbox 274 824 412 878; x_wconf 83' lang='grc' dir='ltr'><em>ὁρμῆς</em></span> <span class='ocrx_word' id='word_1_73' title='bbox 450 824 532 864; x_wconf 82' lang='grc' dir='ltr'><em>ἔστι</em></span> <span class='ocrx_word' id='word_1_74' title='bbox 572 820 609 864; x_wconf 80' lang='grc' dir='ltr'><em>δ’</em></span> <span class='ocrx_word' id='word_1_75' title='bbox 650 821 701 863; x_wconf 87' lang='grc' dir='ltr'><em>οὗ</em></span> <span class='ocrx_word' id='word_1_76' title='bbox 741 822 811 863; x_wconf 80' lang='grc' dir='ltr'><em>καὶ</em></span> <span class='ocrx_word' id='word_1_77' title='bbox 851 822 1156 876; x_wconf 76' lang='grc' dir='ltr'><em>ἐπιτιμώμενον</em></span> <span class='ocrx_word' id='word_1_78' title='bbox 1200 821 1398 876; x_wconf 73' lang='grc' dir='ltr'><em>ἠρέθιστο</em></span> <span class='ocrx_word' id='word_1_79' title='bbox 1441 822 1499 868; x_wconf 85' lang='grc' dir='ltr'><em>εἷς</em></span> <span class='ocrx_word' id='word_1_80' title='bbox 1542 820 1674 876; x_wconf 82' lang='grc' dir='ltr'><em>ὀργὴν</em></span> 
     </span>
     <span class='ocr_line' id='line_1_11' title="bbox 164 889 1732 946; baseline -0.003 -12"><span class='ocrx_word' id='word_1_81' title='bbox 164 892 235 934; x_wconf 85' lang='grc' dir='ltr'><em>καὶ</em></span> <span class='ocrx_word' id='word_1_82' title='bbox 267 892 510 946; x_wconf 83' lang='grc' dir='ltr'><em>ἀμύνασθαι</em></span> <span class='ocrx_word' id='word_1_83' title='bbox 541 891 613 932; x_wconf 89' lang='grc' dir='ltr'><em>τὸν</em></span> <span class='ocrx_word' id='word_1_84' title='bbox 646 892 764 945; x_wconf 79' lang='grc' dir='ltr'><em>ἅγιον</em></span> <span class='ocrx_word' id='word_1_85' title='bbox 796 891 1005 932; x_wconf 77' lang='grc' dir='ltr'><em>ἔσπευδεν.</em></span> <span class='ocrx_word' id='word_1_86' title='bbox 1068 891 1251 945; x_wconf 79' lang='grc' dir='ltr'><em>εὑροῦσα</em></span> <span class='ocrx_word' id='word_1_87' title='bbox 1286 889 1331 931; x_wconf 89' lang='grc' dir='ltr'><em>δὲ</em></span> <span class='ocrx_word' id='word_1_88' title='bbox 1362 890 1433 932; x_wconf 81' lang='grc' dir='ltr'><em>καὶ</em></span> <span class='ocrx_word' id='word_1_89' title='bbox 1462 889 1535 932; x_wconf 89' lang='grc' dir='ltr'><em>τὸν</em></span> <span class='ocrx_word' id='word_1_90' title='bbox 1559 890 1672 932; x_wconf 82' lang='grc' dir='ltr'><em>Ἀλε-</em></span> <span class='ocrx_word' id='word_1_91' title='bbox 1689 895 1732 930; x_wconf 89' lang='grc'><em>11</em></span> 
     </span>
    </p>

    <p class='ocr_par' dir='ltr' id='par_1_5' title="bbox 107 958 1734 1289">
     <span class='ocr_line' id='line_1_12' title="bbox 107 958 1718 1015; baseline -0.002 -12"><span class='ocrx_word' id='word_1_92' title='bbox 107 969 153 1004; x_wconf 89' lang='lat'>10</span> <span class='ocrx_word' id='word_1_93' title='bbox 166 961 384 1015; x_wconf 79' lang='grc' dir='ltr'><em>ξανδρείας</em></span> <span class='ocrx_word' id='word_1_94' title='bbox 429 959 637 1014; x_wconf 81' lang='grc' dir='ltr'><em>Θεόφιλον</em></span> <span class='ocrx_word' id='word_1_95' title='bbox 683 964 756 1014; x_wconf 82' lang='grc' dir='ltr'><em>τῆς</em></span> <span class='ocrx_word' id='word_1_96' title='bbox 802 961 957 1006; x_wconf 83' lang='grc' dir='ltr'><em>κακίας</em></span> <span class='ocrx_word' id='word_1_97' title='bbox 1003 960 1132 1014; x_wconf 81' lang='grc' dir='ltr'><em>αὐτῆς</em></span> <span class='ocrx_word' id='word_1_98' title='bbox 1179 958 1380 1013; x_wconf 86' lang='grc' dir='ltr'><em>συνεργὸν</em></span> <span class='ocrx_word' id='word_1_99' title='bbox 1425 959 1560 1000; x_wconf 90' lang='grc' dir='ltr'><em>πείθει</em></span> <span class='ocrx_word' id='word_1_100' title='bbox 1602 958 1718 1000; x_wconf 82' lang='grc' dir='ltr'><em>τὸνΟ</em></span> 
     </span>
     <span class='ocr_line' id='line_1_13' title="bbox 159 1027 1734 1083; baseline -0.001 -13"><span class='ocrx_word' id='word_1_101' title='bbox 159 1029 384 1083; x_wconf 85' lang='grc' dir='ltr'><em>Ἀρκάδιον</em></span> <span class='ocrx_word' id='word_1_102' title='bbox 421 1029 650 1083; x_wconf 81' lang='grc' dir='ltr'><em>ὑπερορίαν</em></span> <span class='ocrx_word' id='word_1_103' title='bbox 688 1032 761 1070; x_wconf 87' lang='grc' dir='ltr'><em>τοῦ</em></span> <span class='ocrx_word' id='word_1_104' title='bbox 804 1029 924 1082; x_wconf 80' lang='grc' dir='ltr'><em>ἁγίου</em></span> <span class='ocrx_word' id='word_1_105' title='bbox 963 1027 1358 1082; x_wconf 75' lang='grc' dir='ltr'><em>καταψηφίσασθαι.</em></span> <span class='ocrx_word' id='word_1_106' title='bbox 1426 1027 1498 1069; x_wconf 83' lang='grc' dir='ltr'><em>καὶ</em></span> <span class='ocrx_word' id='word_1_107' title='bbox 1535 1027 1559 1069; x_wconf 86' lang='grc' dir='ltr'>ὁ</span> <span class='ocrx_word' id='word_1_108' title='bbox 1595 1027 1734 1081; x_wconf 78' lang='grc' dir='ltr'><em>μὲν12</em></span> 
     </span>
     <span class='ocr_line' id='line_1_14' title="bbox 164 1095 1674 1153; baseline -0.001 -14"><span class='ocrx_word' id='word_1_109' title='bbox 164 1102 238 1153; x_wconf 87' lang='grc' dir='ltr'><em>τῆς</em></span> <span class='ocrx_word' id='word_1_110' title='bbox 280 1098 502 1152; x_wconf 79' lang='grc' dir='ltr'><em>ἐκκλησίας</em></span> <span class='ocrx_word' id='word_1_111' title='bbox 546 1097 774 1152; x_wconf 84' lang='grc' dir='ltr'><em>ἕκβέβλητο</em></span> <span class='ocrx_word' id='word_1_112' title='bbox 817 1097 888 1139; x_wconf 84' lang='grc' dir='ltr'><em>καὶ</em></span> <span class='ocrx_word' id='word_1_113' title='bbox 932 1097 1114 1151; x_wconf 82' lang='grc' dir='ltr'><em>ἀπήγετο</em></span> <span class='ocrx_word' id='word_1_114' title='bbox 1158 1096 1400 1150; x_wconf 83' lang='grc' dir='ltr'><em>ὑπερόριος·</em></span> <span class='ocrx_word' id='word_1_115' title='bbox 1457 1096 1482 1137; x_wconf 86' lang='grc' dir='ltr'>ὁ</span> <span class='ocrx_word' id='word_1_116' title='bbox 1520 1095 1565 1138; x_wconf 85' lang='grc' dir='ltr'><em>δὲ</em></span> <span class='ocrx_word' id='word_1_117' title='bbox 1602 1100 1674 1151; x_wconf 86' lang='grc' dir='ltr'><em>τῆς</em></span> 
     </span>
     <span class='ocr_line' id='line_1_15' title="bbox 165 1163 1734 1221; baseline -0.001 -13"><span class='ocrx_word' id='word_1_118' title='bbox 165 1166 331 1212; x_wconf 89' lang='grc' dir='ltr'><em>πόλεως</em></span> <span class='ocrx_word' id='word_1_119' title='bbox 372 1166 523 1221; x_wconf 83' lang='grc' dir='ltr'><em>δῆμος,</em></span> <span class='ocrx_word' id='word_1_120' title='bbox 570 1167 610 1208; x_wconf 82' lang='grc' dir='ltr'><em>οἳ</em></span> <span class='ocrx_word' id='word_1_121' title='bbox 645 1166 724 1220; x_wconf 86' lang='grc' dir='ltr'><em>μὲν</em></span> <span class='ocrx_word' id='word_1_122' title='bbox 755 1166 981 1220; x_wconf 78' lang='grc' dir='ltr'><em>ἐθρήνουν,</em></span> <span class='ocrx_word' id='word_1_123' title='bbox 1027 1166 1066 1206; x_wconf 80' lang='grc' dir='ltr'><em>οἳ</em></span> <span class='ocrx_word' id='word_1_124' title='bbox 1098 1165 1144 1206; x_wconf 86' lang='grc' dir='ltr'><em>δὲ</em></span> <span class='ocrx_word' id='word_1_125' title='bbox 1176 1165 1430 1213; x_wconf 77' lang='grc' dir='ltr'><em>ἐστασίαζον.</em></span> <span class='ocrx_word' id='word_1_126' title='bbox 1494 1165 1518 1206; x_wconf 86' lang='grc' dir='ltr'><strong><em>ὃ</em></strong></span> <span class='ocrx_word' id='word_1_127' title='bbox 1551 1163 1674 1218; x_wconf 82' lang='grc' dir='ltr'><em>γνοὺς</em></span> <span class='ocrx_word' id='word_1_128' title='bbox 1691 1171 1734 1206; x_wconf 85' lang='grc'><em>13</em></span> 
     </span>
     <span class='ocr_line' id='line_1_16' title="bbox 166 1233 1672 1289; baseline -0.001 -13"><span class='ocrx_word' id='word_1_129' title='bbox 166 1235 191 1277; x_wconf 86' lang='grc' dir='ltr'>ὁ</span> <span class='ocrx_word' id='word_1_130' title='bbox 229 1235 378 1289; x_wconf 84' lang='grc' dir='ltr'><em>νωθὴς</em></span> <span class='ocrx_word' id='word_1_131' title='bbox 409 1235 633 1289; x_wconf 73' lang='grc' dir='ltr'><em>Ἀρκάδιος</em></span> <span class='ocrx_word' id='word_1_132' title='bbox 672 1235 821 1276; x_wconf 77' lang='grc' dir='ltr'><em>στέλλει</em></span> <span class='ocrx_word' id='word_1_133' title='bbox 859 1234 966 1276; x_wconf 89' lang='grc' dir='ltr'><em>κατὰ</em></span> <span class='ocrx_word' id='word_1_134' title='bbox 1003 1234 1131 1288; x_wconf 85' lang='grc' dir='ltr'><em>τάχος</em></span> <span class='ocrx_word' id='word_1_135' title='bbox 1167 1233 1239 1275; x_wconf 85' lang='grc' dir='ltr'><em>τὸν</em></span> <span class='ocrx_word' id='word_1_136' title='bbox 1274 1233 1476 1288; x_wconf 84' lang='grc' dir='ltr'><em>Ἰωάννην</em></span> <span class='ocrx_word' id='word_1_137' title='bbox 1513 1234 1672 1275; x_wconf 84' lang='grc' dir='ltr'><em>ἀνακα-</em></span> 
     </span>
    </p>

    <p class='ocr_par' dir='ltr' id='par_1_6' title="bbox 110 1301 1734 1496">
     <span class='ocr_line' id='line_1_17' title="bbox 110 1301 1734 1358; baseline -0.001 -13"><span class='ocrx_word' id='word_1_138' title='bbox 110 1313 154 1348; x_wconf 81' lang='lat'>15</span> <span class='ocrx_word' id='word_1_139' title='bbox 166 1303 371 1358; x_wconf 87' lang='grc' dir='ltr'><em>λούμενος</em></span> <span class='ocrx_word' id='word_1_140' title='bbox 413 1303 484 1345; x_wconf 86' lang='grc' dir='ltr'><em>καὶ</em></span> <span class='ocrx_word' id='word_1_141' title='bbox 522 1303 775 1358; x_wconf 78' lang='grc' dir='ltr'><em>ἐπαναχθεὶς</em></span> <span class='ocrx_word' id='word_1_142' title='bbox 813 1301 939 1349; x_wconf 79' lang='grc' dir='ltr'><em>αὖθις</em></span> <span class='ocrx_word' id='word_1_143' title='bbox 976 1302 1170 1357; x_wconf 82' lang='grc' dir='ltr'><em>ἀπεδόθη</em></span> <span class='ocrx_word' id='word_1_144' title='bbox 1209 1306 1258 1356; x_wconf 86' lang='grc' dir='ltr'><em>τῇ</em></span> <span class='ocrx_word' id='word_1_145' title='bbox 1299 1301 1509 1356; x_wconf 77' lang='grc' dir='ltr'><em>ἐκκλησίᾳ.</em></span> <span class='ocrx_word' id='word_1_146' title='bbox 1571 1302 1596 1343; x_wconf 88' lang='grc' dir='ltr'>ὁ</span> <span class='ocrx_word' id='word_1_147' title='bbox 1629 1301 1674 1343; x_wconf 84' lang='grc' dir='ltr'><em>δὲ</em></span> <span class='ocrx_word' id='word_1_148' title='bbox 1690 1309 1734 1344; x_wconf 85' lang='grc'><em>14</em></span> 
     </span>
     <span class='ocr_line' id='line_1_18' title="bbox 167 1370 1675 1425; baseline -0.001 -11"><span class='ocrx_word' id='word_1_149' title='bbox 167 1372 410 1418; x_wconf 84' lang='grc' dir='ltr'><em>ἀδούλωτος</em></span> <span class='ocrx_word' id='word_1_150' title='bbox 441 1373 505 1413; x_wconf 83' lang='grc' dir='ltr'><em>ὢν</em></span> <span class='ocrx_word' id='word_1_151' title='bbox 536 1371 616 1413; x_wconf 76' lang='grc' dir='ltr'><em>οὐκ</em></span> <span class='ocrx_word' id='word_1_152' title='bbox 648 1371 826 1413; x_wconf 82' lang='grc' dir='ltr'><em>ἐπαύετο</em></span> <span class='ocrx_word' id='word_1_153' title='bbox 858 1371 964 1413; x_wconf 84' lang='grc' dir='ltr'><em>κατὰ</em></span> <span class='ocrx_word' id='word_1_154' title='bbox 996 1375 1082 1413; x_wconf 86' lang='grc' dir='ltr'><em>τῶν</em></span> <span class='ocrx_word' id='word_1_155' title='bbox 1111 1371 1373 1412; x_wconf 83' lang='grc' dir='ltr'><em>ἀδικούντων</em></span> <span class='ocrx_word' id='word_1_156' title='bbox 1394 1370 1468 1425; x_wconf 88' lang='grc' dir='ltr'><em>τὴν</em></span> <span class='ocrx_word' id='word_1_157' title='bbox 1490 1371 1675 1424; x_wconf 86' lang='grc' dir='ltr'><em>γλῶτταν</em></span> 
     </span>
     <span class='ocr_line' id='line_1_19' title="bbox 166 1438 1734 1496; baseline 0.001 -14"><span class='ocrx_word' id='word_1_158' title='bbox 166 1444 307 1483; x_wconf 85' lang='grc' dir='ltr'><em>κινῶν.</em></span> <span class='ocrx_word' id='word_1_159' title='bbox 369 1441 395 1496; x_wconf 86' lang='grc' dir='ltr'>ἠ</span> <span class='ocrx_word' id='word_1_160' title='bbox 438 1440 484 1482; x_wconf 86' lang='grc' dir='ltr'><em>δὲ</em></span> <span class='ocrx_word' id='word_1_161' title='bbox 520 1440 679 1495; x_wconf 82' lang='grc' dir='ltr'><em>βασιλὶς</em></span> <span class='ocrx_word' id='word_1_162' title='bbox 716 1439 904 1489; x_wconf 80' lang='grc' dir='ltr'><em>Εὗδοξία</em></span> <span class='ocrx_word' id='word_1_163' title='bbox 945 1441 1072 1495; x_wconf 81' lang='grc' dir='ltr'><em>ἑαυτῇ</em></span> <span class='ocrx_word' id='word_1_164' title='bbox 1109 1438 1183 1486; x_wconf 83' lang='grc' dir='ltr'><em>τὰς</em></span> <span class='ocrx_word' id='word_1_165' title='bbox 1220 1438 1316 1494; x_wconf 85' lang='grc' dir='ltr'><em>περὶ</em></span> <span class='ocrx_word' id='word_1_166' title='bbox 1355 1438 1519 1486; x_wconf 85' lang='grc' dir='ltr'><em>ἀδικίας</em></span> <span class='ocrx_word' id='word_1_167' title='bbox 1557 1438 1672 1480; x_wconf 90' lang='grc' dir='ltr'><em>διδα-</em></span> <span class='ocrx_word' id='word_1_168' title='bbox 1690 1447 1734 1483; x_wconf 88' lang='lat'><em>15</em></span> 
     </span>
    </p>
   </div>
   <div class='ocr_carea' id='block_1_4' title="bbox 168 1580 1673 1630">
    <p class='ocr_par' dir='ltr' id='par_1_7' title="bbox 168 1580 1673 1630">
     <span class='ocr_line' id='line_1_20' title="bbox 168 1580 1673 1630; baseline -0.001 -12"><span class='ocrx_word' id='word_1_169' title='bbox 168 1583 187 1619; x_wconf 95' lang='lat'>1</span> <span class='ocrx_word' id='word_1_170' title='bbox 212 1582 290 1628; x_wconf 88' lang='grc' dir='ltr'><em>περὶ</em></span> <span class='ocrx_word' id='word_1_171' title='bbox 323 1587 384 1619; x_wconf 88' lang='grc' dir='ltr'><em>τοῦ</em></span> <span class='ocrx_word' id='word_1_172' title='bbox 415 1583 684 1629; x_wconf 82' lang='grc' dir='ltr'><em>Χρυσοστόμου,</em></span> <span class='ocrx_word' id='word_1_173' title='bbox 723 1583 821 1623; x_wconf 86' lang='grc' dir='ltr'><em>ὅπως</em></span> <span class='ocrx_word' id='word_1_174' title='bbox 852 1583 971 1630; x_wconf 83' lang='grc' dir='ltr'><em>γέγονε</em></span> <span class='ocrx_word' id='word_1_175' title='bbox 1001 1582 1222 1628; x_wconf 83' lang='grc' dir='ltr'><em>πατριάρχης</em></span> <span class='ocrx_word' id='word_1_176' title='bbox 1247 1580 1360 1626; x_wconf 83' lang='grc' dir='ltr'><strong>ΑΟΕ,</strong></span> <span class='ocrx_word' id='word_1_177' title='bbox 1400 1580 1460 1617; x_wconf 84' lang='grc' dir='ltr'><em>καὶ</em></span> <span class='ocrx_word' id='word_1_178' title='bbox 1492 1581 1589 1621; x_wconf 81' lang='grc' dir='ltr'><em>ὅπως</em></span> <span class='ocrx_word' id='word_1_179' title='bbox 1618 1580 1673 1623; x_wconf 75' lang='grc' dir='ltr'><em>ἐξ·</em></span> 
     </span>
    </p>
   </div>
   <div class='ocr_carea' id='block_1_5' title="bbox 167 1630 1675 2002">
    <p class='ocr_par' dir='ltr' id='par_1_8' title="bbox 167 1630 1675 2002">
     <span class='ocr_line' id='line_1_21' title="bbox 167 1630 399 1677; baseline -0.004 -10"><span class='ocrx_word' id='word_1_180' title='bbox 167 1631 308 1677; x_wconf 79' lang='grc' dir='ltr'><em>ωρίσθη</em></span> <span class='ocrx_word' id='word_1_181' title='bbox 336 1630 399 1668; x_wconf 87' lang='lat' dir='ltr'><em>CE</em></span> 
     </span>
     <span class='ocr_line' id='line_1_22' title="bbox 238 1761 1673 1811; baseline -0.001 -12"><span class='ocrx_word' id='word_1_182' title='bbox 238 1763 261 1799; x_wconf 80' lang='grc'>2</span> <span class='ocrx_word' id='word_1_183' title='bbox 283 1762 458 1809; x_wconf 87' lang='grc' dir='ltr'><em>Ἰωάννην</em></span> <span class='ocrx_word' id='word_1_184' title='bbox 485 1774 560 1800; x_wconf 91' lang='lat' dir='ltr'><em>om.</em></span> <span class='ocrx_word' id='word_1_185' title='bbox 589 1763 624 1798; x_wconf 92' lang='lat' dir='ltr'>D</span> <span class='ocrx_word' id='word_1_186' title='bbox 763 1764 796 1800; x_wconf 78' lang='grc'><em>2.</em></span> <span class='ocrx_word' id='word_1_187' title='bbox 824 1765 847 1799; x_wconf 90' lang='grc'>3</span> <span class='ocrx_word' id='word_1_188' title='bbox 872 1764 945 1800; x_wconf 83' lang='grc' dir='ltr'><em>ἀντ.</em></span> <span class='ocrx_word' id='word_1_189' title='bbox 971 1769 1032 1811; x_wconf 78' lang='grc' dir='ltr'><em>τῆς</em></span> <span class='ocrx_word' id='word_1_190' title='bbox 1057 1764 1212 1810; x_wconf 79' lang='grc' dir='ltr'><em>μεγάλης</em></span> <span class='ocrx_word' id='word_1_191' title='bbox 1235 1762 1548 1809; x_wconf 84' lang='grc' dir='ltr'><em>μεταστειλάμενος</em></span> <span class='ocrx_word' id='word_1_192' title='bbox 1575 1761 1673 1808; x_wconf 86' lang='lat' dir='ltr'>pr</span> 
     </span>
     <span class='ocr_line' id='line_1_23' title="bbox 239 1810 1675 1859; baseline -0.003 -11"><span class='ocrx_word' id='word_1_193' title='bbox 239 1812 262 1848; x_wconf 88' lang='lat'>3</span> <span class='ocrx_word' id='word_1_194' title='bbox 288 1811 426 1857; x_wconf 85' lang='grc' dir='ltr'><em>Ῥώμης</em></span> <span class='ocrx_word' id='word_1_195' title='bbox 454 1822 529 1847; x_wconf 87' lang='lat' dir='ltr'><em>om.</em></span> <span class='ocrx_word' id='word_1_196' title='bbox 546 1811 575 1848; x_wconf 88' lang='lat' dir='ltr'>C</span> <span class='ocrx_word' id='word_1_197' title='bbox 673 1812 696 1847; x_wconf 89' lang='grc'>4</span> <span class='ocrx_word' id='word_1_198' title='bbox 723 1817 813 1859; x_wconf 83' lang='lat' dir='ltr'>post</span> <span class='ocrx_word' id='word_1_199' title='bbox 825 1813 1012 1858; x_wconf 84' lang='grc' dir='ltr'><em>μαλθακὸς</em></span> <span class='ocrx_word' id='word_1_200' title='bbox 1027 1813 1120 1848; x_wconf 81' lang='lat' dir='ltr'>add.</span> <span class='ocrx_word' id='word_1_201' title='bbox 1134 1813 1155 1847; x_wconf 82' lang='grc' dir='ltr'><em>ὅ</em></span> <span class='ocrx_word' id='word_1_202' title='bbox 1169 1813 1342 1857; x_wconf 84' lang='grc' dir='ltr'><em>ἀρκάδιος</em></span> <span class='ocrx_word' id='word_1_203' title='bbox 1361 1811 1458 1857; x_wconf 82' lang='lat' dir='ltr'>pr</span> <span class='ocrx_word' id='word_1_204' title='bbox 1558 1810 1581 1846; x_wconf 82' lang='lat'>5</span> <span class='ocrx_word' id='word_1_205' title='bbox 1607 1811 1675 1845; x_wconf 84' lang='grc' dir='ltr'><em>ἶτα·</em></span> 
     </span>
     <span class='ocr_line' id='line_1_24' title="bbox 237 1858 1672 1907; baseline -0.002 -12"><span class='ocrx_word' id='word_1_206' title='bbox 237 1859 305 1905; x_wconf 86' lang='grc' dir='ltr'><em>μὸν</em></span> <span class='ocrx_word' id='word_1_207' title='bbox 334 1860 419 1905; x_wconf 74' lang='lat' dir='ltr'>(sic)</span> <span class='ocrx_word' id='word_1_208' title='bbox 446 1859 482 1895; x_wconf 93' lang='lat' dir='ltr'>A</span> <span class='ocrx_word' id='word_1_209' title='bbox 635 1861 655 1896; x_wconf 83' lang='grc'>7</span> <span class='ocrx_word' id='word_1_210' title='bbox 684 1861 743 1895; x_wconf 84' lang='grc' dir='ltr'><em>καὶ</em></span> <span class='ocrx_word' id='word_1_211' title='bbox 773 1871 848 1896; x_wconf 87' lang='lat' dir='ltr'><em>om.</em></span> <span class='ocrx_word' id='word_1_212' title='bbox 877 1860 974 1907; x_wconf 88' lang='lat' dir='ltr'>pr</span> <span class='ocrx_word' id='word_1_213' title='bbox 1134 1861 1257 1895; x_wconf 84' lang='grc' dir='ltr'><em>τούτου</em></span> <span class='ocrx_word' id='word_1_214' title='bbox 1286 1863 1374 1906; x_wconf 80' lang='lat' dir='ltr'>post</span> <span class='ocrx_word' id='word_1_215' title='bbox 1399 1859 1554 1904; x_wconf 88' lang='grc' dir='ltr'><em>μεγάλου</em></span> <span class='ocrx_word' id='word_1_216' title='bbox 1580 1858 1672 1893; x_wconf 81' lang='lat' dir='ltr'>add.</span> 
     </span>
     <span class='ocr_line' id='line_1_25' title="bbox 238 1907 1673 1954; baseline -0.002 -11"><span class='ocrx_word' id='word_1_217' title='bbox 238 1907 338 1954; x_wconf 79' lang='lat' dir='ltr'><strong>pr</strong></span> <span class='ocrx_word' id='word_1_218' title='bbox 459 1909 482 1942; x_wconf 83' lang='grc'><strong>8</strong></span> <span class='ocrx_word' id='word_1_219' title='bbox 507 1907 551 1942; x_wconf 77' lang='grc' dir='ltr'><em>οὔ</em></span> <span class='ocrx_word' id='word_1_220' title='bbox 577 1908 608 1943; x_wconf 87' lang='grc' dir='ltr'>Ε</span> <span class='ocrx_word' id='word_1_221' title='bbox 740 1910 779 1943; x_wconf 96' lang='lat' dir='ltr'><em>ll</em></span> <span class='ocrx_word' id='word_1_222' title='bbox 814 1914 908 1944; x_wconf 81' lang='lat' dir='ltr'>ante</span> <span class='ocrx_word' id='word_1_223' title='bbox 935 1914 995 1944; x_wconf 87' lang='grc' dir='ltr'><em>τοῦ</em></span> <span class='ocrx_word' id='word_1_224' title='bbox 1022 1908 1114 1944; x_wconf 81' lang='lat' dir='ltr'>add.</span> <span class='ocrx_word' id='word_1_225' title='bbox 1141 1909 1248 1943; x_wconf 84' lang='grc' dir='ltr'><em>αὐτοῦ</em></span> <span class='ocrx_word' id='word_1_226' title='bbox 1276 1908 1306 1943; x_wconf 82' lang='grc' dir='ltr'>Ε</span> <span class='ocrx_word' id='word_1_227' title='bbox 1433 1907 1493 1952; x_wconf 84' lang='grc' dir='ltr'><em>ἆγί</em></span> <span class='ocrx_word' id='word_1_228' title='bbox 1512 1907 1517 1950; x_wconf 84' lang='lat'>1</span> <span class='ocrx_word' id='word_1_229' title='bbox 1539 1920 1673 1951; x_wconf 80' lang='grc' dir='ltr'><em>καταψ.</em></span> 
     </span>
     <span class='ocr_line' id='line_1_26' title="bbox 238 1954 1675 2002; baseline -0.001 -12"><span class='ocrx_word' id='word_1_230' title='bbox 238 1954 273 1990; x_wconf 89' lang='lat' dir='ltr'>A</span> <span class='ocrx_word' id='word_1_231' title='bbox 385 1956 430 1991; x_wconf 79' lang='grc'><em>12</em></span> <span class='ocrx_word' id='word_1_232' title='bbox 456 1955 666 2002; x_wconf 81' lang='grc' dir='ltr'><em>ἑκβὲβληται</em></span> <span class='ocrx_word' id='word_1_233' title='bbox 694 1956 724 1991; x_wconf 84' lang='grc' dir='ltr'>Β</span> <span class='ocrx_word' id='word_1_234' title='bbox 843 1957 887 1992; x_wconf 87' lang='grc'><em>13</em></span> <span class='ocrx_word' id='word_1_235' title='bbox 912 1956 1114 1997; x_wconf 80' lang='grc' dir='ltr'><em>ἐστασίαζον</em></span> <span class='ocrx_word' id='word_1_236' title='bbox 1140 1956 1288 2002; x_wconf 85' lang='lat' dir='ltr'><em>Apr,</em></span> <span class='ocrx_word' id='word_1_237' title='bbox 1315 1955 1451 1990; x_wconf 69' lang='grc' dir='ltr'><em>ἔστενον</em></span> <span class='ocrx_word' id='word_1_238' title='bbox 1477 1955 1675 1994; x_wconf 82' lang='grc' dir='ltr'><em>στασιάζον-</em></span> 
     </span>
    </p>
   </div>
   <div class='ocr_carea' id='block_1_6' title="bbox 239 2002 1673 2098">
    <p class='ocr_par' dir='ltr' id='par_1_9' title="bbox 239 2002 1673 2098">
     <span class='ocr_line' id='line_1_27' title="bbox 239 2002 1673 2049; baseline -0.001 -11"><span class='ocrx_word' id='word_1_239' title='bbox 239 2017 294 2043; x_wconf 87' lang='grc' dir='ltr'><em>τες</em></span> <span class='ocrx_word' id='word_1_240' title='bbox 318 2003 354 2038; x_wconf 92' lang='lat' dir='ltr'>D</span> <span class='ocrx_word' id='word_1_241' title='bbox 453 2004 498 2039; x_wconf 86' lang='lat'>14</span> <span class='ocrx_word' id='word_1_242' title='bbox 523 2004 741 2049; x_wconf 83' lang='grc' dir='ltr'><em>καλούμενος</em></span> <span class='ocrx_word' id='word_1_243' title='bbox 769 2005 799 2040; x_wconf 87' lang='grc' dir='ltr'>Ε</span> <span class='ocrx_word' id='word_1_244' title='bbox 899 2005 953 2040; x_wconf 84' lang='grc'><em>16.</em></span> <span class='ocrx_word' id='word_1_245' title='bbox 983 2005 1026 2040; x_wconf 81' lang='grc'><em>17</em></span> <span class='ocrx_word' id='word_1_246' title='bbox 1053 2005 1121 2040; x_wconf 82' lang='grc' dir='ltr'><em>οὐκ</em></span> <span class='ocrx_word' id='word_1_247' title='bbox 1148 2005 1295 2040; x_wconf 79' lang='grc' dir='ltr'><em>ἐπαύετο</em></span> <span class='ocrx_word' id='word_1_248' title='bbox 1322 2006 1413 2049; x_wconf 81' lang='lat' dir='ltr'>post</span> <span class='ocrx_word' id='word_1_249' title='bbox 1438 2007 1550 2038; x_wconf 87' lang='grc' dir='ltr'><em>κινῶν</em></span> <span class='ocrx_word' id='word_1_250' title='bbox 1574 2002 1673 2048; x_wconf 82' lang='lat' dir='ltr'><strong>pr</strong></span> 
     </span>
     <span class='ocr_line' id='line_1_28' title="bbox 243 2051 915 2098; baseline 0 -11"><span class='ocrx_word' id='word_1_251' title='bbox 243 2051 286 2088; x_wconf 81' lang='grc'><em>17</em></span> <span class='ocrx_word' id='word_1_252' title='bbox 314 2052 419 2097; x_wconf 77' lang='grc' dir='ltr'><em>ἑαυτῇ</em></span> <span class='ocrx_word' id='word_1_253' title='bbox 446 2056 535 2097; x_wconf 79' lang='lat' dir='ltr'>post</span> <span class='ocrx_word' id='word_1_254' title='bbox 562 2053 791 2091; x_wconf 84' lang='grc' dir='ltr'><em>διδασκαλίας</em></span> <span class='ocrx_word' id='word_1_255' title='bbox 818 2052 915 2098; x_wconf 80' lang='lat' dir='ltr'>pr</span> 
     </span>
    </p>
   </div>
   <div class='ocr_carea' id='block_1_7' title="bbox 0 2181 1735 2949">
    <p class='ocr_par' dir='ltr' id='par_1_10' title="bbox 167 2181 1735 2659">
     <span class='ocr_line' id='line_1_29' title="bbox 288 2181 1710 2231; baseline 0.001 -13"><span class='ocrx_word' id='word_1_256' title='bbox 288 2181 476 2218; x_wconf 84' lang='lat' dir='ltr'>Nectario</span> <span class='ocrx_word' id='word_1_257' title='bbox 511 2183 743 2229; x_wconf 86' lang='lat' dir='ltr'>patriarcha</span> <span class='ocrx_word' id='word_1_258' title='bbox 776 2183 987 2231; x_wconf 89' lang='lat' dir='ltr'>Cpolitano</span> <span class='ocrx_word' id='word_1_259' title='bbox 1021 2187 1181 2220; x_wconf 85' lang='lat' dir='ltr'>mortuo</span> <span class='ocrx_word' id='word_1_260' title='bbox 1215 2183 1409 2220; x_wconf 86' lang='lat' dir='ltr'>Ioannem</span> <span class='ocrx_word' id='word_1_261' title='bbox 1441 2181 1710 2228; x_wconf 76' lang='lat' dir='ltr'>chrysosto-&#39;7</span> 
     </span>
     <span class='ocr_line' id='line_1_30' title="bbox 170 2230 1675 2278; baseline 0 -12"><span class='ocrx_word' id='word_1_262' title='bbox 170 2240 277 2266; x_wconf 89' lang='lat' dir='ltr'>mum</span> <span class='ocrx_word' id='word_1_263' title='bbox 296 2230 511 2266; x_wconf 85' lang='lat' dir='ltr'>Antiochia</span> <span class='ocrx_word' id='word_1_264' title='bbox 537 2231 604 2266; x_wconf 86' lang='lat' dir='ltr'>illa</span> <span class='ocrx_word' id='word_1_265' title='bbox 629 2242 782 2278; x_wconf 86' lang='lat' dir='ltr'>magna</span> <span class='ocrx_word' id='word_1_266' title='bbox 808 2233 1043 2268; x_wconf 80' lang='lat' dir='ltr'>arcessitum</span> <span class='ocrx_word' id='word_1_267' title='bbox 1072 2232 1345 2278; x_wconf 83' lang='lat' dir='ltr'>patriarcham</span> <span class='ocrx_word' id='word_1_268' title='bbox 1368 2241 1503 2267; x_wconf 84' lang='lat' dir='ltr'>novae</span> <span class='ocrx_word' id='word_1_269' title='bbox 1523 2231 1675 2266; x_wconf 85' lang='lat' dir='ltr'>Romae</span> 
     </span>
     <span class='ocr_line' id='line_1_31' title="bbox 169 2278 1711 2326; baseline 0.001 -12"><span class='ocrx_word' id='word_1_270' title='bbox 169 2279 368 2324; x_wconf 78' lang='lat' dir='ltr'>designat.</span> <span class='ocrx_word' id='word_1_271' title='bbox 419 2278 518 2315; x_wconf 90' lang='lat' dir='ltr'>Cum</span> <span class='ocrx_word' id='word_1_272' title='bbox 549 2283 685 2314; x_wconf 86' lang='lat' dir='ltr'>autem</span> <span class='ocrx_word' id='word_1_273' title='bbox 717 2281 804 2325; x_wconf 79' lang='lat' dir='ltr'>ipse</span> <span class='ocrx_word' id='word_1_274' title='bbox 836 2283 942 2315; x_wconf 82' lang='lat' dir='ltr'>esset</span> <span class='ocrx_word' id='word_1_275' title='bbox 974 2281 1110 2326; x_wconf 77' lang='lat' dir='ltr'>seg-nis</span> <span class='ocrx_word' id='word_1_276' title='bbox 1142 2279 1334 2325; x_wconf 86' lang='lat' dir='ltr'>mollique</span> <span class='ocrx_word' id='word_1_277' title='bbox 1367 2289 1491 2324; x_wconf 84' lang='lat' dir='ltr'>supra</span> <span class='ocrx_word' id='word_1_278' title='bbox 1525 2279 1711 2315; x_wconf 81' lang='lat' dir='ltr'>iustumS</span> 
     </span>
     <span class='ocr_line' id='line_1_32' title="bbox 167 2326 1711 2373; baseline 0.001 -12"><span class='ocrx_word' id='word_1_279' title='bbox 167 2327 314 2371; x_wconf 82' lang='lat' dir='ltr'>animo,</span> <span class='ocrx_word' id='word_1_280' title='bbox 353 2327 405 2361; x_wconf 84' lang='lat' dir='ltr'><em>ab</em></span> <span class='ocrx_word' id='word_1_281' title='bbox 432 2336 562 2362; x_wconf 83' lang='lat' dir='ltr'>uxore</span> <span class='ocrx_word' id='word_1_282' title='bbox 588 2327 810 2373; x_wconf 83' lang='lat' dir='ltr'>regebatur</span> <span class='ocrx_word' id='word_1_283' title='bbox 836 2328 1034 2372; x_wconf 79' lang='lat' dir='ltr'>Eudoxia,</span> <span class='ocrx_word' id='word_1_284' title='bbox 1073 2327 1310 2363; x_wconf 82' lang='lat' dir='ltr'>muliercula</span> <span class='ocrx_word' id='word_1_285' title='bbox 1344 2326 1521 2373; x_wconf 82' lang='lat' dir='ltr'>quadam</span> <span class='ocrx_word' id='word_1_286' title='bbox 1554 2329 1711 2363; x_wconf 77' lang='lat' dir='ltr'>teme-9</span> 
     </span>
     <span class='ocr_line' id='line_1_33' title="bbox 169 2373 1735 2421; baseline 0.001 -12"><span class='ocrx_word' id='word_1_287' title='bbox 169 2375 278 2409; x_wconf 84' lang='lat' dir='ltr'>raria</span> <span class='ocrx_word' id='word_1_288' title='bbox 305 2384 510 2420; x_wconf 85' lang='lat' dir='ltr'>opumque</span> <span class='ocrx_word' id='word_1_289' title='bbox 539 2375 646 2410; x_wconf 82' lang='lat' dir='ltr'>victa</span> <span class='ocrx_word' id='word_1_290' title='bbox 673 2375 896 2421; x_wconf 83' lang='lat' dir='ltr'>cupiditate</span> <span class='ocrx_word' id='word_1_291' title='bbox 922 2377 989 2419; x_wconf 85' lang='lat' dir='ltr'>ita,</span> <span class='ocrx_word' id='word_1_292' title='bbox 1021 2380 1066 2411; x_wconf 86' lang='lat' dir='ltr'>ut</span> <span class='ocrx_word' id='word_1_293' title='bbox 1093 2379 1199 2410; x_wconf 72' lang='lat' dir='ltr'>esset</span> <span class='ocrx_word' id='word_1_294' title='bbox 1225 2375 1497 2410; x_wconf 82' lang='lat' dir='ltr'>iniustissima.</span> <span class='ocrx_word' id='word_1_295' title='bbox 1549 2373 1674 2409; x_wconf 74' lang='lat' dir='ltr'>Cuius</span> <span class='ocrx_word' id='word_1_296' title='bbox 1691 2377 1735 2411; x_wconf 92' lang='lat'>10</span> 
     </span>
     <span class='ocr_line' id='line_1_34' title="bbox 168 2422 1675 2469; baseline -0.001 -12"><span class='ocrx_word' id='word_1_297' title='bbox 168 2422 369 2468; x_wconf 77' lang='lat' dir='ltr'>cupiditas</span> <span class='ocrx_word' id='word_1_298' title='bbox 397 2432 485 2457; x_wconf 85' lang='lat' dir='ltr'>cum</span> <span class='ocrx_word' id='word_1_299' title='bbox 513 2433 538 2457; x_wconf 87' lang='lat' dir='ltr'>a</span> <span class='ocrx_word' id='word_1_300' title='bbox 565 2422 862 2468; x_wconf 59' lang='lat' dir='ltr'>Chrysostomm</span> <span class='ocrx_word' id='word_1_301' title='bbox 898 2434 1048 2468; x_wconf 79' lang='lat' dir='ltr'>magno</span> <span class='ocrx_word' id='word_1_302' title='bbox 1082 2424 1148 2458; x_wconf 83' lang='lat' dir='ltr'>illo</span> <span class='ocrx_word' id='word_1_303' title='bbox 1182 2427 1309 2469; x_wconf 80' lang='lat' dir='ltr'>patre,</span> <span class='ocrx_word' id='word_1_304' title='bbox 1344 2422 1596 2457; x_wconf 81' lang='lat' dir='ltr'><em>inhiberetur</em></span> <span class='ocrx_word' id='word_1_305' title='bbox 1626 2431 1675 2456; x_wconf 82' lang='lat' dir='ltr'>ae</span> 
     </span>
     <span class='ocr_line' id='line_1_35' title="bbox 168 2471 1674 2516; baseline 0 -12"><span class='ocrx_word' id='word_1_306' title='bbox 168 2480 473 2515; x_wconf 83' lang='lat' dir='ltr'>nonnumquam</span> <span class='ocrx_word' id='word_1_307' title='bbox 502 2471 816 2516; x_wconf 69' lang='lat' dir='ltr'>vituperaretur,</span> <span class='ocrx_word' id='word_1_308' title='bbox 845 2472 1010 2506; x_wconf 82' lang='lat' dir='ltr'>incitata</span> <span class='ocrx_word' id='word_1_309' title='bbox 1037 2471 1089 2506; x_wconf 85' lang='lat' dir='ltr'><em>ad</em></span> <span class='ocrx_word' id='word_1_310' title='bbox 1114 2471 1213 2506; x_wconf 80' lang='lat' dir='ltr'>iram</span> <span class='ocrx_word' id='word_1_311' title='bbox 1243 2471 1457 2516; x_wconf 83' lang='lat' dir='ltr'>virumque</span> <span class='ocrx_word' id='word_1_312' title='bbox 1488 2472 1674 2504; x_wconf 82' lang='lat' dir='ltr'>sanetum</span> 
     </span>
     <span class='ocr_line' id='line_1_36' title="bbox 167 2517 1732 2564; baseline 0.002 -12"><span class='ocrx_word' id='word_1_313' title='bbox 167 2517 389 2553; x_wconf 78' lang='lat' dir='ltr'>ulciscendi</span> <span class='ocrx_word' id='word_1_314' title='bbox 425 2518 618 2562; x_wconf 83' lang='lat' dir='ltr'>studiosa,</span> <span class='ocrx_word' id='word_1_315' title='bbox 657 2523 777 2554; x_wconf 81' lang='lat' dir='ltr'>nacta</span> <span class='ocrx_word' id='word_1_316' title='bbox 803 2518 1125 2554; x_wconf 83' lang='lat' dir='ltr'>Alexandrinum</span> <span class='ocrx_word' id='word_1_317' title='bbox 1153 2518 1420 2564; x_wconf 79' lang='lat' dir='ltr'>Theophilum</span> <span class='ocrx_word' id='word_1_318' title='bbox 1454 2518 1575 2553; x_wconf 84' lang='lat' dir='ltr'>etiam</span> <span class='ocrx_word' id='word_1_319' title='bbox 1608 2520 1732 2555; x_wconf 87' lang='lat' dir='ltr'>ne-ll</span> 
     </span>
     <span class='ocr_line' id='line_1_37' title="bbox 169 2564 1673 2612; baseline -0.001 -12"><span class='ocrx_word' id='word_1_320' title='bbox 169 2566 321 2610; x_wconf 82' lang='lat' dir='ltr'>quitiae</span> <span class='ocrx_word' id='word_1_321' title='bbox 342 2566 565 2601; x_wconf 82' lang='lat' dir='ltr'>ministrum</span> <span class='ocrx_word' id='word_1_322' title='bbox 585 2566 805 2612; x_wconf 74' lang='lat' dir='ltr'>persuadet</span> <span class='ocrx_word' id='word_1_323' title='bbox 823 2566 1012 2608; x_wconf 79' lang='lat' dir='ltr'>Arcadio,</span> <span class='ocrx_word' id='word_1_324' title='bbox 1040 2570 1085 2602; x_wconf 89' lang='lat' dir='ltr'>ut</span> <span class='ocrx_word' id='word_1_325' title='bbox 1104 2567 1144 2601; x_wconf 84' lang='lat' dir='ltr'><em>in</em></span> <span class='ocrx_word' id='word_1_326' title='bbox 1165 2566 1330 2601; x_wconf 81' lang='lat' dir='ltr'>exilium</span> <span class='ocrx_word' id='word_1_327' title='bbox 1353 2570 1537 2601; x_wconf 83' lang='lat' dir='ltr'>sanctum</span> <span class='ocrx_word' id='word_1_328' title='bbox 1564 2564 1673 2600; x_wconf 86' lang='lat' dir='ltr'>illum</span> 
     </span>
     <span class='ocr_line' id='line_1_38' title="bbox 168 2612 1734 2659; baseline 0.003 -12"><span class='ocrx_word' id='word_1_329' title='bbox 168 2616 277 2658; x_wconf 78' lang='lat' dir='ltr'>agat.</span> <span class='ocrx_word' id='word_1_330' title='bbox 327 2612 461 2658; x_wconf 84' lang='lat' dir='ltr'>Atque</span> <span class='ocrx_word' id='word_1_331' title='bbox 496 2613 560 2648; x_wconf 86' lang='lat' dir='ltr'>ille</span> <span class='ocrx_word' id='word_1_332' title='bbox 588 2614 750 2659; x_wconf 86' lang='lat' dir='ltr'>quidem</span> <span class='ocrx_word' id='word_1_333' title='bbox 778 2625 828 2650; x_wconf 87' lang='lat' dir='ltr'>ex</span> <span class='ocrx_word' id='word_1_334' title='bbox 857 2614 1027 2650; x_wconf 83' lang='lat' dir='ltr'>ecclesia</span> <span class='ocrx_word' id='word_1_335' title='bbox 1054 2615 1207 2650; x_wconf 82' lang='lat' dir='ltr'>eiectus</span> <span class='ocrx_word' id='word_1_336' title='bbox 1234 2618 1272 2649; x_wconf 86' lang='lat' dir='ltr'>et</span> <span class='ocrx_word' id='word_1_337' title='bbox 1299 2613 1501 2648; x_wconf 88' lang='lat' dir='ltr'>abductus</span> <span class='ocrx_word' id='word_1_338' title='bbox 1528 2617 1588 2648; x_wconf 84' lang='lat' dir='ltr'>est</span> <span class='ocrx_word' id='word_1_339' title='bbox 1614 2623 1674 2648; x_wconf 87' lang='lat' dir='ltr'><em>re·</em></span> <span class='ocrx_word' id='word_1_340' title='bbox 1690 2616 1734 2651; x_wconf 83' lang='lat'>12</span> 
     </span>
    </p>

    <p class='ocr_par' dir='ltr' id='par_1_11' title="bbox 0 2661 1734 2949">
     <span class='ocr_line' id='line_1_39' title="bbox 0 2661 1671 2708; baseline -0.001 -11"><span class='ocrx_word' id='word_1_341' title='bbox 0 2683 19 2707; x_wconf 47' lang='grc' dir='ltr'><em>,χ</em></span> <span class='ocrx_word' id='word_1_342' title='bbox 168 2661 345 2706; x_wconf 58' lang='lat' dir='ltr'>legatum</span> <span class='ocrx_word' id='word_1_343' title='bbox 383 2661 454 2696; x_wconf 81' lang='lat' dir='ltr'>sed</span> <span class='ocrx_word' id='word_1_344' title='bbox 479 2661 663 2697; x_wconf 76' lang='lat' dir='ltr'>urbanus</span> <span class='ocrx_word' id='word_1_345' title='bbox 690 2663 864 2708; x_wconf 79' lang='lat' dir='ltr'>populus</span> <span class='ocrx_word' id='word_1_346' title='bbox 892 2663 1036 2708; x_wconf 80' lang='lat' dir='ltr'>partim</span> <span class='ocrx_word' id='word_1_347' title='bbox 1065 2662 1243 2707; x_wconf 78' lang='lat' dir='ltr'>lugebat,</span> <span class='ocrx_word' id='word_1_348' title='bbox 1279 2662 1424 2707; x_wconf 80' lang='lat' dir='ltr'>partim</span> <span class='ocrx_word' id='word_1_349' title='bbox 1457 2661 1671 2696; x_wconf 86' lang='lat' dir='ltr'>tumultum</span> 
     </span>
     <span class='ocr_line' id='line_1_40' title="bbox 6 2708 1734 2755; baseline 0.002 -12"><span class='ocrx_word' id='word_1_350' title='bbox 6 2722 18 2755; x_wconf 63' lang='lat' dir='ltr'><strong>q</strong></span> <span class='ocrx_word' id='word_1_351' title='bbox 171 2708 356 2744; x_wconf 76' lang='lat' dir='ltr'>faciebat.</span> <span class='ocrx_word' id='word_1_352' title='bbox 407 2708 495 2750; x_wconf 84' lang='lat' dir='ltr'>Quo</span> <span class='ocrx_word' id='word_1_353' title='bbox 523 2710 686 2755; x_wconf 85' lang='lat' dir='ltr'>cognito</span> <span class='ocrx_word' id='word_1_354' title='bbox 713 2711 850 2755; x_wconf 68' lang='lat' dir='ltr'>segnis</span> <span class='ocrx_word' id='word_1_355' title='bbox 883 2710 947 2745; x_wconf 88' lang='lat' dir='ltr'>ille</span> <span class='ocrx_word' id='word_1_356' title='bbox 973 2710 1174 2745; x_wconf 78' lang='lat' dir='ltr'>Arcadius</span> <span class='ocrx_word' id='word_1_357' title='bbox 1201 2709 1385 2745; x_wconf 71' lang='lat' dir='ltr'>celeriter</span> <span class='ocrx_word' id='word_1_358' title='bbox 1412 2719 1484 2754; x_wconf 86' lang='lat' dir='ltr'><em>per</em></span> <span class='ocrx_word' id='word_1_359' title='bbox 1509 2708 1673 2743; x_wconf 81' lang='lat' dir='ltr'>nuntios</span> <span class='ocrx_word' id='word_1_360' title='bbox 1689 2712 1734 2746; x_wconf 86' lang='lat'>13</span> 
     </span>
     <span class='ocr_line' id='line_1_41' title="bbox 3 2755 1734 2801; baseline 0.002 -10"><span class='ocrx_word' id='word_1_361' title='bbox 3 2758 18 2779; x_wconf 53' lang='grc' dir='ltr'><em>ὅ*</em></span> <span class='ocrx_word' id='word_1_362' title='bbox 170 2755 363 2791; x_wconf 82' lang='lat' dir='ltr'>Ioannem</span> <span class='ocrx_word' id='word_1_363' title='bbox 396 2761 580 2801; x_wconf 83' lang='lat' dir='ltr'>revocat3</span> <span class='ocrx_word' id='word_1_364' title='bbox 614 2758 822 2793; x_wconf 69' lang='lat' dir='ltr'>restitutus</span> <span class='ocrx_word' id='word_1_365' title='bbox 853 2758 1049 2793; x_wconf 73' lang='lat' dir='ltr'>ecclesiae</span> <span class='ocrx_word' id='word_1_366' title='bbox 1076 2762 1136 2793; x_wconf 75' lang='lat' dir='ltr'>est</span> <span class='ocrx_word' id='word_1_367' title='bbox 1163 2757 1356 2792; x_wconf 79' lang='lat' dir='ltr'>redditus.</span> <span class='ocrx_word' id='word_1_368' title='bbox 1407 2756 1547 2801; x_wconf 85' lang='lat' dir='ltr'>Neque</span> <span class='ocrx_word' id='word_1_369' title='bbox 1574 2765 1672 2792; x_wconf 82' lang='lat' dir='ltr'>vero</span> <span class='ocrx_word' id='word_1_370' title='bbox 1689 2760 1734 2795; x_wconf 84' lang='lat'>14</span> 
     </span>
     <span class='ocr_line' id='line_1_42' title="bbox 169 2803 1672 2850; baseline 0 -11"><span class='ocrx_word' id='word_1_371' title='bbox 169 2803 245 2848; x_wconf 88' lang='lat' dir='ltr'>ille,</span> <span class='ocrx_word' id='word_1_372' title='bbox 284 2813 364 2850; x_wconf 88' lang='lat' dir='ltr'>quo</span> <span class='ocrx_word' id='word_1_373' title='bbox 404 2804 538 2839; x_wconf 85' lang='lat' dir='ltr'>animo</span> <span class='ocrx_word' id='word_1_374' title='bbox 571 2808 659 2840; x_wconf 83' lang='lat' dir='ltr'>erat</span> <span class='ocrx_word' id='word_1_375' title='bbox 689 2806 852 2850; x_wconf 84' lang='lat' dir='ltr'>invicto,</span> <span class='ocrx_word' id='word_1_376' title='bbox 892 2811 1034 2841; x_wconf 82' lang='lat' dir='ltr'>contra</span> <span class='ocrx_word' id='word_1_377' title='bbox 1066 2806 1236 2841; x_wconf 77' lang='lat' dir='ltr'>iniustos</span> <span class='ocrx_word' id='word_1_378' title='bbox 1268 2804 1405 2840; x_wconf 87' lang='lat' dir='ltr'>invehi</span> <span class='ocrx_word' id='word_1_379' title='bbox 1440 2804 1672 2839; x_wconf 82' lang='lat' dir='ltr'>desistebat.</span> 
     </span>
     <span class='ocr_line' id='line_1_43' title="bbox 170 2851 1734 2898; baseline 0.003 -11"><span class='ocrx_word' id='word_1_380' title='bbox 170 2851 251 2888; x_wconf 82' lang='lat' dir='ltr'>Sed</span> <span class='ocrx_word' id='word_1_381' title='bbox 276 2852 421 2898; x_wconf 76' lang='lat' dir='ltr'>regina</span> <span class='ocrx_word' id='word_1_382' title='bbox 448 2851 646 2898; x_wconf 82' lang='lat' dir='ltr'>Eudoxia,</span> <span class='ocrx_word' id='word_1_383' title='bbox 686 2863 776 2889; x_wconf 90' lang='lat' dir='ltr'>cum</span> <span class='ocrx_word' id='word_1_384' title='bbox 809 2854 861 2890; x_wconf 79' lang='lat' dir='ltr'><em>ad</em></span> <span class='ocrx_word' id='word_1_385' title='bbox 896 2864 939 2890; x_wconf 85' lang='lat' dir='ltr'>se</span> <span class='ocrx_word' id='word_1_386' title='bbox 972 2854 1182 2890; x_wconf 85' lang='lat' dir='ltr'>contiones</span> <span class='ocrx_word' id='word_1_387' title='bbox 1215 2853 1266 2889; x_wconf 88' lang='lat' dir='ltr'>de</span> <span class='ocrx_word' id='word_1_388' title='bbox 1291 2853 1488 2889; x_wconf 85' lang='lat' dir='ltr'>iniustitia</span> <span class='ocrx_word' id='word_1_389' title='bbox 1514 2852 1673 2888; x_wconf 79' lang='lat' dir='ltr'>habitas</span> <span class='ocrx_word' id='word_1_390' title='bbox 1689 2855 1734 2893; x_wconf 85' lang='lat'>15</span> 
     </span>
     <span class='ocr_line' id='line_1_44' title="bbox 171 2899 1674 2949; baseline 0.002 -12"><span class='ocrx_word' id='word_1_391' title='bbox 171 2900 341 2938; x_wconf 75' lang='lat' dir='ltr'>referret</span> <span class='ocrx_word' id='word_1_392' title='bbox 367 2899 637 2948; x_wconf 80' lang='lat' dir='ltr'>(arguebatur</span> <span class='ocrx_word' id='word_1_393' title='bbox 668 2902 773 2940; x_wconf 82' lang='lat' dir='ltr'>enim</span> <span class='ocrx_word' id='word_1_394' title='bbox 806 2902 1054 2940; x_wconf 80' lang='lat' dir='ltr'>conscientia</span> <span class='ocrx_word' id='word_1_395' title='bbox 1086 2902 1156 2939; x_wconf 81' lang='lat' dir='ltr'>tali</span> <span class='ocrx_word' id='word_1_396' title='bbox 1191 2911 1279 2939; x_wconf 78' lang='lat' dir='ltr'>esse</span> <span class='ocrx_word' id='word_1_397' title='bbox 1309 2901 1483 2949; x_wconf 78' lang='lat' dir='ltr'>natura),</span> <span class='ocrx_word' id='word_1_398' title='bbox 1522 2901 1674 2940; x_wconf 84' lang='lat' dir='ltr'>inflam-</span> 
     </span>
    </p>
   </div>
   <div class='ocr_carea' id='block_1_8' title="bbox 0 2785 33 3115">
    <p class='ocr_par' dir='ltr' id='par_1_12' title="bbox 0 2785 33 3115">
     <span class='ocr_line' id='line_1_45' title="bbox 0 2785 33 3115; baseline 0 187"><span class='ocrx_word' id='word_1_399' title='bbox 0 2785 33 3115; x_wconf 95' lang='lat' dir='ltr'><em> </em></span> 
     </span>
    </p>
   </div>
  </div>
 </body>
</html>
