2054 3282
2002 0 2054 162 Ξ

2034 166 2046 199 >i

2035 206 2042 214 .

344 315 389 357 δὲ
425 314 610 370 ἀρχηγὸς
649 316 865 370 Τελέριχος
902 314 1165 360 ὑποπτεύσας
1202 313 1286 356 ὑπὸ
1322 316 1407 355 τῶν
1444 312 1611 356 οἰκείων
1645 313 1886 369 μεμηνύ-Ι)
1903 312 2049 353 111354

291 385 327 420 D
343 385 442 426 σθαι
472 389 534 438 τῷ
564 383 724 438 βασιλεῖ
750 384 798 424 τὰ
821 384 938 437 αὐτῷ
958 383 1258 437 βουλευόμενα,
1290 381 1349 436 μὴ
1374 381 1498 428 εἰδὼς
1520 382 1565 424 δὲ
1585 383 1687 429 τίνες
1709 381 1834 431 οὗτοι,

341 453 658 506 κατασοφίζεται
696 452 769 506 τὴν
807 456 880 492 τοῦ
915 451 1218 505 Κοπρωνύμου
1255 450 1496 505 κουφότητα
1528 449 1599 492 καὶ
1630 451 1675 498 ἕξ
1705 451 1834 493 αὐτοῦ

284 522 329 557 12
341 521 547 575 μανθάνει
577 520 623 561 τὸ
656 519 956 573 ἀγνοούμενον.
1019 519 1169 573 γράφει
1204 518 1283 573 γὰρ
1317 516 1367 560 δι’
1401 519 1656 573 ἀπορρήτων
1687 519 1834 574 βούλε-

343 589 442 630 σθαι
472 589 720 641 προσελθεῖν
752 589 868 642 αὐτῷ
896 588 967 629 καὶ
988 588 1107 642 ἠξίου
1132 587 1321 642 δηλῶσαί
1340 588 1380 628 οἳ
1400 589 1442 628 εἴ
1454 603 1565 634 τινας
1586 589 1668 642 ἔχει
1689 588 1872 642 φίλους5

343 657 389 698 ἐκ
430 660 515 698 τῶν
557 655 672 710 παρὰ
704 656 967 710 Βουλγάροις
1012 655 1187 711 ἕξόχων,
1232 656 1282 697 ἵν’
1322 656 1492 702 ἐκείνοις
1528 656 1755 710 θαρρήσειε
1790 655 1837 698 τὸ

284 727 328 762 13
343 724 583 778 ἀπόρρητον
613 723 685 765 καὶ
716 723 791 765 σὺν
823 725 993 770 ἐκείνοις
1024 725 1216 778 ἀφίκοιτο
1240 724 1348 778 πρὸς
1371 724 1510 766 αὐτόν,
1574 724 1598 766 ὁ
1621 724 1665 766 δὲ
1686 724 1836 779 παχύς,

158 794 328 831 W11192
344 793 405 838 ὡς
436 793 583 845 ἔοικεν,
617 794 680 833 ὢν
713 793 763 833 οὗ
796 797 950 847 συνῆκε
980 792 1027 833 τὸ
1060 794 1228 847 σκέμμα
1260 793 1306 835 τὸ
1331 794 1565 847 βάρβαρον,
1599 793 1686 834 ἀλλ’
1710 793 1837 848 ἀνοή-

284 865 328 899 14
341 876 425 906 τως
455 860 552 906 τοὺς
584 861 701 914 αὐτῷ
731 862 1062 915 προσκειμένους
1101 861 1230 907 εὐθὺς
1268 862 1512 916 ἑξεκάλυψε.
1574 862 1646 903 καὶ
1677 861 1701 903 ὁ
1731 861 1837 916 βάρ-

339 930 474 983 βαρος
511 928 732 983 συλλαβὼν
769 928 920 975 αὐτοὺς
952 930 1086 983 ὠμῶς
1118 930 1418 978 ἁπαξάπαντας
1449 930 1519 971 καὶ
1551 931 1725 984 ἀπηνῶς
1757 930 1837 971 διε-
1854 934 1899 970 10

282 1001 326 1036 15
340 997 538 1051 χρήσατο.
602 997 673 1038 καὶ
705 996 830 1043 αὖθις
862 997 907 1038 δὲ
928 997 1034 1039 κατὰ
1057 998 1321 1052 Βουλγάρων
1354 999 1377 1040 ὁ
1410 998 1686 1053 αὐτοκράτωρ
1716 997 1839 1045 οὗτος

339 1064 385 1106 τὸ
417 1065 604 1107 λοίσθιον
636 1066 934 1120 ἐξεστράτευσε,
980 1066 1051 1107 καὶ
1088 1066 1193 1107 κατὰ
1225 1066 1299 1121 τὴν
1332 1068 1375 1108 έν
1412 1066 1562 1122 Θρᾴκῃ
1589 1067 1837 1122 Ἀρκαὸιού-

342 192 412 232 280
751 192 932 231 ZONAR.
959 192 1090 230 EPIT.
1115 192 1187 229 XV
1212 193 1246 237 8,
1274 189 1423 228 11—20.

338 1134 458 1175 πολιν
490 1135 926 1188 στρατοπεδευομένου
959 1135 999 1176 οῖ
1028 1134 1156 1181 πόδες
1188 1136 1317 1176 αὐτοῦ
1350 1135 1703 1190 ἄπηνθράκωντο,
1736 1135 1839 1177 ὅθεν

126 1204 325 1241 Ρ11113Α
341 1201 467 1243 αὐτὸν
498 1202 645 1255 λαῦροι
666 1202 835 1255 πυρετοὶ
856 1202 927 1244 καὶ
949 1203 1184 1257 φλογώὸεις
1207 1204 1407 1256 ἐξέκαιον,
1441 1204 1503 1250 ὡς
1523 1204 1657 1258 μηδὲν
1677 1204 1839 1246 τούτων

281 1274 326 1309 16
339 1270 448 1325 μηδὲ
484 1270 600 1325 παρὰ
638 1271 794 1325 ἰατρῶν
831 1272 1084 1313 ἐπινοεῖσθαι
1125 1272 1322 1326 ἀλέξημα.
1386 1272 1548 1314 ἐκεῖθεν
1591 1272 1656 1314 ἐπὶ
1699 1273 1840 1327 κλίνης
1856 1279 1901 1316 15

285 1329 287 1333 ¹
341 1338 578 1393 φερόμενος
598 1340 722 1393 μέχρι
743 1339 985 1394 Σηλυβρίας
1013 1340 1277 1395 κατήντησεν,
1310 1341 1413 1382 ὅθεν
1446 1340 1511 1382 διὰ
1543 1341 1740 1396 τριήρους
1769 1357 1838 1383 κε-

282 1412 326 1447 17
339 1406 528 1461 κόμιστο,
571 1408 691 1462 βοῶν
735 1408 796 1454 ὡς
838 1408 957 1457 “ζῶν
1000 1409 1055 1450 ἔτι
1097 1413 1159 1462 τῷ
1202 1408 1303 1463 πυρὶ
1347 1409 1684 1463 παραδέδομ-αι.”
1750 1410 1841 1463 ἄρτι

342 1474 387 1516 δὲ
418 1475 592 1530 φθάσας
623 1476 680 1522 εἷς
710 1474 756 1517 τὸ
788 1476 1058 1531 Στρογγύλον
1093 1481 1166 1518 τοῦ
1198 1478 1524 1532 μεμεθυσμένου
1556 1478 1675 1519 θείου
1708 1479 1839 1532 ξυροῦ

342 1592 385 1627 11
412 1594 510 1632 ὅπως
538 1594 601 1634 (ὅτι
628 1593 673 1636 E)
700 1593 789 1629 κατὰ
814 1594 1034 1639 Βουλγάρων
1059 1594 1318 1639 ἐξεστράτευσε·
1359 1595 1420 1630 καὶ
1445 1596 1594 1640 νοσήσας
1626 1595 1838 1641 ὑπέστρεφε·

341 1640 403 1676 καὶ
427 1641 643 1686 κατέστρεψε
668 1640 730 1687 τὴν
757 1642 854 1687 ζωήν
880 1641 942 1677 ΟΕ
1041 1642 1085 1678 17
1111 1642 1251 1688 τελευτὴ
1276 1648 1337 1678 τοῦ
1362 1643 1615 1688 Κοπρωνύμου
1642 1643 1674 1678 Ε

413 1748 433 1782 1
465 1748 644 1794 Τελέριγος
664 1748 843 1795 Theoph.
870 1749 888 1784 Ῑ
914 1760 951 1794 p.
969 1749 1051 1793 448,
1077 1749 1110 1784 4.
1137 1750 1218 1794 451,
1245 1750 1266 1785 5
1363 1750 1589 1795 μεμηνύσθαι
1609 1750 1757 1796 Apr,
1781 1764 1841 1796 με·

410 1797 592 1840 μηνῦσθαι
619 1795 676 1831 Di
835 1797 857 1831 2
883 1800 977 1832 ant-e
1004 1804 1054 1841 τῷ
1081 1798 1172 1832 add.
1199 1803 1302 1832 ταῦτα
1329 1798 1425 1842 Ewp
1581 1799 1779 1844 βουλόμενα
1805 1798 1840 1832 D

412 1843 434 1878 3
459 1845 643 1888 κυφότητα
661 1844 697 1878 D
795 1845 817 1879 6
842 1845 883 1879 ἐκ
911 1855 985 1880 0111.
1010 1845 1040 1881 O
1139 1846 1352 1890 θαρρήσειεν
1370 1846 1478 1889 Ewp,
1507 1857 1544 1880 V.
1572 1846 1624 1880 ad
1649 1845 1745 1880 XIII
1772 1846 1841 1889 1,5

414 1891 456 1925 11
485 1892 587 1930 οὗτος
614 1902 688 1926 0111.
718 1891 749 1926 Β
849 1892 894 1927 14
918 1893 1041 1937 λαῦροι
1070 1891 1149 1937 AR,
1177 1894 1303 1938 λάθροι
1330 1893 1377 1936 D,
1403 1893 1526 1938 λάβροι
1554 1891 1693 1938 Ὀννῦἰ,
1718 1894 1840 1938 λαύροι

413 1938 497 1984 W*p
597 1942 688 1985 post
712 1940 825 1985 μηδέν
843 1940 934 1975 add.
955 1955 983 1975 τι
1003 1940 1099 1986 pr
1200 1941 1244 1975 15
1269 1940 1352 1985 παρ’
1375 1939 1529 1986 prDz'
1627 1941 1672 1976 18
1698 1941 1840 1986 φθάσας

412 1986 474 2068 εἰςλ
487 1985 525 2021 τὸ
541 1987 760 2070 ὅτρογγύλον
785 1987 865 2032 ΑΕ,
891 1989 941 2026 εἷς
965 1987 1001 2023 τὸ
1026 1989 1210 2034 λεγόμενον
1229 1987 1404 2034 ἑφθακὼς
1423 1988 1637 2034 (πεφθακὼς
1651 1987 1702 2033 D)
1721 2001 1840 2034 στρογ-

412 2034 454 2079 γύ
476 2047 516 2069 ον
577 2045 639 2080 wp

339 2146 612 2193 Bulgarorum
643 2149 842 2194 princeps,
880 2159 904 2184 a
931 2149 1158 2184 domesticis
1185 2150 1413 2195 significata
1452 2160 1539 2185 esse
1566 2160 1639 2185 sua
1673 2151 1840 2186 consilia

341 2195 430 2240 regi
456 2196 696 2241 suspicatus,
724 2197 792 2241 qui
818 2199 954 2232 tamen
979 2197 1034 2231 illi
1061 2200 1204 2241 essent,
1243 2198 1449 2243 ignorans,
1477 2201 1568 2233 astu
1594 2196 1839 2243 Copronymi

281 2238 326 2273 12
340 2242 505 2278 levitate
543 2244 819 2279 circumventa
856 2254 907 2280 ex
946 2245 1033 2290 ipso
1076 2245 1185 2289 quod
1218 2245 1437 2290 ignorabat
1468 2246 1641 2280 rescivit.
1693 2244 1840 2281 Scribit

340 2291 444 2325 enim
472 2300 514 2326 se
542 2291 643 2326 clam
669 2291 779 2326 illum
807 2292 1011 2327 aditurum
1038 2294 1230 2337 petitque,
1269 2295 1314 2327 ut
1342 2293 1417 2327 sibi
1446 2293 1703 2337 significaret,
1742 2303 1838 2327 num

340 2347 442 2382 quos
481 2338 532 2374 de
569 2339 805 2384 proceribus
836 2339 1024 2385 Bulgaris
1063 2341 1212 2375 amicos
1253 2340 1430 2384 haberet,
1471 2340 1617 2384 quibus
1643 2350 1837 2374 arcanum

281 2381 325 2416 13
340 2385 589 2421 committere
608 2386 779 2421 auderet
797 2397 980 2432 quosque
1007 2388 1082 2422 sibi
1108 2388 1261 2423 itineris
1288 2388 1452 2422 comites
1471 2387 1724 2431 adiungeret.
1766 2386 1836 2422 Ille

340 2443 438 2477 prae
476 2437 640 2479 stupore
667 2434 842 2479 ingenii,
883 2435 1222 2480 quemadmodum
1258 2438 1437 2480 apparet,
1478 2434 1644 2469 consilio
1671 2434 1837 2469 barbari

339 2490 420 2514 non
440 2481 723 2516 animadverso
743 2483 805 2517 sui
824 2482 1026 2517 studiosos
1045 2483 1188 2526 statim,
1217 2493 1296 2528 qua
1322 2485 1408 2517 erat
1434 2482 1620 2525 amentia,
1647 2481 1834 2527 prodidit,

197 2521 253 2557 14.
281 2522 325 2558 15
340 2537 440 2571 quos
468 2528 667 2564 barbarus
694 2539 832 2564 omnes
859 2530 1076 2565 crudeliter
1107 2533 1230 2574 atque
1247 2530 1474 2564 immaniter
1500 2530 1712 2564 interfecit.
1763 2529 1836 2563 Im-

339 2578 503 2618 perator
529 2576 674 2611 iterum
701 2587 872 2621 eamque
892 2580 1135 2622 postremam
1152 2577 1451 2622 expeditionem
1481 2579 1618 2611 contra
1635 2576 1836 2622 Bulg·aros

340 2623 526 2667 suscepit,
557 2624 599 2657 in
626 2634 707 2668 qua
735 2634 824 2659 cum
851 2635 978 2670 prope
1005 2624 1316 2669 Arcadiopolim‚
1344 2624 1543 2659 Thraciae
1573 2624 1724 2667 urbem,
1752 2635 1838 2659 ver·

340 2672 507 2713 sai-etur,
543 2671 629 2706 eius
665 2671 789 2716 pedes
813 2673 1052 2707 anthi-acum
1087 2672 1227 2707 morbo
1264 2678 1357 2707 sunt
1384 2672 1569 2716 correpti,
1608 2671 1718 2706 unde
1746 2682 1837 2706 eum

340 2715 599 2752 vehementes
626 2721 665 2753 et
691 2719 846 2754 calidae
873 2720 1007 2754 febres
1023 2720 1209 2763 urebant,
1238 2729 1409 2764 quarum
1436 2719 1588 2753 nullum
1615 2719 1836 2754 remedium

281 2761 326 2796 16
340 2765 564 2808 excogitari
580 2766 721 2810 potuit,
739 2777 825 2801 nea
837 2767 1002 2802 medicis
1022 2767 1194 2811 quidem.
1223 2766 1335 2801 Illinc
1351 2766 1492 2801 lectica
1509 2765 1733 2809 Selybriam
1750 2777 1837 2811 per-

340 2809 445 2844 latus
472 2812 623 2847 triremi
651 2816 710 2848 est
736 2814 946 2859 impositus
983 2814 1231 2850 vociferans:
1269 2813 1445 2849 “Vivens
1471 2813 1605 2848 adhuc
1631 2814 1672 2847 in
1699 2814 1837 2858 ignem

281 2855 325 2891 17
341 2867 428 2892 sum
456 2859 700 2896 coniectus.”
751 2861 893 2898 Statim
920 2864 1054 2898 autem
1083 2872 1173 2898 cum
1200 2860 1462 2907 Strongylum
1488 2861 1675 2906 venisset,
1709 2861 1836 2898 aciem
