2054 3282
337 229 407 265 538
713 228 893 266 ZONAR..
921 227 1050 264 EPIT.
1078 226 1190 263 XVII
1215 226 1248 272 4,
1278 226 1403 272 14—5,
1430 226 1464 262 9.

335 355 407 404 τῆς
438 356 499 404 τῷ
530 351 735 404 Βασιλείῳ
770 348 928 404 δηλαδὴ
962 348 1032 389 καὶ
1062 353 1124 402 τῷ
1160 347 1460 402 Κωνσταντίνῳ
1495 351 1580 394 τοῖς
1617 348 1719 390 υἱέσι
1755 352 1828 390 τοῦ

330 418 567 472 Ῥωμανοῢ,
600 419 846 473 βασιλεύσας
876 419 923 464 ἓξ
953 416 1062 470 πρὸς
1091 416 1138 458 τὸ
1170 417 1296 471 ἥμισυ
1329 416 1550 462 ἐνιαυτούς.
2033 420 2047 477 {j

206 489 322 525 1516
444 486 502 528 e*O
534 488 579 528 δέ
611 503 655 540 γε
685 490 840 540 μικροῦ
874 485 1065 526 διέλαθεν
1096 485 1161 538 ἄν,
1205 485 1300 539 ἥκω
1334 484 1647 539 διηγησόμενος.
1710 485 1830 531 ὅπως
2045 483 2047 488 ’

334 555 412 608 μὲν
449 554 524 596 οὖν
556 556 580 595 ὁ
611 554 930 608 κουροπαλάτης
961 554 1088 595 Λέων
1119 554 1143 594 ὁ
1181 553 1339 600 Φωκᾶς
1375 553 1446 595 καὶ
1483 553 1507 595 ὁ
1545 554 1703 595 ἐκείνου
1740 553 1830 600 υἱὸς

337 622 360 662 ό
391 622 644 676 Μκηφόρος
680 622 1000 675 κατακριθέντες
1038 622 1296 676 ἒκτύφλωσιν
1330 622 1409 663 οὐκ
1441 622 1726 676 ἐστερήθησαν
1755 625 2041 663 105D1V104‘

336 691 490 744 φωτός,
535 691 675 744 λάθρᾳ
714 694 835 731 τοῦτο
871 694 944 731 τοῦ
976 690 1180 744 βασιλέως
1210 690 1304 744 περὶ
1336 690 1476 731 αὐτῶν
1507 690 1828 744 ἐπισκήψαντος,

278 763 321 797 17
336 760 416 814 ἤδη
462 759 681 813 ἱστόρηται.
744 760 907 813 ἔχοντες
947 756 983 800 δ’
1023 760 1078 800 ἔτι
1120 758 1168 799 τὰ
1213 759 1375 800 ἑαυτῶν
1418 758 1615 813 ἀλώβητα
1660 759 1829 813 ὄμματα

337 828 416 869 οὐκ
449 828 627 881 ἠγάπων
659 827 906 881 σωζόμενοι,
940 827 1042 868 ἀλλὰ
1073 831 1122 881 τῇ
1153 827 1337 882 βασιλείᾳ
1368 826 1438 868 καὶ
1466 826 1587 867 πάλιν
1609 827 1830 868 ἐπιθέσθαι

337 896 594 949 διεμελέτων,
634 895 815 941 πολλοὺς
845 899 930 937 τῶν
960 896 1054 949 περὶ
1084 895 1157 950 τὴν
1187 895 1306 936 πόλιν
1337 895 1407 936 καὶ
1437 894 1486 935 τὰ
1517 895 1700 949 βασίλεια
1732 896 1828 937 ἑαυ-

278 968 323 1003 18
335 969 419 1010 τοῖς
450 965 799 1018 ὁμοφρονοῦντας
829 964 1090 1018 κτησάμενοι.
1152 961 1238 1005 ἀλλ’
1263 963 1554 1018 ἕφωράθησάν
1578 979 1620 1004 τε
1640 963 1711 1005 καὶ
1732 979 1828 1005 συν-
1845 968 1891 1003 10

335 1033 582 1087 εσχέθησαν,
627 1032 720 1078 ἑνὸς
755 1036 840 1074 τῶν
871 1036 1132 1086 συνωμοτῶν
1162 1032 1208 1074 τὸ
1239 1032 1447 1086 μελέτημα
1479 1032 1829 1086 καταγγείλαντος.

219 1105 255 1140 D
277 1105 320 1140 19
336 1102 471 1142 οὐκέτι
489 1105 591 1155 γοῦν
607 1101 929 1156 φιλανθρωπίας
946 1101 1137 1155 ήξίωντο,
1161 1099 1247 1142 ἀλλ’
1266 1101 1536 1155 ἀσυμπαθῶς
1550 1099 1647 1147 τοὺς
1663 1101 1828 1155 ὀφθαλ-

333 1169 442 1223 μοὺς
474 1170 795 1224 ἒξωρύχθησαν,
839 1169 910 1211 καὶ
945 1173 1066 1211 τοῦτο
1104 1170 1218 1215 τέλος
1254 1170 1394 1215 αὐτοῖς
1429 1173 1501 1223 τῆς
1539 1168 1728 1224 εὐτυχίας
1758 1169 1829 1211 καὶ

334 1242 407 1279 τοῦ
438 1238 533 1292 περὶ
563 1238 637 1293 τὴν
667 1238 876 1292 βασιλείαν
908 1238 1067 1292 ἐγένετο
1099 1239 1269 1292 ἔρωτος.

293 1306 320 1348 5
447 1306 725 1361 Ἀποκατέστη
748 1307 885 1348 τοίνυν
905 1306 951 1348 τὸ
975 1310 1060 1348 τῶν
1077 1306 1304 1360 εΡωμαίων
1336 1310 1548 1360 σκῆπτρον
1578 1309 1662 1352 τοῖς
1691 1306 1827 1361 τούτῳ
1842 1309 1886 1345 15

334 1374 440 1416 κατὰ
485 1376 603 1428 γένος
644 1376 920 1429 προσήκουσι,
963 1381 1024 1429 τῷ
1064 1375 1269 1429 Βασιλείῳ
1312 1375 1383 1416 καὶ
1425 1379 1487 1429 τῴ
1522 1374 1827 1430 Κωνσταντίνῳ

334 1445 456 1497 φημί,
503 1441 565 1484 ὧν
597 1444 621 1484 ὁ
651 1443 729 1497 μὲν
766 1443 952 1485 εἰκοστὸν
983 1445 1083 1497 ἤνυε
1113 1448 1185 1498 τῆς
1215 1443 1374 1497 ἡλικίας
1405 1443 1603 1497 ἐνιαυτόν,
1648 1443 1672 1484 ό
1705 1443 1752 1485 δέ
1783 1460 1827 1498 γε

298 1512 649 1558 ΞΚωνσταντῖνος
680 1512 1043 1554 ἑπτακαιδέκατον.
1106 1512 1192 1554 ἀλλ’
1217 1510 1330 1554 οὗτοι
1349 1510 1427 1566 μὲν
1447 1511 1495 1553 τὰ
1521 1515 1593 1567 τῆς
1620 1512 1828 1567 βασιλείας

333 1661 356 1696 3
388 1662 437 1696 ὅτι
468 1661 572 1700 αὖθις
602 1662 622 1696 ὁ
657 1663 787 1701 Φωκᾶς
818 1662 922 1697 Λέων
953 1662 1013 1698 καὶ
1043 1664 1063 1697 ὁ
1095 1661 1169 1701 υἱὸς
1199 1661 1306 1697 αὐτοῦ
1336 1662 1550 1706 Νικηφόρος
1579 1660 1825 1706 μελετήσαντες

333 1709 519 1744 ἐπιθέσθαι
548 1715 590 1754 τῇ
613 1710 770 1755 βασιλείᾳ
795 1710 1053 1755 ἐτυφλώθησαν
1080 1709 1109 1746 C
1248 1709 1292 1744 15
1316 1710 1473 1755 βασιλεία
1497 1714 1557 1744 τοῦ
1581 1721 1824 1753 πορφυρογεν-

333 1757 439 1801 νήτου
465 1758 649 1792 Βασιλείου
678 1763 739 1792 τοῦ
765 1759 843 1793 υἱοῦ
865 1759 1047 1802 Ῥωμανοῦ
1073 1762 1132 1792 τοῦ
1153 1758 1294 1793 παιδίου
1313 1756 1359 1801 Α,
1385 1757 1543 1802 βασιλεία
1561 1756 1748 1791 Βασιλειόυ
1766 1756 1826 1791 καὶ

333 1805 602 1840 Κωνσταντίνου
627 1805 669 1850 Β,
698 1806 856 1851 βασιλεία
881 1806 1065 1841 Βασιλείου
1091 1810 1150 1840 τοῦ
1175 1804 1508 1850 πορφυρογεννήτου
1536 1803 1602 1840 CD

406 1948 429 1983 2
452 1948 540 1993 πρὸς
559 1959 634 1984 0111.
653 1948 688 1983 D
787 1954 836 1994 τῷ
859 1949 974 1994 ἡμίσει
991 1947 1160 1995 prDi,
1185 1960 1223 1983 V.
1243 1948 1295 1983 ad
1311 1947 1443 1983 XVIII
1467 1946 1525 1989 25,
1544 1947 1565 1982 7
1662 1947 1685 1983 3
1710 1946 1762 1991 γε]
1779 1960 1824 1991 με

405 1995 535 2041 BEwp
632 1996 657 2031 4
681 1997 744 2031 οὖν
771 2008 845 2032 om.
861 1996 890 2032 C
986 1996 1020 2032 4.
1035 1997 1057 2033 5
1083 1997 1143 2031 καὶ
1159 1998 1355 2041 νικηφόρος
1372 1997 1393 2029 o‘
1408 1995 1461 2030 ἐκ.
1479 1995 1553 2034 υἱὸς
1576 1994 1607 2030 Ο
1704 1995 1726 2030 6
1751 1995 1825 2029 τού·

405 2058 464 2079 του
490 2044 526 2078 D
655 2045 676 2079 7
702 2043 778 2089 ἶστ.]
807 2056 842 2090 p.
870 2045 950 2089 525,
978 2045 1034 2080 12.
1162 2045 1184 2079 8
1208 2044 1268 2079 καὶ
1296 2054 1369 2079 om.
1389 2042 1424 2077 D
1551 2043 1594 2077 11
1621 2046 1825 2087 συνομοτῶν

406 2091 541 2137 DEwp
637 2093 941 2137 προςαγγείλαντος
966 2092 1003 2127 τὸ
1027 2092 1201 2137 μελέτημα
1229 2091 1259 2127 O
1359 2091 1402 2126 15
1429 2090 1574 2126 Tot-um
1601 2091 1676 2126 hoc
1703 2092 1825 2135 caput

406 2150 458 2174 ex
476 2139 571 2174 XIX
597 2140 804 2175 codicibus
830 2140 955 2175 edidit
976 2141 1089 2176 B-W
1110 2141 1206 2186 Byz.
1225 2138 1420 2174 Zeitsehr.
1447 2149 1482 2173 a.
1510 2137 1602 2173 1892
1628 2149 1665 2184 p.
1691 2137 1762 2172 220
1775 2147 1823 2172 ss.

405 2186 476 2222 594
489 2197 539 2222 SS.
637 2188 752 2223 τοίνυν
778 2186 896 2232 ARW,
925 2198 999 2223 om.
1029 2187 1077 2233 Ρ*
1175 2192 1274 2223 τοῦτο
1300 2186 1336 2221 D
1436 2186 1479 2221 17
1505 2186 1662 2221 εἴκοστον
1687 2185 1735 2231 p*

334 2333 404 2373 est,
431 2331 599 2375 imperio
618 2330 835 2366 heredibus
853 2331 992 2366 relicto
1011 2330 1158 2365 Basilio
1178 2333 1216 2365 et
1235 2329 1509 2373 Constantino,
1535 2328 1706 2363 Romani
1724 2328 1824 2372 filiis,

335 2387 425 2412 cum
452 2388 579 2413 annos
606 2389 677 2413 sex
705 2378 952 2423 totidemque
977 2388 1134 2413 menses
1159 2380 1381 2423 regnasset..

276 2422 320 2457 15
452 2425 536 2460 Iam
565 2436 661 2460 vero
689 2429 824 2468 restat,
849 2429 893 2460 ut
918 2425 959 2460 id
978 2436 1242 2470 exponamus,
1269 2424 1376 2469 quod
1395 2434 1526 2469 paene
1545 2423 1655 2458 obliti
1675 2433 1823 2458 sumus.

276 2470 320 2505 16
334 2472 434 2507 Nam
462 2473 801 2517 quemadmodum
835 2473 1071 2518 curopalata
1097 2472 1180 2508 Leo
1206 2473 1361 2507 Phocas
1389 2472 1557 2515 eiusque
1583 2471 1687 2505 filius
1712 2470 1824 2506 Nice-

334 2520 495 2564 phorus,
534 2521 615 2555 lata
641 2521 682 2555 in
709 2531 777 2556 eos
804 2520 1052 2556 excaecandi
1079 2520 1288 2562 sententia,
1322 2529 1471 2553 arcano
1498 2518 1607 2563 regis
1633 2518 1823 2553 mandato

276 2566 319 2601 17
335 2567 471 2602 oculos
499 2569 788 2611 conservarint,
819 2569 898 2603 iam
925 2568 1196 2613 exposuimus.
1248 2567 1336 2608 Qua
1361 2566 1600 2601 liberalitate
1626 2576 1707 2600 non
1734 2575 1823 2600 eon-

334 2615 431 2650 tenti
459 2625 549 2650 eum
576 2626 747 2659 reg-num
775 2616 908 2651 denuo
936 2616 1163 2661 coepissent
1188 2615 1390 2657 affectare,
1430 2613 1562 2647 multis
1595 2616 1634 2647 et
1668 2613 1824 2647 civibus

276 2661 320 2695 18
334 2665 373 2697 et
399 2663 539 2698 aulicis
565 2663 640 2698 sibi
667 2663 897 2707 conciliatis,
925 2673 1056 2708 eoque
1082 2662 1247 2698 consilio
1275 2672 1298 2696 a
1326 2660 1500 2706 quodam
1527 2670 1578 2695 ex
1605 2660 1824 2695 coniuratis

276 2708 320 2743 19
334 2710 493 2754 prodito
527 2710 767 2755 deprehensi
800 2713 943 2754 essent,
982 2711 1068 2746 sine
1099 2710 1182 2745 ulla
1214 2709 1425 2744 clementia
1452 2708 1606 2742 effossis
1634 2707 1759 2743 oculis
1785 2711 1824 2742 et

333 2757 534 2792 felicitatis
560 2767 659 2792 suae
685 2761 725 2792 et
751 2758 979 2793 ambitionis
1006 2757 1124 2792 finem
1154 2758 1408 2792 invenerunt.

452 2804 485 2839 5.
537 2804 601 2841 Sic
634 2805 907 2840 Romanorum
938 2806 1149 2850 imperium
1180 2805 1228 2840 iis
1261 2804 1488 2838 restitutum
1524 2806 1594 2846 est,
1633 2802 1683 2836 ad
1722 2811 1824 2846 quos

334 2851 568 2887 hereditatis
603 2853 691 2888 iure
730 2853 970 2898 pertinebat,
1007 2852 1181 2887 BAsmo
1216 2861 1271 2886 ET
1305 2850 1611 2894 CONSTANT1N0‚
1652 2858 1822 2894 quorum

299 2897 400 2934 2ille
425 2899 522 2944 XX„
561 2899 847 2936 Constantinus
876 2899 999 2936 XVII.
1036 2900 1179 2935 aetatis
1218 2908 1369 2935 annum
1407 2898 1567 2943 agebat.
1619 2897 1695 2939 Qui
1734 2906 1822 2931 cum
