2054 3282
662 228 1014 268 DOROSTOLVM
1039 229 1275 268 CAPITVR.
1644 233 1716 271 533

217 346 395 402 Βάρδαν
420 348 492 390 τὸν
512 349 712 405 Σκληρὸν
735 350 839 405 μετὰ
859 354 945 394 τῶν
965 349 1036 394 ὑπ’
1059 352 1187 395 αὐτὸν
1216 353 1442 408 ταγμάτων
1472 354 1715 398 ἀποκλεῖσαι

215 414 291 470 τὴν
319 415 430 470 πρὸς
458 417 533 472 τὴν
562 418 681 460 πόλιν
711 420 876 462 εἴσοδον
904 424 990 467 τοῖς
1018 421 1252 476 βαρβάροις
1272 422 1556 478 ἕκπέπομφεν.
1619 425 1644 479 ἦ
1668 424 1715 467 δὲ
1728 430 1750 466 7

214 484 331 539 μάχη
369 486 492 540 μέχρι
530 487 688 529 πολλοῦ
727 488 955 542 ἰσόρροπος
985 488 1056 544 ἦν·
1104 490 1260 543 λέγεται
1298 490 1344 532 ὁὲ
1379 491 1596 545 θειοτέρας
1627 492 1712 534 ἐπι-

214 553 391 606 κουρίας
419 554 509 596 τότε
538 554 635 602 τοὺς
661 555 897 610 Ῥωμαίους
927 561 1071 612 τυχεῖν.
1133 557 1289 600 θύελλα
1328 558 1408 613 γὰρ
1444 559 1550 602 κατὰ
1580 561 1712 615 πρόσ-
1726 567 1750 602 8

179 625 202 662 5
215 636 336 663 ωπον
356 626 441 668 τοῖς
461 622 656 670 Σκύθαις
681 625 940 679 προσέβαλλε
970 625 1046 667 καί
1072 643 1130 673 τις
1161 627 1343 681 ἔφιππος
1373 628 1516 681 ὡρᾶτο
1545 629 1715 676 πολλοῖς

213 691 300 730 τῶν
319 689 544 744 Ῥωμαίων
574 692 994 747 ὑπεραγωνιζόμενος
1015 694 1086 735 καὶ
1108 695 1353 748 συγκλονῶν
1373 699 1459 738 τῶν
1479 697 1714 751 βαρβάρων

212 757 286 804 τὰς
322 758 551 813 φάλαγγας.
613 759 665 815 ἦν
705 761 751 803 ὁὲ
789 761 895 803 κατὰ
926 761 1000 817 τὴν
1031 763 1194 817 ἡμέραν
1223 768 1296 818 τῆς
1325 764 1466 819 μάχης
1497 765 1656 821 ἐκείνης
1686 767 1712 821 ἡ
1727 771 1750 807 9
1769 771 1805 806 D

212 829 286 867 τοῦ
318 827 597 882 στρατηλάτου
620 827 853 883 Θεοδώρου
883 834 957 872 τοῦ
987 831 1260 885 περιωνύμου
1292 832 1336 874 ἒν
1365 833 1543 887 μάρτυσι
1573 834 1712 876 τελου-

211 895 317 950 μένη
359 896 518 951 μνήμη,
580 898 796 951 τρέπονται
826 897 903 939 οὖν
940 899 980 939 οἱ
1009 898 1182 941 Σκύθαι
1222 899 1294 941 καὶ
1328 900 1437 954 πρὸς
1478 901 1553 956 τὴν
1594 902 1714 944 πόλιν
1728 908 1774 944 10

153 967 201 1003 10
213 963 490 1018 ὡρμήκεσαν·
524 962 612 1006 ἀλλ’
644 965 696 1020 ἦν
727 966 861 1021 ἐκείνη
894 966 1034 1013 αὐτοῖς
1065 968 1145 1009 οὐκ
1166 968 1358 1023 εἷσιτητή·
1390 969 1472 1024 ἤδη
1496 969 1576 1024 γὰρ
1595 970 1712 1024 παρὰ
1727 975 1770 1012 11

212 1034 286 1073 τοῦ
318 1031 519 1087 Σκληροῦ
553 1033 842 1076 ἀπεκέκλειστο
874 1035 900 1089 ἡ
932 1035 990 1081 εἶς
1020 1035 1173 1090 ταύτην
1203 1036 1430 1085 εἶσέλευσις,
1467 1037 1538 1079 καὶ
1568 1038 1714 1080 λοιπὸν

45 1098 112 1143 ?1v
132 1104 198 1141 101
213 1099 280 1141 ἐπὶ
316 1099 366 1141 τὰ
403 1100 554 1155 ταύτης
592 1102 815 1155 προάστεια
858 1103 1138 1145 ὄιεσκίὸναντο
1181 1103 1252 1146 καὶ
1294 1105 1713 1161 καταλαμβανόμενοι

215 1168 503 1223 διεφθείροπο
535 1170 605 1211 καὶ
636 1168 707 1212 ὑπ’
731 1171 924 1226 ἀλλήλων
954 1171 1199 1214 ἀπώλλυντο
1231 1173 1556 1228 συνωθούμενοί
1579 1190 1622 1216 τε
1642 1174 1714 1216 καὶ

213 1238 566 1292 συμπατούμενοι,
605 1238 667 1284 ὡς
705 1238 996 1294 ὃυσαρίθμονς
1034 1239 1130 1287 τοὺς
1169 1241 1461 1296 ἀνῃρημένους
1497 1241 1609 1284 εἶναι.
1673 1244 1714 1285 οῖ
1727 1249 1772 1285 12

152 1314 199 1351 15
213 1305 259 1348 δὲ
303 1306 635 1361 περιλειφθέντες
680 1309 925 1361 τραυματίαι
972 1308 1162 1362 γεγόνασι
1205 1309 1452 1363 ξύμπαντες.
1515 1311 1710 1366 ἐγνώσθη
1727 1318 1786 1353 13-

212 1373 259 1416 ὁὲ
297 1374 357 1417 ὅτι
395 1374 420 1416 ὁ
457 1375 736 1430 στρατηλάτης
771 1374 1000 1429 Θεόδωρος
1043 1375 1106 1431 ἦν,
1151 1377 1199 1423 ὃς
1240 1380 1325 1424 τοῖς
1359 1376 1582 1433 Ῥωμαίοις
1623 1378 1712 1421 τότε

210 1537 238 1621 Ξ
258 1537 319 1621 <Zet
335 1537 395 1572 καὶ
409 1543 480 1622 ἆῆς
504 1537 546 1573 ἐκ
571 1538 658 1573 θεοῦ
682 1539 852 1584 βοηθείας
877 1538 1001 1584 ἔτυχον
1027 1540 1063 1574 οἱ
1082 1540 1254 1585 Ῥωμαῖοι
1281 1538 1344 1576 CE
1450 1540 1472 1576 9
1497 1540 1627 1580 ἅλωσις
1653 1546 1711 1587 τῆς

241 1598 264 1631 ρ
318 1598 384 1630 ρας

283 1717 302 1751 1
328 1715 433 1753 αὐτὸν
451 1715 700 1763 CEBswpDi‚
727 1717 843 1753 αὐτῶν
862 1716 934 1753 AD
1032 1719 1055 1752 3
1082 1721 1171 1763 post
1197 1717 1236 1753 δὲ
1261 1718 1353 1754 add.
1382 1719 1443 1754 καὶ
1468 1719 1568 1766 pr
1595 1718 1711 1756 Cedr.

282 1762 472 1810 (Scylitz.)
498 1764 536 1800 II
563 1775 599 1811 p.
624 1765 705 1810 410,
733 1765 780 1800 20
902 1765 925 1800 5
948 1766 1166 1812 προσέβαλλε
1192 1765 1348 1812 EwpDi
1375 1769 1428 1808 (v.
1457 1765 1573 1803 Cedr.
1600 1766 1709 1813 (Scy-

282 1811 374 1851 litz.)
401 1811 439 1847 II
466 1823 502 1858 p.
527 1812 610 1856 410,
634 1812 707 1857 21),
731 1813 926 1858 προσέβαλε
951 1812 1019 1849 AO
1141 1813 1258 1858 ὡρᾶτο
1284 1813 1404 1858 ΑΒῙ),
1433 1815 1540 1859 ὁρᾶτο
1567 1814 1708 1861 CEwp,

282 1869 320 1894 v.
347 1858 364 1894 I
392 1870 428 1905 p.
445 1859 528 1904 354,
548 1859 582 1895 2.
608 1859 645 1895 II
670 1871 709 1942 E.
730 1861 785 1904 11,
807 1861 862 1896 15.
887 1860 969 1904 516,
987 1861 1020 1895 3.
1050 1861 1094 1896 18
1191 1861 1212 1897 7
1240 1866 1301 1907 τῆς
1325 1862 1445 1907 μάχης
1470 1862 1607 1908 ἐκείνης
1625 1861 1707 1906 AO,

282 1906 420 1952 ἐκείνην
443 1912 503 1952 τῆς
526 1907 644 1952 μάχης
687 1908 765 1954 'wp
881 1908 903 1944 8
929 1912 1023 1944 ante
1048 1909 1148 1943 θεοῦ.
1175 1908 1267 1944 add.
1295 1909 1394 1954 ἁγίου
1422 1909 1530 1955 Ewp,
1557 1914 1603 1946 ut
1628 1913 1648 1951 ξ
1664 1911 1708 1945 13

327 1955 555 1999 περιωνύμου
572 1959 667 1991 ante
681 1955 866 2001 τελουμένη
886 1956 982 2001 Ewp
1081 1957 1115 1991 8.
1131 1956 1154 1991 9
1171 1956 1357 2001 τελουμένη
1377 1957 1468 1996 (om.
1488 1958 1602 1993 initio
1622 1967 1709 1993 ver·

282 2012 351 2038 sus
370 2001 421 2045 D)
445 2002 568 2048 μνήμη
596 2006 690 2038 ante
718 2008 777 2038 τοῦ
793 2004 1020 2048 περιωνύμου
1048 2002 1080 2039 Ο
1178 2004 1200 2039 9
1225 2009 1308 2049 γοῦν
1328 2004 1422 2050 Ewp
1520 2006 1652 2040 σκῧθαι
1674 2005 1708 2040 D

283 2050 323 2084 11
345 2049 596 2085 ἀποκέκλειστο
615 2049 783 2096 BDEwp
869 2051 1001 2090 εἴςοόος
1021 2050 1052 2087 Ο
1150 2051 1400 2087 ἀπεκέκλειστο
1418 2052 1602 2096 (ἀποκεκλ.
1622 2052 1706 2095 BD)

283 2101 374 2143 post
398 2098 531 2137 εἷςοόος
557 2097 589 2134 Ο
726 2099 769 2133 12
794 2099 963 2134 ὄιεσκίὸν.
989 2098 1179 2143 προάστεια
1206 2098 1236 2134 C
1360 2099 1404 2135 13
1430 2103 1521 2144 post
1545 2099 1708 2145 ἀλλήλων

282 2144 375 2179 add.
401 2144 440 2180 δὲ
458 2145 490 2180 Ο
589 2145 633 2180 14
658 2146 943 2191 δυσαριθμήτους
962 2145 1046 2191 w*p
1073 2146 1210 2182 invitis
1228 2145 1299 2181 AR
1399 2147 1444 2182 15
1471 2147 1709 2192 περιληφθέν·

282 2206 336 2231 τες
361 2193 446 2275 (sifi)
474 2191 509 2228 A
617 2193 661 2228 16
687 2198 781 2228 ante
808 2193 904 2228 θεόό.
933 2193 1024 2228 add.
1051 2194 1149 2239 ἅγιος
1176 2193 1284 2239 ΕΨῙ),
1311 2198 1357 2229 ut
1383 2196 1403 2235 ξ
1429 2195 1452 2230 9
1560 2196 1598 2234 ὃς
1622 2194 1706 2241 τοῖς]

281 2253 374 2279 οστις

209 2371 368 2407 cissima
394 2375 494 2410 orta.
520 2370 693 2406 Bai-(lam
715 2370 895 2407 Sclerurn
922 2372 1159 2418 magistrum
1187 2381 1277 2407 etun
1296 2372 1379 2407 suis
1405 2372 1639 2408 cohortibus
1657 2371 1746 2408 ade

209 2418 559 2454 intercludendum
599 2419 783 2454 barbaris
810 2419 962 2454 aditum
990 2419 1102 2454 urbis
1135 2418 1382 2455 amandavit.
1432 2418 1531 2456 Cum
1558 2420 1628 2455 diu
1654 2419 1746 2456 vi-'I

210 2466 338 2501 ctoria
371 2476 522 2512 anceps
558 2471 674 2510 esset,
714 2466 881 2501 Romani
918 2466 1111 2502 divinitus
1150 2466 1278 2502 adiuti
1315 2476 1402 2503 esse
1435 2467 1709 2513 perhibentur.

209 2512 309 2549 Nam
337 2518 377 2549 et
397 2514 611 2559 procellam
633 2513 871 2559 Scytharum
891 2524 961 2549 ora
984 2514 1219 2549 verberasse
1238 2519 1278 2550 et
1304 2515 1507 2559 quendam
1534 2516 1708 2561 equitem
1723 2515 1747 2551 8

210 2571 236 2596 a
267 2561 401 2597 multia
434 2562 575 2602 visum.
617 2563 684 2607 qui
720 2561 923 2597 Romanos
954 2561 1192 2598 defenderet
1218 2566 1259 2597 et
1285 2562 1551 2598 barbarorum
1582 2563 1709 2599 aciem

210 2609 483 2644 conturbaret.
534 2608 610 2644 Die
628 2614 762 2645 autem
783 2609 887 2644 illius
907 2619 1071 2654 pugnae
1090 2608 1304 2654 Theodori,
1332 2610 1513 2655 magistri
1529 2610 1709 2654 militum,
1723 2610 1746 2645 9

208 2656 403 2692 memoria
421 2657 591 2702 insignis
609 2657 798 2701 martyris
817 2656 1111 2692 celebrabatur.
1157 2655 1332 2701 Scythae
1359 2657 1483 2703 igitur
1507 2658 1547 2693 in
1567 2659 1708 2704 sugam
1726 2658 1771 2693 10

209 2703 403 2749 compulsi
430 2704 571 2740 urbem
595 2714 739 2739 versus
760 2704 984 2749 fugiebant,
1012 2714 1131 2749 quam
1153 2714 1242 2740 cum
1263 2705 1414 2740 intrare
1433 2715 1513 2741 non
1533 2710 1708 2751 possent,

208 2761 234 2786 a
259 2749 395 2787 Sclero
429 2751 633 2787 interclusi
667 2752 706 2786 in
740 2752 937 2787 suburbia
971 2751 1140 2797 dispersi
1169 2751 1395 2788 caeduntur
1421 2756 1461 2788 et
1486 2763 1510 2787 ιι
1537 2762 1580 2788 se
1612 2753 1766 2799 ipsisll

209 2798 493 2844 opprimuntur
530 2803 570 2834 et
608 2799 910 2842 conculcantur,
949 2804 993 2834 ut
1030 2800 1334 2835 interfectorum
1373 2809 1565 2836 numerus
1601 2800 1708 2836 haud

207 2845 327 2881 facile
345 2849 470 2891 queat
487 2847 591 2882 iniri.
641 2846 797 2892 Reliqui
818 2857 956 2882 omnes
979 2846 1217 2882 vulneribus
1242 2847 1376 2883 affecti
1403 2852 1531 2883 erant.
1582 2847 1708 2885 Theo·
1723 2848 1780 2884 12.
1809 2848 1853 2884 18

208 2892 351 2929 dorum
378 2898 525 2938 autem,
555 2894 793 2941 magistrum
822 2894 1000 2938 militum,
1031 2893 1223 2930 Romanis
1249 2899 1391 2932 contra.
1418 2894 1615 2931 barbaros
1641 2905 1708 2932 au-
