2054 3282
325 242 395 279 650
673 242 854 280 ZONAR.
881 242 1011 278 EPIT.
1038 241 1150 277 XVII
1175 241 1232 287 28,
1262 241 1410 288 13-29,
1436 242 1469 279 2.

326 365 574 420 ἀντίρροπος
618 365 689 406 καὶ
732 366 851 419 γένος
889 363 960 405 καὶ
998 363 1126 417 λόγον
1162 363 1234 405 καὶ
1270 363 1344 419 τὴν
1382 365 1476 420 περὶ
1506 364 1578 412 τὰς
1608 364 1818 413 πολιτικὰς

267 436 312 472 14
326 434 569 488 οἰκονομίας
613 434 839 488 ἀκρίβειαν.
901 436 1087 479 τοιοῦτος
1126 429 1163 474 δ’
1203 433 1279 487 ὤν,
1324 433 1503 488 ὁπηνίκα
1546 450 1582 476 τι
1618 433 1734 489 παρὰ
1770 433 1817 476 τὸ

325 503 522 558 καθῆκον
555 503 763 543 ἐπέταττεν
795 502 912 556 αὐτῷ
941 505 1110 556 ποιῆσαι
1132 501 1156 542 ὅ
1176 502 1381 556 βασιλεύς,
1415 503 1494 544 οὐκ
1515 502 1567 557 ἦν
1587 507 1637 558 τῇ
1668 518 1816 557 προαι-

282 572 432 624 Ορέσει
472 575 545 612 τοῦ
583 574 837 624 κρατοῦντος
875 570 1093 624 ἐπικλινής,
1137 567 1223 612 ἀλλ’
1258 571 1444 625 ᾶντέλεγέ
1478 587 1519 612 τε
1556 571 1627 613 καὶ
1658 572 1818 626 ἀνεῖργε

267 644 311 680 15
324 643 398 680 τοῦ
440 638 499 693 μὴ
544 639 844 692 προσήκοντος.
907 639 931 680 ὁ
969 638 1014 680 δὲ
1051 639 1291 693 ἐχαλέπαινε
1329 639 1400 681 καὶ
1434 639 1633 686 πολλάκις
1668 639 1853 682 τούτουὸ

325 708 545 761 γινομένου
578 708 726 761 ἐμηνία
758 712 807 762 τῇ
838 711 911 749 τοῦ
943 707 1099 762 ἀνδρὸς
1131 709 1290 750 ἐκείνου
1323 708 1550 763 ἐλευθερίᾳ,
1581 708 1653 750 καὶ
1683 710 1749 751 ἵνα
1773 708 1816 751 τὸ

325 777 514 824 ἀντίξουν
551 777 892 831 ἀποφορτίσαιτο,
934 777 1112 831 μεθιστᾷ
1148 777 1226 832 μὲν
1257 777 1415 819 ἐκεῖνον
1444 781 1517 832 τῆς
1546 780 1631 819 τῶν
1661 781 1818 820 κοινῶν

326 845 572 899 διοικήσεως
607 844 647 899 (6
669 844 905 899 Λειχούδης
935 844 987 899 ἦν
1019 843 1173 900 οὗτος),
1207 846 1429 900 ἀντεισάγει
1461 846 1506 887 δὲ
1530 845 1602 887 τὸν
1617 845 1818 901 Ἰωάννην

324 914 395 955 καὶ
431 914 567 967 τούτῳ
603 914 678 967 τὴν
714 918 799 955 τῶν
835 914 1058 957 πολιτικῶν
1098 915 1306 969 ἐγχειρίζει
1344 915 1604 970 κυβέρνησιν,
1648 916 1712 957 ἵνα
1755 915 1815 970 μὴ

266 986 311 1021 16
323 982 431 1036 πρός
462 999 570 1029 τινος
601 980 667 1037 ἐφ’
693 983 753 1029 οἷς
779 983 954 1037 ὁρμήσει
975 983 1213 1037 ἀνείργοιτο.
1275 981 1398 1030 οὗτος
1418 983 1554 1025 τοίνυν
1575 984 1599 1025 ὁ
1618 983 1818 1038 Ἰωάννης
1832 987 1878 1022 10

325 1051 396 1092 καὶ
434 1051 576 1106 ἕτεροι,
620 1052 728 1105 μέγα
766 1052 950 1093 κάκεῖνοι
987 1052 1259 1106 δεδυνημένοι
1288 1051 1404 1106 παρὰ
1435 1056 1497 1106 τῷ
1526 1052 1693 1106 βασιλεῖ,
1737 1053 1816 1093 ἀπ-

326 1120 556 1174 εγνωκότες
577 1120 694 1174 αὐτῷ
721 1119 767 1161 τὸ
799 1121 1005 1175 βιώσιμον
1035 1120 1227 1162 πείθουσι
1257 1120 1328 1162 τὸν
1358 1121 1571 1175 κάμνοντα
1603 1121 1819 1175 φροντίσαι

325 1189 419 1243 περὶ
464 1189 663 1244 διαδοχῆς
706 1189 777 1230 καὶ
819 1189 1087 1231 ὑποτιθέασιν
1131 1190 1247 1243 αὐτῷ
1285 1188 1386 1230 εἷναι
1422 1188 1531 1243 πρὸς
1569 1189 1643 1244 τὴν
1683 1189 1818 1245 ἀρχὴν

268 1261 312 1297 17
327 1258 555 1313 ἐπιτήδειον
586 1258 656 1299 τὸν
690 1258 990 1312 ῙΙρωτεύοντα’
1035 1258 1059 1300 ὁ
1092 1258 1137 1300 δὲ
1167 1257 1242 1312 τὴν
1278 1262 1350 1313 τῆς
1380 1257 1647 1312 Βουλγαρίας
1683 1258 1867 1313 ἀρχὴνῙ)
1887 1259 1941 1296 IV
1961 1259 2027 1296 181

210 1330 246 1365 D
268 1331 312 1366 18
324 1328 578 1381 περιέζωστο
617 1327 688 1368 καὶ
720 1327 923 1382 ἀπεδήμει
953 1332 1026 1382 τῆς
1055 1327 1267 1382 βασιλίδος
1297 1330 1382 1368 τῶν
1412 1326 1590 1369 πόλεων,
1651 1327 1818 1369 ἔσταλτο
1834 1329 1879 1366 15

325 1396 462 1437 τοίνυν
493 1396 517 1436 ὁ
548 1395 620 1437 τὸν
651 1396 785 1450 ἄνδρα
813 1395 1216 1450 μετακαλεσάμενος·
1251 1396 1298 1437 ἐκ
1322 1394 1367 1436 δὲ
1387 1399 1459 1450 τῆς
1480 1396 1691 1450 βασιλίδος
1712 1395 1817 1439 Θεο-

327 1465 472 1519 δώρας
493 1465 518 1519 ἡ
541 1464 673 1519 βουλὴ
701 1465 1003 1519 ἀπεκέκρυπτο.
1066 1462 1151 1506 ἀλλ’
1186 1464 1266 1506 οὐκ
1298 1465 1354 1511 εἷς
1384 1464 1498 1511 τέλος
1527 1463 1574 1506 τὸ
1605 1464 1819 1519 βούλευμα

267 1538 312 1573 19
326 1533 399 1588 τὴν
420 1533 610 1590 βασιλίδα
641 1534 816 1575 διέλαθε.
880 1537 1035 1587 γνοῦσα
1069 1533 1114 1575 δὲ
1145 1533 1207 1580 ὡς
1239 1533 1318 1575 οὒκ
1351 1533 1414 1575 ἐπ’
1438 1533 1543 1588 αὐτῇ
1572 1537 1744 1575 ποιεῖται
1772 1532 1820 1575 τὸ

324 1603 479 1657 κράτος
500 1603 524 1645 ὁ
546 1603 755 1651 τελευτῶν,
787 1602 858 1644 τὸν
887 1602 965 1657 μὲν
997 1603 1046 1657 ἐᾷ
1078 1603 1420 1644 δυσθανατοῦντα
1451 1601 1556 1644 κατὰ
1587 1602 1636 1644 τὰ
1669 1602 1712 1644 ἐν
1736 1606 1821 1650 τοῖς

325 1751 371 1786 10
396 1752 446 1786 ὅτι
474 1751 531 1787 τὸν
556 1751 793 1796 Πρωτεὺοντα
818 1750 1003 1797 ἠβουλήθη
1030 1751 1050 1786 ό
1072 1749 1234 1798 βασιλεὺς
1259 1751 1460 1787 καταλιπεῖν
1483 1750 1650 1796 διάδοχον
1675 1755 1734 1798 τῆς
1759 1751 1819 1796 ἀρ-

322 1804 388 1845 χῆς
413 1799 476 1835 ΟΕ

395 1919 418 1954 2
443 1919 649 1964 οἰκονομίαν
675 1919 711 1954 D
824 1919 846 1955 5
871 1919 1056 1964 χαλέπαινε
1082 1919 1118 1954 D
1233 1920 1254 1955 7
1278 1918 1413 1955 ἐκεῖνον
1438 1917 1606 1964 prDi,
1631 1918 1756 1954 ἐκείνω
1782 1917 1819 1954 Α

396 1967 418 2002 9
445 1970 536 2012 post
558 1967 751 2002 πολιτικῶν
778 1967 870 2002 add.
895 1967 1113 2012 πραγμάτων
1139 1967 1235 2012 Ewp
1382 1967 1425 2001 11
1452 1967 1610 2002 κάκεῖνοι
1639 1977 1714 2003 om.
1741 1966 1770 2003 C

397 2015 442 2050 12
468 2014 530 2059 τὴν
555 2015 653 2060 ζωὴν
678 2014 742 2050 BC
840 2020 1023 2060 φροντΐσαι
1051 2016 1136 2057 (Sic)
1155 2013 1201 2059 A,
1228 2025 1267 2050 V.
1281 2014 1334 2049 ad
1347 2014 1458 2050 XVII
1473 2014 1529 2058 27,
1546 2015 1591 2049 10
1687 2015 1732 2050 13
1757 2013 1818 2059 τὴν

396 2073 471 2098 om.
487 2062 523 2096 D
611 2063 657 2097 14
682 2062 740 2098 τὸν
763 2063 987 2107 πρωτεύοντα
1011 2063 1205 2108 ἐπιτήδειον
1231 2062 1262 2097 Β
1346 2062 1391 2097 15
1416 2062 1609 2097 ἔστακτοΙ)
1691 2062 1736 2097 16
1761 2063 1817 2098 ἄν-

395 2111 546 2156 θρωπον
571 2110 670 2156 pr
770 2111 814 2146 17
840 2111 1058 2155 ἀπεκέρυπτο
1084 2109 1133 2156 p*
1231 2110 1277 2145 19
1303 2111 1540 2150 δυςθανοῦντα
1565 2110 1597 2145 Ε

324 2255 457 2290 virum
487 2254 582 2290 huic
613 2258 653 2290 et
684 2265 836 2301 genere
868 2258 907 2290 et
933 2254 1124 2290 facundia
1151 2258 1190 2290 et
1216 2254 1384 2290 seientia
1409 2254 1616 2299 regendae
1643 2253 1817 2289 civit-atis

266 2299 311 2334 14
324 2303 485 2338 omnino
502 2302 742 2339 dissimilem.
794 2303 880 2347 Qui,
901 2313 991 2338 cum
1009 2312 1081 2337 rex
1102 2302 1255 2347 aliquid
1273 2311 1390 2337 secus
1409 2312 1529 2347 quam
1548 2302 1817 2337 conveniebat

324 2350 516 2394 iussisset,
543 2350 596 2385 ad
620 2351 875 2396 imperator1s
901 2350 1151 2385 voluntatem
1169 2360 1251 2385 non
1270 2350 1403 2385 statim
1429 2349 1719 2394 propendebat,
1745 2349 1815 2384 sed

265 2395 310 2431 15
324 2398 613 2443 refragabatur
632 2402 671 2434 et
691 2398 932 2434 deterrebat.
976 2397 1093 2439 Quod
1112 2407 1202 2432 oum
1221 2398 1383 2442 saepius
1402 2397 1525 2440 fieret,
1551 2396 1617 2431 ille
1634 2397 1816 2441 graviter

324 2448 363 2481 et
388 2446 528 2490 iniquo
561 2446 695 2480 animo
722 2446 949 2481 libertatem
974 2445 1080 2480 illius
1106 2445 1240 2480 ferens
1271 2445 1421 2480 homini
1449 2443 1664 2488 (Lichudes
1689 2444 1722 2479 is
1748 2455 1816 2480 vo-

324 2493 519 2537 cabatur),
546 2496 592 2528 ut
618 2493 882 2528 adversatore
909 2496 1076 2536 careret,
1107 2502 1255 2528 munus
1280 2492 1321 2527 id
1348 2495 1529 2537 ereptum
1555 2492 1597 2526 in
1622 2491 1815 2527 Ioannem

323 2541 525 2584 transfert,
553 2541 617 2575 eui
643 2541 766 2575 tradit
793 2541 996 2576 civitatem
1021 2540 1255 2585 regendam,
1292 2549 1344 2574 ne
1370 2549 1469 2574 suae
1495 2539 1736 2583 cupiditates
1759 2540 1816 2574 in-

265 2586 309 2621 16
323 2587 570 2623 biberentur.
619 2588 658 2623 Is
688 2589 812 2633 igitur
838 2588 1011 2624 Ioannes
1045 2591 1084 2623 et
1116 2588 1193 2631 alii,
1233 2588 1301 2632 qui
1334 2587 1503 2622 multum
1535 2587 1645 2631 apud
1677 2596 1813 2632 regem

323 2638 522 2680 poterant,
549 2636 634 2671 vita
653 2635 868 2681 desperata
886 2635 1116 2680 aegrotanti
1134 2635 1223 2680 regi
1240 2638 1427 2670 auctores
1445 2636 1540 2669 sunt
1566 2634 1815 2669 deliberandi

324 2682 374 2718 de
401 2692 635 2718 successore
659 2686 906 2728 monentque
925 2683 1212 2718 Protevontem
1238 2685 1377 2727 aptum
1404 2691 1492 2716 esse
1518 2681 1569 2715 ad
1591 2682 1814 2726 imperium.

193 2728 400 2772 17.18Qui
427 2740 517 2765 eum
542 2730 777 2776 Bulgariam
802 2733 975 2776 reg-eret,
1013 2731 1065 2765 ab
1090 2730 1193 2765 urbe
1223 2729 1374 2764 aberat.
1423 2728 1567 2763 Missus
1594 2729 1718 2774 igitur
1745 2732 1814 2773 est,

324 2778 393 2822 qui
411 2778 611 2813 hominem
630 2782 870 2824 arcesseret-3
896 2778 1019 2823 idque
1037 2778 1139 2813 elam
1156 2777 1300 2822 regina
1320 2776 1545 2820 Theodora,
1572 2787 1653 2811 non
1679 2779 1815 2812 tamen

323 2825 390 2869 ita,
419 2826 516 2870 quin
542 2836 691 2861 arcano
718 2826 784 2861 illo
813 2826 977 2861 consilio
1005 2825 1256 2871 deprehenso
1282 2827 1496 2869 aegrotum
1513 2834 1651 2869 regem
1668 2834 1814 2869 eogno-

266 2871 310 2906 19
326 2876 455 2908 sceret
481 2875 720 2918 potestatem
753 2874 794 2908 in
826 2873 948 2908 alium
980 2873 1243 2908 transtulisse.
1301 2871 1444 2917 Itaque
1475 2871 1541 2906 illo
1572 2871 1812 2906 moribundo

325 2920 367 2954 in
392 2919 611 2966 Mangania
643 2921 758 2967 regia
790 2921 940 2966 relicto,
978 2920 1177 2956 industria
1206 2919 1479 2955 ministrorum
1510 2928 1675 2954 suorum
1706 2928 1814 2954 nave
