2066 3230
595 208 846 249 BRYENNII
872 175 1094 249 SED13HO.
1143 209 1354 249 COSMAS.
1651 210 1722 248 717

230 332 343 375 οὕτω
382 330 419 374 δ’
453 332 478 374 ὁ
507 332 700 388 βασιλεὺς
735 333 1110 388 περιστατούμενος
1144 333 1355 375 πάντοθεν
1391 331 1464 375 τὸν
1490 332 1722 375 Ῥουσέλιον
1737 337 1784 373 27

229 401 315 443 λύει
352 417 395 443 τε
430 404 516 443 τῶν
554 401 723 456 δεσμῶν
758 401 831 443 καὶ
866 402 1025 456 ῥήμασι
1061 402 1132 443 καὶ
1167 402 1353 457 χρήμασι
1382 400 1455 443 τὸν
1485 401 1620 456 ἄνδρα
1653 401 1722 442 ἒκ-

229 469 516 524 μειλιξάμενος
553 469 741 511 ἐπελθεῖν
770 471 903 512 πείθει
933 476 994 525 τῷ
1024 475 1098 512 τοῦ
1131 470 1360 525 Βρυεννίου
1393 470 1590 525 ὄμαίμονι
1620 469 1725 528 μετὰ

230 541 304 579 τοῦ
334 538 549 592 προέδρου
574 537 758 586 Ἄλεξίου
788 542 863 581 τοῦ
895 540 1141 594 Κομνηνοῦ,
1177 542 1534 594 στραταρχοῦντος
1562 542 1636 593 τῆς
1665 542 1727 592 τῷ

65 653 74 668 3
193 610 217 647 5
230 606 392 661 βασιλεῖ
417 605 523 648 κατὰ
554 605 602 648 τὸ
622 606 854 655 Βυζάντιον
883 607 1126 662 προσούσης
1157 607 1393 661 δυνάμεως.
1455 607 1480 649 ὃ
1510 606 1670 661 μαθὼν
1701 606 1726 647 ὖ
1740 612 1787 648 28

68 683 81 713 ’1
111 685 120 700 ’
147 681 218 718 226
231 678 305 716 τοῦ
327 674 558 729 Βρυεννίου
581 674 764 729 ἀδελφὸς
793 675 907 730 ἔφθη
941 675 1129 730 ὃιαόράς.
1190 679 1277 717 τῶν
1298 674 1568 717 [Μακεδόνων
1587 675 1728 729 μέντοι
1741 681 1787 716 29
1813 679 1844 715 Β

68 738 71 742 ⁴
232 743 570 798 καταληφθέντες
599 743 745 785 πολλοὶ
777 744 818 786 οἱ
845 744 924 798 μὲν
954 745 1115 792 ἔπεσον,
1148 745 1188 785 οἱ
1220 741 1258 786 δ’
1291 744 1494 786 ἑάλωσαν.

346 811 419 853 Ἐν
461 812 650 866 τοσούτῳ
694 812 740 854 δὲ
783 813 854 854 καὶ
890 812 1172 861 Πατζινάκων
1213 813 1379 868 πλῆθος
1422 812 1580 867 ἐπῆλθε
1622 810 1727 854 κατὰ
1746 813 1798 855 18

227 879 617 935 Ἀὃριανουπόλεως
659 880 731 922 καὶ
773 881 867 935 περὶ
909 882 1061 936 ταύτην
1106 881 1446 936 παρεμβαλόντες
1490 880 1565 936 τὴν
1609 881 1731 935 πέριξ

175 955 222 991 10
234 948 375 990 αὐτῶν
411 948 620 1003 ἐληίζοντο
658 949 820 1004 χώραν,
865 951 940 996 οὓς
970 949 995 990 ὖ
1026 949 1255 1004 Βρυέννιος
1286 949 1594 1004 δεξιωσάμενος
1624 950 1726 1004 χρή-

233 1032 334 1073 μασι
364 1021 664 1072 μεταναστῆναι
695 1022 768 1073 τῆς
796 1017 963 1064 πόλεως
994 1019 1137 1060 ἔπεισε.
1198 1017 1291 1073 περὶ
1314 1018 1361 1060 δέ
1382 1034 1427 1072 γε
1447 1017 1522 1072 τὴν
1542 1017 1766 1066 Κύζικον2

233 1090 296 1140 τῷ
326 1085 502 1140 ἀδελφῷ
532 1086 662 1128 αὐτοῦ
693 1086 915 1128 ἀπελθόντι
946 1087 1018 1128 καὶ
1047 1087 1300 1141 πειρωμένῳ
1322 1086 1613 1140 ὑπαγαγέσθαι
1632 1085 1731 1132 τοὺς

235 1154 324 1195 ἐκεῖ
350 1153 375 1194 ὁ
401 1153 632 1201 Ῥουσέλιος
664 1154 849 1210 ἐντυχὼν
879 1155 1083 1210 ἐτρέψατο
1114 1155 1220 1197 κατὰ
1252 1155 1406 1210 κράτος
1437 1154 1578 1196 αὐτόν.

346 1221 458 1277 Ἄρτι
491 1221 536 1264 δὲ
566 1226 640 1264 τοῦ
671 1223 931 1278 πατριάρχου
948 1223 1149 1266 Ἰωάννου
1180 1227 1254 1266 τοῦ
1278 1223 1490 1279 Ξιφιλίνου
1520 1222 1629 1278 πρὸς
1657 1222 1766 1269 τάς3

176 1297 222 1334 15
236 1291 434 1337 αι’ωνίους
474 1292 764 1346 μεταθεμένου
803 1291 940 1347 μονὰς
980 1292 1046 1334 ἐπὶ
1086 1292 1188 1334 δέκα
1228 1291 1440 1337 ἐνιαυτοὺς
1470 1289 1537 1346 ἐφ’
1570 1291 1629 1333 ἑνὶ
1659 1291 1730 1332 καὶ

233 1359 360 1414 μησὶν
390 1359 492 1401 ἑπτὰ
513 1359 588 1414 τὴν
608 1360 831 1416 ἐκκλησίαν
851 1361 1134 1416 ποιμάναντος
1153 1361 1449 1416 προεχειρίσθη
1471 1359 1731 1415 πατριάρχης

235 1428 414 1483 Κοσμᾶς
442 1429 644 1484 μοναχός,
681 1429 820 1484 λόγοις
849 1430 928 1484 μὲν
958 1430 1038 1485 οὐχ
1069 1430 1313 1485 ὡμιληκώς,
1353 1429 1517 1483 ἀρεταῖς
1549 1428 1594 1470 δὲ
1623 1444 1728 1470 παν-
1745 1436 1774 1474 C

234 1497 362 1544 τοίαις
397 1498 693 1553 κοσμούμενος
728 1498 800 1540 καὶ
831 1498 898 1540 διὰ
930 1502 1052 1540 τοῦτο
1083 1499 1154 1540 καὶ
1184 1498 1293 1554 πρὸς
1322 1501 1396 1539 τοῦ
1427 1497 1633 1552 βασιλέως
1664 1498 1729 1546 ἐξ-

236 1565 353 1622 όχως
382 1567 629 1622 τιμώμενος.

240 1673 259 1708 l
284 1674 334 1708 ὅτι
360 1673 382 1709 ό
404 1673 592 1719 Κομνηνός
613 1673 759 1716 Ἀλέξιος
783 1673 844 1710 καὶ
869 1674 891 1708 ὅ
908 1673 1104 1713 Ῥουσέλιος
1128 1673 1371 1720 ἀπεστάλησαν
1395 1673 1485 1710 κατὰ
1509 1677 1571 1709 τοῦ
1597 1674 1730 1719 Βρυεν-

237 1722 315 1757 νίου
340 1721 530 1767 (Βρυενίου
556 1720 600 1765 C)
627 1720 657 1758 C
756 1721 800 1757 14
823 1722 902 1768 περὶ
926 1726 1156 1768 πατριαρχῶν
1181 1721 1245 1758 CE

310 1823 328 1858 l
357 1823 515 1859 σ*σέλιον
540 1823 583 1869 Ε,
609 1834 711 1860 corr.
736 1824 800 1863 Ew
920 1825 944 1860 2
968 1838 1003 1860 τε
1030 1835 1106 1861 οῐη.
1132 1825 1163 1860 Β
1284 1825 1307 1861 6
1332 1825 1401 1871 ἔφη
1429 1823 1458 1861 C
1581 1825 1602 1861 7
1627 1838 1731 1861 κατα-

307 1871 510 1917 λειφθέντες
537 1871 706 1918 BDEwp
803 1870 843 1907 δὲ
867 1872 898 1908 E
994 1874 1018 1908 8
1042 1873 1104 1908 καὶ
1131 1883 1207 1909 om.
1231 1872 1260 1909 C
1357 1873 1380 1907 9
1404 1873 1732 1918 ἅνδριανουπόλεως

310 1918 357 1963 D,
383 1919 655 1964 ἀδριανοὺπολιν
680 1919 711 1956 C
809 1920 855 1955 10
877 1920 985 1966 αὐτῆς
1004 1920 1039 1956 D
1139 1921 1179 1956 11
1206 1926 1413 1967 μεταστῆναι
1433 1921 1528 1966 1¹]wp
1625 1921 1731 1961 κύζυ·

309 1980 376 2002 κον
389 1966 525 2010 (sic)A
623 1967 739 2003 1213
765 1972 814 2012 τῷ
837 1967 1055 2013 ἀδελφῷ-ό
1077 1968 1143 2014 ρου
1170 1978 1244 2004 om.
1260 1968 1300 2013 C,
1327 1968 1456 2014 suppl.
1472 1967 1545 2011 Cw‚
1572 1978 1610 2003 v.
1626 1968 1737 2003 B-n'

310 2015 404 2061 Byz.
431 2013 627 2051 Zeitschr.
654 2025 690 2050 a.
717 2015 810 2050 1892
836 2025 872 2061 p.
898 2016 967 2051 207
994 2019 1034 2051 et
1059 2017 1140 2060 216,
1165 2015 1188 2051 2
1364 2017 1410 2051 12
1434 2015 1611 2051 ἐπελθόντι
1639 2015 1675 2050 D

312 2064 357 2098 16
380 2063 613 2109 προχειρίσθη
639 2062 725 2109 w*p
824 2063 868 2099 17
892 2065 1055 2103 παντόαις
1081 2064 1123 2108 Ε,
1147 2064 1325 2102 παντοίαις
1350 2063 1437 2109 w*p

241 2170 509 2206 incenderunt
534 2170 710 2216 indeque
737 2169 931 2216 Athyram
958 2170 1175 2207 redierunt.
1227 2170 1311 2207 Rex
1344 2181 1441 2207 vero
1472 2171 1593 2207 tantis
1618 2169 1791 2206 andi-27

242 2230 322 2265 que
347 2219 462 2254 maiis
488 2222 662 2254 vexatus
688 2218 849 2254 Ruselio
883 2218 1054 2254 vinculis
1087 2219 1218 2255 soluto
1251 2223 1290 2254 et
1322 2219 1456 2255 verbis
1488 2223 1528 2254 et
1560 2219 1733 2265 pecunia

242 2267 409 2303 delinito
442 2266 670 2312 persuadet,
709 2270 754 2302 ut
785 2276 868 2302 una
901 2277 990 2301 cum
1017 2266 1161 2302 Alexio
1189 2266 1393 2302 Comneno
1426 2266 1624 2313 praeside,
1663 2267 1731 2311 qui

243 2315 369 2362 copiis
404 2313 638 2360 Byzantinis
676 2319 875 2360 praeerat,
913 2313 1105 2360 Bryennii
1145 2316 1308 2350 fratrem
1347 2314 1525 2350 invadat.
1577 2314 1731 2356 Quibus
1745 2312 1792 2347 28

242 2363 365 2398 rebus
390 2362 455 2397 ille
481 2366 639 2398 mature
665 2363 838 2408 cognitis
857 2363 957 2407 fuga
974 2362 1143 2397 salutem
1163 2363 1272 2408 petit.
1322 2360 1433 2398 Multi
1452 2364 1586 2397 tamen
1605 2361 1731 2397 Mace·
1746 2361 1792 2395 ‘29

244 2411 370 2446 dones
396 2415 656 2446 occurrentes
682 2411 827 2456 partim
855 2410 972 2454 eaesi,
1000 2411 1144 2455 partim
1171 2410 1278 2455 capti
1305 2414 1409 2445 sunt.

362 2458 417 2493 18.
464 2457 624 2494 Interea
639 2457 945 2493 I'atzinacorum
962 2457 1174 2493 multitudo
1187 2457 1518 2504 Hadrianopolim
1534 2468 1732 2504 aggressa

243 2507 385 2542 castris
416 2507 555 2552 positis
587 2516 710 2551 agros
742 2506 818 2541 sibi
854 2506 1060 2551 proximos
1095 2509 1239 2549 vastat,
1278 2516 1302 2540 a
1332 2505 1479 2550 quibus
1506 2505 1733 2551 Bryenniuss

243 2555 417 2601 pecunia
442 2554 538 2591 data
564 2554 804 2600 impetravit,
842 2558 887 2589 ut
913 2553 965 2587 ab
991 2553 1092 2588 urbe
1119 2553 1367 2588 recederent.
1418 2552 1604 2588 Ruseiius
1635 2553 1770 2588 ven-02

243 2603 330 2638 eius
355 2603 519 2638 fratrem
546 2601 736 2647 Cyzicum
768 2601 1027 2637 invadentem
1060 2611 1107 2635 ac
1133 2605 1295 2646 gentem
1321 2600 1426 2635 iliam
1453 2600 1645 2647 subigere
1672 2611 1733 2635 co-

242 2654 405 2686 nantem
433 2650 585 2697 proeiio
612 2650 763 2684 victum
790 2648 1034 2695 profligavit.

361 2697 597 2734 patriarcha
623 2696 776 2732 Ioanne
807 2696 1011 2742 Xiphilino
1046 2696 1085 2731 in
1121 2699 1308 2731 aeternas
1342 2696 1572 2731 mansiones
1607 2696 1769 2731 trans-3

243 2745 336 2789 lato,
363 2755 453 2781 cum
479 2745 690 2782 eeclesiam
717 2755 846 2779 annos
872 2743 926 2779 XI
952 2747 992 2779 et
1016 2753 1174 2778 menses
1196 2743 1267 2779 VII
1296 2745 1475 2787 rexismw,
1503 2744 1733 2790 patriarcha

243 2797 303 2828 est
341 2792 578 2839 designatus
616 2791 780 2829 Cosmus
818 2791 1050 2835 monaohun,
1093 2791 1318 2827 ineruditus
1361 2791 1425 2826 ille
1463 2791 1623 2837 quidem
1661 2791 1733 2826 sed

243 2841 372 2877 omnis
397 2841 559 2887 generis
582 2841 731 2876 virtute
749 2844 926 2883 ornatus,
954 2849 1034 2884 qun
1062 2839 1110 2873 de
1138 2849 1262 2874 causa
1287 2849 1311 2875 a
1338 2848 1434 2885 reg-e
1461 2848 1624 2885 quoque
1651 2838 1733 2885 plu-

241 2889 330 2925 rimi
361 2888 661 2925 aestimabatur.
