2054 3282
492 239 818 282 NICEPHORVS
843 242 892 280 11.
918 239 1122 281 PHocAS
1149 239 1462 280 IMPERATOR.
1659 242 1731 280 497

232 360 359 418 ἑῴων
388 365 612 420 ταγμάτων
643 365 919 420 αὐτοκράτωρ
950 364 1185 420 εὐφημήθη
1206 364 1444 420 Ῥωμαίων.
1506 365 1661 419 λέγεται
1685 364 1733 406 δὲ
1747 369 1793 405 38
1807 367 2006 405 P11199A

233 432 294 474 ὅτι
325 433 377 475 οὗ
406 434 541 488 μόνον
571 435 655 489 ἤρα
686 438 759 489 τῆς
788 434 1010 489 βασιλείας,
1043 433 1130 475 ἀλλ’
1164 434 1243 488 οὐχ
1271 434 1418 489 ἥκιστα
1440 433 1604 488 καὶτῆς
1626 432 1732 475 Θεο-

232 505 410 556 φανοῢς,
441 502 512 544 καὶ
543 502 606 549 ὡς
636 502 799 557 ἐνέτυχε
829 502 955 557 ταύτῃ
989 502 1148 556 διάγων
1177 501 1283 544 κατὰ
1315 501 1389 558 τὴν
1418 501 1710 557 μεγαλόπολιν.

343 570 455 625 Ἄρτι
488 571 534 613 ὁὲ
564 574 636 626 τῆς
666 571 814 626 φήμης
845 571 902 617 εἷς
931 569 978 612 τὸ
1010 570 1242 619 Βυζάντιον
1272 570 1515 625 κηρυξάσης
1544 569 1594 611 τὰ
1625 569 1731 612 κατὰ
1746 571 1804 613 24

196 637 303 679 ὅτὸν
333 638 506 687 Φωκᾶν,
538 640 563 681 ὅ
592 640 980 694 παρακοιμώμενος
1004 639 1165 694 Ἰωσὴφ
1197 639 1369 694 ἠγωνία.
1431 639 1456 680 ὁ
1486 639 1626 694 μέντοι
1658 643 1768 681 roffi?

230 711 533 760 τυραννοῦντος
568 707 706 763 πατὴρ
746 708 771 749 ὁ
807 707 967 754 Φωκᾶς
1000 707 1176 762 Βάρὸας
1212 711 1262 763 τῇ
1304 708 1464 763 μεγάλῃ
1507 711 1582 749 τοῦ
1625 708 1732 749 θεοῦ

231 775 429 830 ἐκκλησίᾳ
460 777 792 831 προσπέφευγεν.
855 776 879 817 ὃ
912 776 958 818 δὲ
988 780 1062 818 τοῦ
1091 775 1349 831 Νικηφόρου
1381 776 1585 830 σύγγονος
1605 776 1767 818 Λέων3

231 843 396 898 ἴσχυσεν
426 843 662 898 ἀποδρᾶναι
693 844 764 886 καὶ
793 844 1006 899 ἑνωθῆναι
1026 849 1087 898 τῷ
1109 844 1296 899 ἀδελφῷ.
1358 848 1480 886 τοῦτο
1501 843 1572 886 τὸν
1592 860 1730 898 παρα·
1744 850 1767 884 4

231 911 502 966 κοιμώμενον
532 912 590 958 εἶς
620 912 857 967 ἀμηχανίαν
887 912 1045 967 πολλὴν
1074 913 1332 968 περιέστησε·
1368 913 1660 958 δυσέντευκτος
1686 913 1767 954 δὲῖ)

176 988 221 1024 10
232 980 296 1022 ὢν
325 983 449 1021 πᾶσιν
479 979 532 1035 ἧν
560 981 745 1035 μισητός,
789 981 893 1023 ὅθεν
923 981 1101 1027 ἅπαντες
1131 982 1313 1035 ἔχαιρον,
1358 981 1396 1022 εἷ
1430 980 1479 1022 τὰ
1510 985 1582 1036 τῆς
1612 982 1729 1035 βασι-
1746 985 1775 1020 Β

230 1047 340 1095 λείας
381 1049 593 1103 περισταίη
638 1050 695 1095 εἷς
737 1049 878 1102 ἕτερον
916 1049 987 1091 καὶ
1023 1049 1303 1104 περιαιρεθείη
1345 1047 1468 1096 οὗτος
1499 1049 1546 1091 ἐκ
1577 1050 1730 1103 μέσου·

232 1116 297 1159 διὸ
335 1117 406 1159 καὶ
444 1118 689 1172 συνέτρεχον
726 1118 904 1163 ἅπαντες
943 1118 999 1164 εἷς
1041 1117 1088 1158 τὸ
1131 1119 1239 1172 μέγα
1283 1119 1453 1172 τέμενος
1495 1122 1569 1159 τοῦ
1611 1118 1729 1159 θεοῦ.

231 1185 336 1240 ὅπερ
357 1185 517 1240 μαθὼν
537 1186 563 1228 o‘
584 1185 783 1240 Βρίγγας,
818 1186 914 1228 δέον
936 1187 1126 1228 ἐπιεικέσι
1147 1187 1285 1241 λόγοις
1315 1186 1361 1228 τὸ
1392 1187 1558 1241 πλῆθος
1588 1187 1728 1241 μετελ-
1743 1191 1765 1226 G

232 1253 363 1296 θόντα
394 1253 469 1309 τὴν
505 1254 654 1296 τούτου
692 1255 981 1308 καταμαλάξαι
1019 1255 1172 1310 ὁρμήν,
1217 1255 1241 1297 ὁ
1273 1255 1319 1297 δὲ
1350 1255 1534 1301 ἀπειλαῖς
1570 1255 1730 1309 μᾶλλον

172 1328 220 1364 15
233 1322 336 1364 αὐτὸ
367 1323 645 1378 ἐξετράχυνεν,
677 1322 808 1364 εἰπὼν
839 1323 901 1370 ὡς
931 1323 1047 1378 “ἐγὼ
1078 1324 1340 1365 καταπαύσω
1362 1323 1501 1369 αὐτοῖς
1522 1322 1570 1364 τὰ
1593 1323 1728 1378 ὁρμή-

48 1395 86 1432 D
104 1396 158 1434 IV
171 1399 218 1435 77
230 1406 356 1446 ματα,
401 1392 685 1446 οἰκονομήσας
729 1391 1001 1446 ὠνουμένους
1037 1391 1189 1438 αὐτοὺς
1228 1395 1339 1434 σῖτον
1377 1393 1434 1438 εἷς
1470 1391 1541 1433 τὸν
1578 1392 1729 1433 ἑαυτοῦ

231 1460 392 1502 κόλπον
421 1460 564 1515 φέρειν
594 1459 666 1502 τὸν
695 1463 769 1501 τοῦ
799 1460 1054 1515 νομίσματος
1075 1461 1295 1502 ἕκαστον.”
1354 1463 1475 1501 τοῦτο
1496 1459 1542 1501 τὸ
1563 1460 1764 1514 πλῆθοςΊ

230 1589 254 1626 4
276 1589 433 1637 βασιλεία
458 1590 677 1636 Νικηφόρον
703 1595 764 1627 τοῦ
793 1592 906 1627 Φωκᾶ
932 1592 975 1633 (τ.
1002 1606 1041 1636 φ.
1067 1604 1194 1636 νικηφ.
1220 1589 1266 1633 Α,
1291 1604 1362 1625 νικ.
1388 1604 1414 1625 τ.
1442 1590 1564 1635 φουκά
1591 1589 1636 1632 Β)
1656 1589 1724 1625 AR

239 1638 284 1674 13
308 1638 364 1674 ola
389 1638 410 1673 ὁ
435 1638 590 1683 Βρίγγας
615 1638 788 1684 ἠπείλησε
812 1644 862 1684 τῷ
889 1639 995 1685 δήμῳ
1019 1640 1125 1674 παντί
1148 1641 1242 1680 (om.
1272 1641 1283 1680 )
1313 1637 1377 1675 CF]

304 1757 322 1792 1
349 1756 548 1804 εὖφημήθη
575 1757 668 1803 ῥωμ.
693 1757 837 1803 αὖτοκρ.
865 1757 894 1794 C
1028 1757 1123 1804 εὐφ.]
1158 1758 1307 1803 ἐτιμήθη
1335 1756 1371 1792 D
1513 1758 1536 1793 3
1563 1757 1623 1793 καὶ
1651 1768 1725 1794 om.

303 1803 402 1852 pr
510 1805 666 1851 μεγάλην
689 1806 791 1841 πόλιν
817 1806 925 1852 Ewp‚
954 1816 989 1842 v,
1018 1806 1069 1841 ad
1095 1805 1188 1842 XVI
1213 1805 1270 1849 20,
1295 1805 1318 1841 4
1429 1806 1451 1841 6
1477 1811 1726 1851 τυραννοῦντος

302 1851 448 1899 AEwp,
473 1854 676 1899 νικηφόρου
703 1853 810 1889 OWO
837 1853 903 1889 lat.
1019 1858 1113 1890 ante
1138 1853 1275 1899 βάρὸας
1301 1852 1394 1888 add.
1421 1854 1441 1887 ὄ
1465 1853 1561 1899 Ewp
1668 1867 1727 1898 με·

301 1900 388 1946 γάλῃ
417 1904 507 1947 post
531 1901 617 1936 θεοῦ
644 1900 676 1937 Ο
774 1901 795 1938 7
821 1901 842 1935 ό
858 1916 885 1936 τ.
904 1903 1106 1947 νικηφόρου
1124 1900 1164 1936 δὲ
1181 1901 1347 1946 σύγγονος
1373 1900 1482 1947 Ewp,
1508 1903 1528 1935 ὅ
1554 1900 1586 1936 δ’
1612 1902 1726 1946 ἕτερος

303 1948 425 1984 τούτου
450 1947 525 1987 υἱὸς
549 1948 570 1983 ὅ
594 1947 702 1985 OWo
728 1948 794 1984 lat.
917 1950 940 1985 8
964 1949 1160 1993 ἀποδρᾶναι
1190 1947 1408 1994 ΕΒδκνρΠί,
1433 1948 1626 1993 ἀποδράναι
1655 1948 1726 1983 AR

303 1996 358 2032 10.
386 1996 429 2031 ll
455 1997 634 2042 περισταίη
660 2000 755 2032 ante
780 1996 820 2032 τὰ
846 1996 943 2043 pr
1056 1996 1100 2032 15
1127 2000 1217 2043 post
1242 1996 1327 2032 αὐτὸ
1353 1995 1445 2032 add.
1471 1996 1531 2031 καὶ
1559 1999 1649 2040 (om.
1678 1995 1724 2039 Ι),

302 2043 431 2090 suppl.
459 2042 542 2086 Dw)
567 2044 777 2090 τραχύτησιν
804 2044 914 2090 pr,
954 2054 1060 2090 quae
1092 2045 1169 2079 iam
1205 2042 1354 2079 Hasius
1380 2043 1432 2079 ad
1459 2042 1583 2079 Leon.
1612 2043 1723 2078 Diae.

302 2102 339 2138 p.
356 2090 428 2127 432
450 2090 480 2128 C
506 2091 613 2127 delet
707 2092 832 2128 παύσω
861 2092 896 2127 D
992 2091 1109 2131 αὐτοῖς
1136 2089 1304 2137 prDz'‚
1332 2091 1435 2137 αὐτῆς
1463 2090 1497 2126 A
1597 2091 1639 2126 17
1668 2091 1724 2125 τὸν

301 2143 362 2174 τοῦ
387 2137 469 2184 AR,
495 2138 532 2174 τὸ
557 2144 618 2175 τοῦ
645 2139 778 2186 wap
920 2139 957 2174 τὸ
982 2140 1119 2185 πλῆθος
1146 2138 1225 2182 AE,
1252 2138 1430 2174 ἀκουσθέν
1456 2138 1493 2173 τὸ
1517 2139 1653 2184 πλῆθος
1681 2138 1723 2182 0,

301 2186 338 2222 τὸ
362 2186 498 2232 πλῆθος
522 2186 700 2223 ἀκουσθὲν
726 2186 870 2233 w*th'

229 2297 352 2330 retur.
403 2294 546 2331 Fertur
580 2298 714 2330 autem
750 2305 829 2330 non
867 2295 982 2340 reg-ni
1023 2298 1190 2338 tantum,
1229 2294 1299 2330 sed
1335 2299 1374 2329 ct
1409 2293 1724 2339 Theophanonis
1737 2292 1784 2329 38

229 2352 367 2379 amore
392 2342 586 2388 imprimis
613 2342 809 2388 flagrasse
834 2346 874 2378 et
900 2353 990 2378 eum
1027 2343 1066 2378 in
1100 2353 1249 2387 magna
1281 2342 1382 2377 urbe
1415 2341 1593 2386 degeret,
1634 2352 1722 2377 eum

229 2400 280 2426 ea
303 2400 388 2426 rem
413 2390 613 2426 habuisse.

347 2437 404 2473 24.
454 2437 628 2474 Puocffl
656 2437 778 2474 rebus
803 2437 1042 2484 Byzantium
1075 2438 1279 2482 nuntiatis,
1318 2436 1523 2483 Iosephus,
1563 2437 1723 2473 cubicu-

230 2485 317 2521 larii
337 2486 601 2532 praepositus,
628 2486 869 2531 angebatur.
920 2485 1101 2531 Tyranni
1119 2495 1215 2520 vero
1236 2489 1362 2531 pater,
1383 2484 1538 2520 l’hocas
1556 2483 1722 2528 Bnrdas,
1737 2484 1760 2520 2

228 2534 270 2568 in
300 2543 491 2578 magnam
524 2532 588 2568 dei
622 2533 831 2569 ecclesiam
865 2533 1067 2578 confug-iu
1104 2532 1318 2578 Nicephori
1351 2533 1476 2567 frater
1506 2532 1588 2567 Leo
1623 2533 1759 2577 sug-113

228 2581 390 2627 elapsus
416 2590 507 2616 cum
534 2582 659 2617 fratre
684 2592 727 2617 sc
753 2582 974 2626 coniungit.
1026 2580 1136 2616 Hanc
1162 2581 1202 2615 in
1229 2590 1399 2625 magnas
1425 2581 1637 2625 angustius
1655 2579 1758 2616 sad-4

229 2627 434 2664 duxerunt
461 2628 637 2664 cubiculi
664 2629 949 2675 praepositum,
977 2628 1045 2674 qui
1073 2628 1125 2664 ob
1143 2628 1414 2663 morositatem
1437 2628 1621 2663 omnibus
1641 2633 1719 2663 tam
1735 2626 1758 2662 5

228 2676 384 2712 invisus
410 2679 508 2719 erat,
533 2680 577 2712 ut
604 2680 799 2722 cuperent
828 2686 932 2719 cum,
971 2677 1049 2711 alio
1077 2685 1209 2711 rorum
1242 2675 1379 2721 potito,
1418 2685 1441 2711 e
1467 2675 1598 2711 medio
1626 2675 1721 2719 tolli,

228 2733 359 2769 eaque
395 2723 447 2759 do
483 2733 608 2759 causa
645 2724 686 2759 in
721 2734 914 2769 magnum
950 2723 1014 2759 dei
1049 2723 1239 2769 templum
1277 2727 1580 2758 concurrerunt.
1632 2723 1758 2765 Quofi

229 2770 400 2817 Bringafl
426 2772 602 2817 cognito,
636 2781 725 2807 cum
755 2771 912 2807 blandis
940 2771 1074 2806 verbis
1101 2770 1391 2806 demulcendus
1417 2774 1522 2806 esset
1548 2771 1722 2806 multitu-

228 2818 332 2854 dinis
357 2819 542 2865 impetus,
568 2828 656 2855 eam
686 2819 802 2854 minin
828 2819 958 2864 magis
984 2818 1254 2864 exasperavit,
1280 2828 1370 2853 eum
1398 2818 1549 2853 diceret
1575 2828 1618 2853 se
1643 2828 1721 2853 mo-

227 2869 312 2902 tum
338 2866 448 2902 illum
474 2875 760 2913 oppressurum
787 2876 875 2902 esse
903 2865 1167 2908 ordinantem,
1199 2870 1244 2901 ut
1268 2866 1428 2910 singuli,
1461 2865 1570 2901 ‹uod
1597 2866 1721 2901 numi·

227 2917 355 2950 amate
381 2914 526 2950 emitur
552 2914 755 2958 frumenti,
781 2915 820 2949 in
848 2923 921 2950 suo
948 2914 1039 2949 sinu
1062 2917 1225 2959 possent
1245 2917 1417 2959 portare.
1469 2878 1529 2948 fta
1548 2912 1757 2960 populus'l

298 2983 457 3015 aonam
477 2984 627 3022 Epitomo
647 2983 707 3014 111,
1473 2972 1520 3011 32
