2066 3230
340 224 410 261 714
722 226 903 264 ZONAR.
930 226 1061 263 EPIT.
1089 226 1220 263 XVIII
1248 228 1302 273 17,
1328 229 1456 265 6—-19,

341 349 386 391 δὲ
416 349 488 391 καὶ
517 349 566 391 τὰ
597 353 682 392 τῶν
705 349 975 391 ιἸΙακεδόνων
1006 350 1182 404 ληίζεται
1212 350 1283 392 καὶ
1315 351 1393 393 ὅσα
1424 351 1583 400 τούτοις
1603 357 1675 409 τῆς
1695 354 1832 397 Βουλ-

340 419 487 473 γαρίας
516 420 785 474 παράκεινται
816 418 887 460 καὶ
918 420 975 464 εἷς
1005 418 1079 472 τὴν
1109 423 1194 460 τῶν
1225 419 1506 468 Πατζινάκων
1534 428 1781 478 μεταχωρεῖ.

304 486 324 522 7
465 487 570 530 Ῡῖοῦ
603 488 647 529 δὲ
679 488 897 541 τεχθέντος
928 488 1045 541 αὐτῷ
1076 488 1123 529 ἐκ
1154 492 1226 542 τῆς
1264 489 1309 537 ἐξ
1333 488 1521 531 Ἀλανῶν
1550 490 1738 546 Μαρίας,
1781 495 1833 548 ἣν

338 557 578 612 βασίλισσαν
610 558 767 610 ἑστεψε,
802 556 1116 598 Κωνσταντῖνον
1147 556 1274 598 αὐτὸν
1300 557 1521 612 ὠνόμασεν
1542 559 1607 601 ε’πὶ
1627 565 1689 615 τῷ
1709 561 1834 615 πατρὶ

339 626 410 667 καὶ
452 626 678 680 βασιλικῶς
721 625 930 667 ἔταινίωσε
969 626 1039 667 καὶ
1079 626 1235 672 στείλας
1273 626 1381 680 πρὸς
1419 626 1491 668 τὸν
1521 627 1867 684 Λογγιβαρδίας5

339 694 646 749 ἡγεμονεύοντα
673 694 928 748 Ῥομπέρτον
960 694 1034 749 τὴν
1066 695 1225 736 ἐκείνου
1257 695 1469 750 θυγατέρα
1500 702 1562 751 τῷ
1592 699 1675 752 υἱῷ
1705 699 1831 753 ἐμνη-

303 762 549 817 ὃστεύσατο,
594 765 646 818 ἣν
682 763 753 804 καὶ
793 763 995 817 ἀχθεῖσαν
1020 763 1189 817 Ἑλένην
1226 764 1535 818 μετωνόμασεν.
1597 766 1746 821 ἐτέχθη
1787 767 1832 809 δὲ

125 830 157 866 Ρ
165 829 321 867 ῙῙ989Α
338 831 427 873 τότε
470 832 514 873 ἐν
555 837 618 886 τῷ
654 832 874 886 Βυζαντίῳ
917 832 1095 885 παιδίον,
1141 833 1212 873 ἕνα
1257 833 1354 887 ἕχον
1396 832 1502 874 κατὰ
1544 833 1591 875 τὸ
1633 835 1880 888 μέτωπονΙ)
1902 840 1954 877 IV

303 899 568 954 9ὂφθαλμόν
605 900 676 942 καὶ
712 901 998 955 τραγοσκελές.
1060 904 1146 942 τῶν
1176 901 1316 954 μέντοι
1347 902 1582 956 βαρβάρων
1611 902 1686 958 τὴν
1717 902 1832 958 ἑῴαν

338 969 598 1023 ληιζομένων
629 968 700 1010 καὶ
732 970 794 1016 οἷς
825 970 1030 1024 ἐντύχοιεν
1061 970 1184 1023 ἔργον
1214 970 1445 1024 τιθεμένων
1472 972 1695 1026 μαχαίρας,
1727 973 1829 1027 φεύ-
1848 977 1891 1013 10

281 1037 326 1072 10
339 1053 478 1092 γοντες
510 1039 550 1079 οἱ
574 1037 755 1079 Ἀσιανοὶ
790 1043 840 1093 τῇ
872 1038 1191 1080 Κωνσταντίνου
1229 1038 1478 1094 προσῄεσαν.
1539 1041 1600 1095 μή
1638 1057 1747 1088 τινος
1787 1041 1832 1084 δὲ

337 1107 657 1161 προνοουμένου
696 1110 781 1148 τῶν
819 1111 940 1162 κοινῇ
978 1107 1282 1162 συμφερόντων
1328 1107 1369 1162 (ὁ
1401 1107 1480 1163 γὰρ
1517 1108 1710 1163 βασιλεὺς
1738 1109 1832 1164 περὶ

338 1174 490 1229 λόγους
521 1175 727 1230 ἠσχόλητο
759 1175 829 1217 καὶ
861 1176 1041 1231 ἰάμβους
1072 1176 1306 1218 συντιθέναι
1336 1176 1445 1231 πρὸς
1471 1181 1544 1219 τοῦ
1569 1177 1727 1220 Ψελλοῦ
1749 1179 1830 1220 ἔδι-

281 1244 323 1278 11
340 1242 547 1298 δάσκετο),
591 1244 767 1286 σιτοδεία
806 1244 903 1291 τοὺς
941 1245 984 1286 ἒν
1014 1249 1064 1300 τῇ
1094 1244 1210 1286 πόλει
1242 1244 1408 1293 ε’πίεζεν.
1469 1246 1534 1287 ἵνα
1568 1246 1604 1288 δ’
1638 1247 1831 1301 ἓκφαντι-

338 1312 527 1367 κώτερον
556 1312 603 1354 τὸ
634 1314 776 1360 πάθος
808 1314 1186 1368 ἔκτραγῳδήσαιμι,
1219 1312 1338 1367 λιμὸς
1368 1313 1421 1368 ἦν
1452 1314 1645 1369 ἄντικρυς
1674 1315 1721 1357 τὸ
1751 1331 1829 1357 κα-
1845 1319 1889 1355 15

338 1380 430 1434 κόν,
462 1386 524 1435 τῷ
556 1381 601 1423 δὲ
632 1382 854 1437 παρείπετο
885 1382 957 1424 καὶ
987 1382 1145 1436 λοιμός,
1179 1382 1262 1423 κάκ
1293 1382 1442 1423 τούτου
1475 1384 1717 1438 συνέβαινον
1747 1384 1829 1425 θά-

338 1465 452 1491 νατοι
483 1450 554 1491 καὶ
593 1448 707 1492 οὗτοι
745 1451 892 1506 συχνοί
925 1467 967 1492 τε
1003 1451 1075 1492 καὶ
1114 1451 1421 1505 ἀλλεπάλληλοι,
1467 1452 1573 1493 ὥστε
1616 1452 1831 1494 ἀδυνατεῖν

280 1520 325 1555 12
338 1517 435 1564 τοὺς
478 1519 639 1567 ζῶντας
682 1523 796 1574 ταφῇ
838 1519 1116 1573 παραδιδόναι
1159 1519 1256 1566 τοὺς
1298 1520 1574 1574 θνήσκοντας.
1643 1524 1832 1562 τοσοῦτοι

339 1636 361 1671 3
386 1637 438 1671 ὅτι
464 1636 538 1676 υἱὸς
562 1636 689 1682 ἐτέχθη
717 1637 900 1683 (ἐγεννήθη
920 1637 966 1682 Ε)
994 1642 1044 1682 τῷ
1069 1638 1207 1684 βασιλεῖ
1227 1637 1287 1673 καὶ
1312 1637 1467 1683 ἓστέφθη
1493 1638 1575 1683 παρ’
1601 1637 1708 1674 αὐτοῦ
1734 1638 1830 1684 (παρ’

337 1684 444 1719 αὐτοῦ
472 1695 547 1719 om.
574 1684 620 1728 E)
648 1684 710 1721 ΟΕ
861 1685 883 1720 7
907 1685 988 1730 περὶ
1013 1691 1073 1720 τοῦ
1098 1686 1280 1730 τεχθέντος
1306 1686 1527 1730 σημειώδους
1551 1687 1675 1725 παιδός
1701 1685 1740 1730 C,
1767 1700 1830 1732 ση-

337 1737 436 1776 μεῖον
461 1732 492 1767 Ε
591 1732 637 1767 14
660 1732 740 1777 περὶ
765 1738 825 1769 τοῦ
849 1733 885 1768 ἒν
911 1739 953 1778 τῇ
976 1733 1133 1779 βασιλείᾳ
1158 1734 1280 1769 τούτου
1306 1734 1494 1779 γενομένου
1511 1735 1614 1779 λιμοῦ
1631 1734 1691 1770 καὶ
1707 1735 1831 1779 λοιμοῦ

339 1779 388 1824 (κ.
413 1779 506 1825 λοιμ.
535 1790 610 1816 om.
637 1780 682 1822 E)
711 1779 774 1817 ΟΕ

410 1886 430 1921 1
457 1891 528 1923 τῶν
554 1898 628 1923 om.
655 1886 814 1933 prDi
976 1889 999 1924 3
1024 1888 1133 1934 αὐτῷ]
1160 1893 1210 1923 τῶ
1235 1888 1376 1935 βασιλεῖ
1394 1887 1527 1934 μιχαὴλ
1552 1887 1582 1925 C
1741 1894 1832 1935 post

408 1936 453 1981 ἢν
478 1935 570 1971 add.
596 1935 657 1971 καὶ
681 1935 780 1981 pr
893 1937 915 1971 6
941 1936 1115 1981 ῥομπετον
1141 1939 1184 1978 (s.
1213 1936 1311 1981 acc.)
1338 1937 1369 1971 E
1483 1937 1504 1972 7
1528 1937 1648 1982 ἓλένην
1675 1937 1830 1982 Osti,

410 1994 448 2018 V.
475 1983 528 2018 ad
551 1983 648 2018 XIII
675 1983 706 2026 1,
733 1983 756 2018 2
900 1985 922 2019 8
949 1985 1023 2019 τότε
1050 1995 1123 2020 om.
1150 1984 1220 2019 BD
1366 1985 1388 2020 9
1414 1984 1473 2019 καὶ
1500 1995 1574 2020 om.
1600 1984 1736 2030 Bpr

411 2030 456 2066 13
482 2033 573 2076 post
595 2031 721 2076 λόγους
747 2031 838 2066 add.
865 2032 952 2077 τάχα
978 2031 1007 2067 C
1106 2031 1150 2066 14
1176 2031 1214 2067 δὲ
1237 2032 1296 2067 καὶ
1322 2032 1358 2066 D
1474 2032 1518 2068 15
1543 2033 1704 2077 ἄντικρυς
1729 2032 1830 2076 RDi,

409 2079 456 2162 {ig
474 2078 673 2163 Ιδξὲἒέοἱιῗίὃ
682 2079 749 2115 fol.
765 2079 873 2124 45911)
892 2078 938 2124 A,
965 2080 1110 2124 ἄντικρυ
1128 2079 1227 2126 W*p‚
1254 2091 1292 2116 V.
1319 2080 1371 2115 ad
1398 2083 1416 2122 ἓ
1435 2080 1481 2116 26
1577 2080 1622 2116 16
1647 2081 1779 2116 τούτων
1803 2080 1832 2117 C

339 2233 554 2269 Thraciam
572 2237 612 2270 et
630 2233 909 2271 Macedoniam
928 2238 967 2270 et
984 2235 1044 2271 his
1067 2235 1235 2270 finitima
1253 2235 1472 2281 Bulgariae
1497 2236 1586 2272 loca
1612 2236 1832 2282 praedatus

341 2281 394 2317 ad
419 2281 661 2318 Patzinacos
687 2292 730 2318 se
757 2283 924 2318 confert.

304 2325 326 2361 7
458 2329 628 2365 Michael
659 2330 784 2365 filium
815 2341 867 2366 ex
893 2330 1020 2366 Maria
1045 2329 1188 2374 Alana,
1226 2341 1348 2376 quam
1380 2332 1564 2377 reginam
1597 2331 1831 2377 appellarat,

340 2379 573 2422 susceptum
600 2377 905 2414 Constantinum
937 2379 988 2414 ob
1021 2379 1147 2424 patris
1179 2379 1412 2414 memoriam
1445 2379 1607 2414 vocavit
1639 2382 1678 2414 et
1715 2380 1832 2424 regni

340 2424 569 2470 insignibus
587 2425 785 2461 adornato
803 2425 980 2470 Roberti‚
999 2425 1303 2472 Longibardiae
1322 2426 1446 2470 ducis,
1468 2426 1587 2461 filiam
1608 2426 1831 2472 despondit,

304 2469 407 2506 8cui
440 2472 642 2508 adductae
673 2483 821 2508 nomen
852 2473 1032 2509 Helenae
1064 2474 1220 2509 indidit.
1269 2474 1341 2509 His
1373 2474 1621 2519 temporibus
1646 2473 1831 2519 Byzantii

340 2519 475 2554 infans
514 2524 634 2555 natus
672 2521 847 2566 caprinis
885 2521 1067 2566 pedibus,
1107 2531 1190 2557 uno
1225 2522 1340 2557 oculo
1373 2523 1415 2556 in
1447 2523 1579 2556 fronte
1611 2522 1830 2567 praeditus.

305 2564 531 2602 9Barba1·is
563 2570 699 2603 autem
734 2568 936 2604 Orientem
969 2570 1224 2604 vastantibus
1255 2572 1294 2604 et
1326 2569 1467 2604 obvios
1501 2579 1684 2614 quosque
1722 2570 1830 2605 ferro

283 2612 327 2647 10
341 2614 650 2659 trucidantibus,
688 2614 830 2651 Asiani
856 2615 1009 2661 Cpolim
1041 2617 1325 2662 confugerunt.
1374 2616 1491 2652 Nullo
1519 2620 1654 2651 autem
1683 2617 1831 2652 bonum

340 2662 547 2707 publicum
565 2666 734 2698 curante
753 2663 860 2708 (nam
878 2674 952 2699 rex
971 2664 1112 2699 studiis
1131 2674 1283 2700 vacans
1300 2664 1455 2699 iambos
1468 2664 1646 2699 seribere
1663 2675 1687 2699 a
1700 2664 1830 2700 Psello

282 2707 324 2741 11
342 2709 592 2754 docebatur),
630 2711 810 2746 urbanos
847 2721 1035 2747 annonae
1077 2713 1248 2757 penuria
1287 2721 1469 2756 premere
1510 2712 1653 2756 coepit.
1704 2711 1833 2753 Quam

342 2757 611 2793 calamitatem
637 2761 683 2793 ut
715 2758 944 2794 evidentius
976 2762 1015 2794 et
1047 2759 1224 2796 atrocius
1257 2759 1467 2802 declarem,
1506 2759 1547 2793 id
1578 2759 1727 2794 malum
1758 2759 1835 2794 fuit

342 2805 481 2849 fames,
521 2815 641 2850 quam
680 2806 908 2851 pestilentia
944 2807 1228 2851 comitabatur3
1267 2806 1378 2841 unde
1410 2806 1616 2841 hominum
1650 2807 1835 2842 interitus

344 2854 481 2887 tantus
507 2855 547 2887 et
572 2855 653 2887 tam
679 2854 872 2898 frequens
898 2857 959 2889 est
994 2857 1246 2898 consecutus,
1286 2855 1332 2888 ut
1363 2854 1548 2889 viventes
1573 2854 1836 2889 morientibus

284 2897 327 2932 12
347 2900 588 2945 sepeliendis
617 2904 750 2936 essent
782 2902 967 2947 impares.
1018 2901 1095 2937 Tot
1125 2902 1229 2937 enim
1262 2901 1459 2946 peribant,
1497 2905 1541 2937 ut
1573 2911 1694 2946 saepe
1725 2901 1838 2936 multi
