2054 3282
347 238 544 285 ioANNE
570 241 733 284 ‘PvLso
758 236 1062 282 anonivs
1087 236 1174 279 ΡΙΤ
1197 234 1550 278 PATRIAROHA.
1629 238 1700 276 383

5 403 6 406 η
65 382 74 404 ό
96 369 409 424 172πρότερον
437 369 516 423 μὲν
546 367 643 414 τοὺς
678 368 723 409 ἐν
760 367 1001 421 ὗπερορίαις
1036 363 1426 419 παραπεμφθέντας
1466 361 1583 416 παρὰ
1626 365 1700 403 τοῦ

4 434 6 439 ’
56 427 59 430 .
210 437 421 493 Θεοφίλου
464 436 536 479 καὶ
573 435 670 483 τοὺς
708 435 1042 490 καθειργμένους
1079 433 1151 475 καὶ
1189 432 1286 479 τοὺς
1316 431 1458 478 ἄλλαις
1487 430 1702 472 κακώσεσι

203 506 567 561 προσπαλαίοντας
610 505 769 551 πάντας
814 504 980 558 ἀνῆκεν.
1053 501 1136 544 εἶτα
1182 500 1255 543 καὶ
1298 501 1465 555 ζήτησιν
1509 499 1702 554 γενέσθαι
1718 503 1763 538 10

203 573 433 627 προσέταξε
462 572 557 626 περὶ
586 577 659 628 τῆς
689 573 904 627 αἱρέσεως,
936 571 1007 613 καὶ
1039 571 1265 626 γενομένης
1286 570 1311 624 ἦ
1334 572 1420 611 τῶν
1447 567 1747 623 ὀρθοὸόξωνΟ

169 641 407 695 δῦπερέσχε
436 641 617 696 πληθύς.
678 639 764 694 πρὸ
794 645 866 696 τῆς
898 640 1112 695 ζητήσεως
1143 638 1190 681 δὲ
1219 638 1292 680 τὸν
1311 637 1601 692 ψευδώνυμον
1620 641 1761 678 πα-11

204 709 403 764 τριάρχην
423 708 495 751 τὸν
516 709 644 764 γόητα
658 708 864 763 Ἰωάννην
884 712 958 750 τοῦ
981 709 1273 763 ἀρχιερατικοῦ
1299 711 1494 760 κατασπᾷ
1525 705 1702 759 θρόνου,

205 777 409 831 ἀθέσμως
440 777 718 832 ἐπιβεβηκότα
748 777 898 819 τούτου
931 776 997 818 ἐπὶ
1038 775 1250 822 ἐνιαυτοὺς
1292 775 1352 828 ἕξ,
1395 773 1620 828 ἀντεισάγει
1659 773 1705 816 δὲ

204 845 276 888 τὸν
314 845 427 899 ἱερὸν
464 846 536 888 καὶ
579 846 697 887 θεῖον
735 845 968 887 Μεθόδιον.
1031 844 1103 886 καὶ
1148 844 1277 886 αὐτοῦ
1324 846 1588 896 προεστῶτος
1629 845 1704 884 τοῦ
1720 847 1764 883 12

204 917 291 956 τῶν
321 914 575 968 ὀρθοόόξων
605 914 890 969 πληρώματος
921 914 946 968 ἡ
974 913 1140 967 ζήτησις
1161 913 1304 966 γέγονε
1324 911 1396 953 καὶ
1417 912 1442 966 ἡ
1465 914 1551 952 τῶν
1573 911 1706 965 ἁγίων

147 989 195 1026 10
207 983 524 1036 ἕκτυπωμάτων
561 983 618 1029 εἷς
650 982 890 1037 τούμφανὲς
920 981 1204 1036 προσκύνησίς
1234 997 1275 1022 τε
1306 980 1377 1022 καὶ
1409 979 1704 1034 ἀναστήλωσις.

206 1051 275 1093 ὅτε
317 1052 420 1105 φασὶ
462 1050 536 1105 τὴν
572 1051 812 1106 βασίλισσαν
850 1050 1090 1104 θερμότατα
1129 1049 1332 1104 δεηθῆναι
1368 1052 1442 1090 τοῦ
1482 1064 1524 1089 τε
1560 1063 1704 1102 πατρι-
1721 1053 1766 1089 13

207 1121 342 1175 άρχου
381 1119 452 1161 καὶ
486 1123 572 1161 τῶν
609 1120 749 1161 ἄλλων
787 1119 1017 1174 ἀρχιερέων
1055 1118 1127 1160 καὶ
1161 1121 1367 1172 μοναχῶν
1397 1117 1543 1172 κοινὴν
1572 1133 1704 1172 προσ-

206 1192 385 1242 ενεγκεῖν
418 1189 556 1242 δέησιν
586 1194 647 1242 τῷ
678 1188 772 1242 θεῷ
803 1188 910 1229 ὥστε
942 1187 1151 1241 σωτηρίας
1181 1189 1317 1240 τυχεῖν
1347 1185 1418 1227 τὸν
1443 1186 1612 1240 βασιλέα
1635 1185 1706 1227 καὶ
1723 1190 1757 1225 D

207 1257 451 1311 ξυνευνέτην
481 1257 625 1311 αὐτῆς·
669 1255 741 1298 καὶ
775 1256 915 1310 μέντοι
945 1255 1017 1297 καὶ
1047 1254 1287 1310 θερμότατα
1320 1254 1523 1309 δεηθῆναι
1554 1253 1707 1300 αὐτοὺς
1723 1260 1767 1296 14
1793 1259 1988 1297 W111124

151 1332 195 1369 lz')
207 1329 281 1368 τοῦ
312 1325 431 1373 θεοῦ,
474 1325 545 1367 καὶ
581 1324 652 1366 τὸν
687 1324 747 1379 μὴ
785 1324 974 1378 παριδεῖν
1010 1323 1084 1378 τὴν
1121 1324 1277 1378 αἴτησιν
1313 1327 1399 1365 τῶν
1429 1322 1707 1376 θεραπόντων

208 1393 352 1447 αὐτοῦ,
384 1390 471 1436 ἀλλ’
505 1393 680 1442 ἀξιῶσαι
711 1393 965 1447 συγγνώμης
995 1391 1066 1434 τὸν
1091 1391 1261 1446 βασιλέα
1284 1390 1503 1446 Θεόφιλον.
1565 1391 1706 1445 ᾄδεται
1722 1398 1766 1434 15

207 1465 334 1503 ταῦτα
372 1461 444 1503 καὶ
480 1465 564 1508 τοῖς
601 1461 798 1516 ἀφορῶσι
833 1459 941 1515 πρὸς
976 1459 1023 1502 τὸ
1054 1459 1363 1515 φιλάνθρωπον
1393 1462 1466 1501 τοῦ
1498 1459 1604 1501 θεοῦ
1635 1458 1707 1500 καὶ

209 1602 232 1638 5
262 1602 440 1648 ἕξώθησις
470 1602 511 1638 ἔκ
538 1607 598 1649 τῆς
628 1602 818 1649 ἔκκλησίας
849 1607 910 1639 τοῦ
941 1602 1160 1648 πατριάρχου
1192 1601 1430 1648 (φατριάρχου
1458 1600 1502 1644 C)
1524 1600 1706 1646 Ἰωάννου,

210 1655 271 1687 τοῦ
296 1650 336 1687 δὲ
361 1652 457 1696 ἱεροῦ
483 1651 670 1687 Μεθοὸίου
694 1652 921 1697 προχείρισις.
948 1651 1009 1686 καὶ
1034 1651 1132 1690 ὅπως
1158 1649 1204 1686 δι’
1221 1650 1411 1692 ἐντεύξεων
1435 1649 1568 1695 λέγεται
1594 1663 1707 1695 σωτη-

210 1699 288 1744 ρίας
306 1704 420 1744 τυχεῖν
437 1699 459 1734 ὅ
478 1699 652 1745 Θεόφιλος
670 1698 700 1736 C
791 1699 832 1734 11
860 1700 910 1734 δτι
927 1699 1057 1744 λέγεται
1075 1699 1250 1744 σωτηρίας
1268 1703 1385 1743 τυχεῖν
1402 1697 1460 1733 τὸν
1481 1697 1658 1743 Θεόφιλον
1676 1696 1708 1732 Ε

285 1829 309 1866 2
334 1829 610 1876 καθειργμένους
636 1828 684 1875 D,
709 1844 764 1875 ειρ
792 1830 993 1876 expunxit·
1018 1828 1086 1868 Dw
1249 1833 1340 1876 post
1365 1829 1526 1874 καθειργ.
1554 1828 1646 1864 add.
1671 1827 1708 1864 ἕν

285 1879 461 1924 φυλακαῖς
486 1878 583 1924 pr
681 1878 704 1913 3
729 1878 871 1923 ζήτησις
897 1877 945 1922 D,
972 1888 1072 1914 corr.
1102 1877 1165 1915 Dw
1266 1877 1299 1913 3.
1318 1877 1341 1912 4
1364 1878 1552 1921 προςέταξε
1577 1877 1709 1923 προβή-

285 1927 408 1962 σεσθαι
436 1925 467 1961 Ο
580 1925 603 1960 4
628 1925 825 1970 ὀρθόὸοξον
852 1926 899 1968 D,
925 1936 1026 1961 corr.
1055 1925 1122 1964 Dw
1239 1926 1262 1961 6
1287 1924 1344 1960 τὸν
1370 1926 1477 1970 γόητα
1504 1935 1578 1960 om.
1606 1924 1642 1959 D
1669 1928 1709 1960 et

291 1974 358 2010 Wo
386 1974 451 2009 lat.
619 1973 771 2009 ἷωάννου
797 1973 846 2018 D,
872 1984 974 2009 corr.
1000 1972 1068 2012 Dw
1208 1974 1230 2009 8
1251 1973 1257 2017 Ι
1278 1973 1428 2018 ἷγνάτιον
1453 1972 1500 2017 D,
1527 1972 1586 2007 καὶ
1611 1973 1709 2007 θεῖον

286 2031 388 2057 corr.
415 2020 482 2058 Dw
579 2020 684 2057 αὐτὸν
708 2020 756 2065 D,
783 2031 884 2056 corr.
911 2020 979 2059 Dw
1087 2021 1132 2056 10
1157 2034 1356 2066 τουμφανες
1382 2019 1469 2065 (sic)
1496 2020 1532 2055 A
1628 2020 1708 2055 ἀνα-

285 2069 463 2109 στείλωσις
478 2068 524 2113 D,
544 2079 645 2104 corr.
660 2067 727 2107 Dw
826 2069 867 2104 11
885 2072 975 2115 post
985 2068 1072 2114 φασὶ
1088 2068 1180 2104 add.
1195 2069 1254 2104 καὶ
1269 2066 1453 2114 BsswpDi,
1473 2066 1626 2103 om.AR
1644 2068 1709 2103 Wo

286 2116 351 2152 lat.
479 2130 514 2151 τε
541 2127 615 2152 om.
644 2115 676 2152 O
824 2115 869 2151 12
892 2122 1134 2162 προςενεγκεῖν
1159 2115 1408 2162 ΑΕΒΒᾙΡΝῚ),
1433 2115 1649 2161 ποιήσασθαι
1676 2115 1709 2150 R

287 2164 332 2200 13
358 2169 407 2209 τῷ
433 2164 509 2209 θεῷ
535 2163 784 2210 AEsss(?)wp,
813 2163 900 2209 πρὸς
925 2163 1011 2199 θεὸν
1036 2163 1069 2199 R
1168 2164 1212 2199 15
1237 2163 1357 2209 δέησιν
1374 2163 1404 2200 C
1503 2163 1547 2199 16
1572 2163 1658 2198 ἀλλὰ
1677 2163 1708 2199 Ο

215 2300 265 2338 Et
290 2310 381 2337 cum
407 2302 520 2347 prius
546 2301 628 2337 rele
661 2304 750 2336 atos
775 2311 800 2336 a
826 2300 1049 2347 Theophilo
1088 2304 1321 2337 revocasset
1358 2303 1398 2336 et
1424 2300 1581 2336 vinctos
1607 2300 1708 2335 aliis-

216 2358 296 2395 que
321 2349 525 2385 aerumnis
544 2359 619 2384 con
651 2349 822 2384 ictantes
840 2359 979 2385 omnes
997 2348 1221 2393 dimisisset,
1250 2351 1390 2394 postea
1408 2348 1707 2393 inquisitionem
1729 2349 1770 2384 10

217 2397 267 2433 de
297 2396 453 2432 haeresi
480 2397 564 2433 fleri
593 2397 720 2439 iussit,
758 2406 840 2441 qua
872 2397 981 2431 facta
1008 2396 1323 2432 orthodoxorum
1351 2395 1566 2431 multitudo
1593 2405 1709 2441 supe·

216 2445 300 2480 rior
324 2444 411 2480 i'uit.
463 2443 541 2480 Sed
567 2449 663 2479 mite
682 2454 770 2479 eam
797 2444 1096 2489 inquisitionem
1116 2443 1308 2479 Ioannem
1336 2443 1444 2478 illum
1474 2444 1708 2488 praestigia·
1726 2444 1767 2479 ll

217 2497 344 2528 torem
370 2492 652 2538 patriarcham,
679 2491 890 2537 iudignum
918 2491 1027 2526 ilium
1055 2491 1217 2536 quidem
1237 2501 1285 2527 eo
1303 2491 1476 2533 nomine,
1504 2491 1709 2536 pontificia

217 2539 314 2575 sede
341 2539 528 2584 detraxit,
555 2549 675 2585 quam
704 2549 775 2584 per
801 2540 1041 2574 sexennium
1066 2540 1221 2575 nefarie
1247 2542 1446 2582 tenuerat,
1472 2539 1512 2573 in
1540 2539 1709 2583 eiusque

219 2587 348 2622 iocum
375 2587 601 2622 introduxit
626 2596 786 2622 sacrum
813 2591 853 2622 ot
879 2586 1060 2622 divinum
1089 2586 1347 2622 Methodium.
1398 2588 1486 2627 Quo
1514 2586 1770 2631 populum12

219 2633 488 2670 orthodoxum
515 2634 783 2681 gubernante,
822 2634 1027 2679 inquisitio
1054 2635 1162 2669 factu
1194 2638 1265 2678 est,
1303 2637 1343 2669 et
1380 2643 1521 2669 sacrae
1557 2634 1710 2678 effigies

219 2682 352 2728 palam
379 2685 419 2717 et
444 2683 654 2718 restitutae.
679 2686 720 2718 et
745 2682 951 2718 adoratae.
1002 2681 1104 2717 Tum
1137 2682 1252 2717 aiunt
1290 2682 1474 2727 reginam
1509 2682 1707 2717 instnntis-
1727 2682 1771 2718 13

219 2730 318 2765 sitne
357 2739 494 2766 orasse
532 2729 801 2776 patriarchani
841 2729 1024 2775 aliosque
1063 2730 1272 2775 pontifices
1311 2735 1351 2764 et
1388 2728 1626 2773 monachos,
1666 2732 1709 2764 ut

220 2776 501 2813 communibus
527 2778 716 2823 precibus
748 2777 856 2822 regis
882 2781 922 2813 et
948 2777 1135 2823 coniugis
1167 2777 1229 2812 sui
1261 2776 1431 2813 salutem
1458 2787 1483 2811 a
1510 2775 1586 2812 deo
1616 2787 1710 2812 exo-

220 2828 379 2869 rarent3
409 2824 518 2871 quod
545 2834 635 2861 cum
661 2824 717 2861 illi
743 2824 996 2861 ferventibus
1022 2825 1166 2860 animis
1192 2825 1392 2866 fecissent,
1424 2823 1542 2860 deum
1570 2834 1710 2870 preces
1728 2825 1771 2862 14

221 2881 430 2909 nervorum
457 2882 622 2909 suorum
649 2882 729 2909 non
749 2882 837 2909 esse
856 2882 901 2909 as
931 2876 1128 2917 ornatum,
1154 2871 1224 2909 sed
1252 2873 1459 2920 ignovisse
1477 2872 1564 2919 rogi
1583 2871 1710 2908 'Pheo-

222 2919 342 2973 phsso.
392 2919 658 2960 celebrantur
689 2920 790 2959 haec
814 2924 855 2959 et
880 2930 905 2960 a
958 2920 1017 2968 iis,
1053 2921 1122 2971 qui
1148 2919 1214 2959 dei
1238 2919 1527 2959 humanitatem
1554 2920 1709 2960 intusa·
1726 2920 1771 2965 1⁶
