2054 3282
653 170 943 210 AGAPETVS.
981 170 1368 209 PATRIARCHAE.
1692 174 1757 211 167

255 295 401 350 βαλὼν
444 294 527 337 ὑπὸ
566 296 732 351 ζήτησιν
770 295 844 350 τὴν
874 298 1025 348 πρᾶξιν
1056 296 1290 350 καθίστησι.
1353 296 1423 338 καὶ
1456 297 1647 338 ἀντεῖπον
1678 297 1791 351 μέν7

254 381 357 412 τινες
388 369 473 407 τῶν
504 365 736 419 ἀρχιερέων
766 370 828 419 τῷ
858 365 979 419 πάπᾳ
1005 365 1171 421 Ῥώμης
1194 366 1427 420 Ἀγαπητῴ,
1460 370 1510 421 τῇ
1540 366 1756 421 βασιλίσσῃ

254 433 533 488 χαριζόμενοι,
577 430 678 487 παρ’
712 432 763 488 ἧς
793 433 864 475 καὶ
896 434 1106 488 χρήμασιν
1137 434 1469 488 ὗπεφθάρησαν·
1513 434 1685 476 πάντων
1718 432 1755 476 δ’

255 503 412 549 ἐκεῖνος
442 507 491 558 τῇ
523 503 699 558 ἀληθείᾳ
729 507 978 557 συνηγορῶν
999 503 1263 558 ὗπερτέρησε.
1315 503 1387 544 καὶ
1410 503 1434 544 ὁ
1453 502 1659 557 ’Ἁνθιμος
1683 507 1793 545 τοῦδ

218 578 241 614 5
255 571 418 626 ’θρόνου
440 576 512 627 τῆς
533 571 1020 618 Κωνσταντινουπόλεως
1042 571 1284 627 ἒκβέβλητο,
1317 573 1408 618 ἔτος
1436 573 1482 613 ἓν
1513 572 1758 619 ἀπολαύσας

254 641 397 689 αὐτοῦ,
427 645 500 682 τοῦ
531 640 738 695 βασιλέως
769 640 1036 687 αἶδεσθέντος
1067 640 1139 683 τὸν
1171 641 1396 695 ἱερώτατον
1423 641 1570 682 πάπαν
1591 641 1663 683 καὶ
1683 641 1801 696 τὴνΟ

255 709 466 764 ἀλήθειαν.
528 709 778 764 ἀντεισήχθη
820 709 866 751 δὲ
902 708 1071 764 ΛΙηνᾶς,
1116 709 1224 764 ἀνὴρ
1263 710 1566 765 εὐσεβέστατος,
1611 711 1794 765 αὐχῶν9

254 778 332 833 μὲν
362 779 540 833 πατρίδα
579 778 654 834 τὴν
691 782 781 820 κατ’
815 779 1028 833 Αἴγυπτον
1061 779 1383 833 Ἀλεξάνδρειαν,
1428 779 1561 835 ἕκφὺς
1594 777 1631 821 δ’
1665 779 1759 826 ἑνὸς

255 851 341 889 τῶν
373 848 417 889 ἕν
447 848 572 902 ταύτῃ
605 848 837 903 ἐπιφανῶν,
881 847 953 889 καὶ
984 847 1125 902 λόγων
1163 849 1242 890 οὐκ
1281 850 1344 890 ὢν
1381 849 1642 904 ἀνομίλητος,
1687 848 1759 890 καὶ

199 921 244 956 10
254 916 430 970 μάλιστά
462 933 508 971 γε
537 920 623 958 τῶν
653 917 896 970 1θειοτέρων.
961 918 1074 958 οὕτω
1108 917 1153 959 δὲ
1174 921 1246 972 τῆς
1268 918 1584 973 ἀρχιερωσύνης
1606 918 1759 973 Μηνᾶς
1775 921 1819 957 10

256 985 280 1026 ὁ
312 986 429 1032 ’θεῖος
459 986 599 1041 τυχὼν
631 988 655 1041 ἢ
687 986 848 1040 μᾶλλον
880 986 1038 1041 ἐκείνης
1070 987 1355 1042 εὐτυχησάσης
1391 987 1531 1042 αὐτόν,
1577 987 1760 1029 σύνοδον

253 1055 432 1110 μερικὴν
454 1059 676 1110 συγκροτεῖ
693 1055 768 1097 σὺν
788 1061 853 1110 τῴ
880 1056 1002 1110 πάπᾳ
1026 1056 1246 1111 Ἆγαπητῷ
1276 1056 1348 1098 καὶ
1380 1057 1614 1111 ἀναθέματι
1643 1072 1758 1111 περι-

254 1125 394 1179 βάλλει
425 1125 621 1180 Σευῆρον
651 1124 723 1167 καὶ
754 1124 927 1180 Εὐτυχῆ
958 1125 1029 1166 καὶ
1060 1124 1228 1180 Πέτρον
1260 1125 1331 1166 καὶ
1362 1125 1434 1167 τὸν
1462 1126 1758 1180 Ἁλικαρνασέα

257 1193 480 1236 Ἰουλιανὸν
516 1194 587 1235 καὶ
627 1193 698 1235 τὸν
721 1194 927 1248 ’Άνθιμον
959 1194 1021 1240 ὡς
1053 1194 1224 1241 ἐκείνοις
1255 1194 1494 1249 ὁμόφρονα.
1556 1196 1612 1236 ἔτι
1645 1192 1681 1237 δ’
1716 1196 1816 1237 ἕν11

199 1266 241 1301 15
255 1268 316 1317 τῷ
348 1262 568 1317 Βυζαντίῳ
601 1262 760 1317 διάγων
790 1263 814 1304 ὁ
846 1263 1070 1316 ἱερώτατος
1100 1263 1244 1309 πάπας
1274 1263 1503 1318 Ἄγαπητὸς
1533 1264 1760 1318 μετήλλαξε

252 1331 327 1386 τὴν
371 1332 498 1386 ζωήν.
561 1332 585 1373 ὁ
615 1332 756 1386 μέντοι
786 1330 943 1386 Μηνᾶς
975 1331 1040 1372 ἐπὶ
1076 1332 1178 1373 δέκα
1218 1331 1290 1373 καὶ
1328 1334 1375 1380 ἓξ
1417 1332 1492 1386 τὴν
1536 1333 1819 1388 ἒκκλησίαν12

253 1401 439 1455 εὐσεβῶς
477 1400 629 1447 ἰθύνας
666 1401 734 1455 ἔτη
772 1400 843 1442 τὸν
874 1400 968 1455 βίον
999 1400 1212 1442 κατέλυσε·
1257 1401 1328 1442 καὶ
1373 1402 1542 1456 ἀνήχθη
1586 1402 1643 1448 εἰς
1684 1401 1808 1456 τὴνΙ)

256 1531 301 1566 10
324 1530 403 1575 περὶ
428 1536 489 1566 τοῦ
513 1531 734 1577 πατριάρχου
761 1532 872 1577 Μηνᾶ
898 1531 958 1566 καὶ
982 1531 1062 1575 περὶ
1086 1537 1236 1577 μερικῆς
1269 1533 1421 1567 συνόδου
1454 1532 1515 1567 ὑπ’
1540 1532 1648 1568 αὐτοῦ
1675 1533 1757 1575 (ὑπὸ

254 1583 315 1614 τοῦ
341 1579 386 1621 Ε)
412 1579 472 1614 καὶ
498 1584 559 1614 τοῦ
575 1579 673 1615 πάπα
697 1580 839 1625 Ῥώμης
861 1579 1053 1625 Ἀγαπητοῦ
1071 1580 1245 1626 συστάσης
1273 1579 1335 1616 ΟΕ
1423 1580 1468 1615 16
1492 1581 1572 1626 περὶ
1590 1595 1756 1626 πατριαρ-

252 1631 330 1673 χῶν
354 1626 456 1663 ACE

325 1735 348 1771 5
365 1737 620 1771 κωνσταντίνου
643 1735 753 1781 pr‚
778 1746 816 1771 v.
836 1736 887 1771 ad
908 1747 944 1782 p.
961 1736 1040 1780 166,
1055 1737 1077 1772 9
1174 1737 1207 1772 5.
1223 1737 1245 1772 6
1267 1737 1467 1776 ἀπολαύσας
1484 1737 1610 1773 αὐτοῦ·
1637 1736 1757 1779 ARw,

325 1783 534 1829 ἀπολαύσας,
562 1784 669 1819 αὐτοῦ
696 1782 781 1829 pDi
957 1784 978 1819 6
1004 1785 1225 1823 αἰδεσθέντος
1250 1783 1396 1831 AEwp‚
1424 1786 1698 1831 δυσωπηθέντος
1726 1786 1757 1821 Ο

327 1831 359 1866 7.
387 1831 443 1867 10.
471 1832 515 1867 16
539 1837 654 1877 μηνᾶς
668 1831 749 1874 AR,
775 1837 888 1877 μῆνας
915 1833 1044 1878 primo
1072 1833 1171 1877 loco,
1200 1836 1283 1868 tum
1312 1836 1546 1868 constanter
1569 1839 1683 1879 μηνᾶς
1711 1845 1756 1877 w,

325 1884 437 1925 μῆνας
456 1882 688 1915 constanter
708 1879 754 1926 p*
845 1880 889 1915 12
915 1887 1105 1926 συγκροτεῖ
1117 1881 1269 1926 μερικὴν
1287 1880 1318 1915 Β
1408 1882 1452 1916 13
1478 1883 1629 1927 σεβῆρον
1649 1882 1756 1927 Ewp,

327 1937 365 1962 v.
380 1927 433 1962 ad
447 1938 485 1973 p.
495 1927 574 1971 166,
587 1928 632 1963 10
727 1927 963 1973 ἀλικαρνασέα
977 1928 1058 1972 AR,
1074 1929 1309 1974 ἁλικαρνασὲα
1324 1929 1458 1975 wap
1474 1930 1527 1974 (v.
1543 1929 1559 1964 I
1575 1941 1612 1975 p.
1626 1930 1708 1974 303,
1723 1929 1756 1974 4,

328 1973 506 2020 Theoph.
534 1975 551 2010 I
578 1987 614 2021 p.
641 1975 722 2020 217,
749 1977 782 2011 6.
810 1976 890 2020 222,
919 1977 990 2020 11),
1014 1977 1282 2022 Ἁλικαρνασσέα
1308 1975 1364 2012 Di
1512 1977 1556 2012 14
1584 1977 1623 2013 δὲ
1649 1977 1684 2012 D

329 2023 384 2058 16.
412 2022 457 2058 17
482 2023 638 2069 εὐσεβῶς
663 2023 725 2070 τὴν
750 2024 943 2070 ἐκκλησίαν
968 2024 1004 2059 D

256 2145 412 2179 mutata
438 2143 638 2179 sententia
664 2151 749 2179 rem
775 2145 987 2190 proposuit
1012 2145 1336 2181 examinandam.
1388 2144 1447 2181 Ac
1485 2145 1669 2181 nonnulli
1708 2143 1793 2182 de?

257 2191 500 2237 primoribus
527 2191 806 2226 sacerdotibus
824 2190 1024 2238 Agapeto‚
1052 2203 1185 2239 papae
1200 2193 1393 2236 Romano,
1419 2194 1460 2228 in
1479 2194 1649 2239 reginae
1667 2204 1758 2239 gra-

257 2240 353 2274 tiam
381 2239 559 2274 oblocuti
586 2242 691 2283 sunt,
719 2239 770 2274 ab
798 2240 940 2274 eadem
968 2241 1089 2275 etiam
1115 2240 1402 2286 larg-itionibus
1429 2242 1629 2287 corrupti:
1656 2252 1758 2287 quos

257 2290 392 2322 tamen
424 2287 500 2331 ille,
539 2287 607 2332 qui
635 2288 847 2323 veritatem
875 2288 1123 2332 defenderet,
1164 2299 1302 2324 omnes
1342 2290 1563 2335 superavit.
1614 2287 1794 2334 Itaque8

256 2333 471 2370 Anthimus
509 2334 606 2370 sede
633 2333 855 2380 Cpolitana,
896 2346 1015 2380 quam
1056 2346 1208 2371 annum
1236 2340 1468 2382 occuparat,
1507 2339 1568 2372 est
1593 2337 1757 2381 eiectus,

256 2392 356 2428 rege
375 2383 669 2418 sanctissimum
687 2393 831 2428 papam
861 2387 898 2418 et
924 2384 1136 2419 veritatem
1156 2385 1350 2429 reverit03
1378 2388 1418 2420 et
1443 2386 1483 2419 in
1511 2386 1598 2420 eius
1625 2383 1794 2420 locum9

257 2431 450 2466 suffectus
476 2430 626 2475 Menas,
665 2431 727 2465 vir
753 2442 933 2466 summae
966 2432 1137 2477 pietatis,
1173 2433 1242 2477 qui
1270 2432 1466 2478 originem
1506 2442 1557 2468 ex
1584 2431 1758 2468 Alexan-

258 2478 356 2522 dria,
406 2477 584 2524 Aegypti
611 2478 726 2522 urbe,
754 2479 870 2514 duxit
896 2479 1038 2515 illustri
1065 2490 1217 2525 genere
1252 2487 1374 2522 ortus,
1414 2480 1637 2515 litterarum
1675 2491 1757 2516 non

258 2536 416 2572 expers,
442 2537 651 2562 sacrarum
679 2528 865 2562 maxime.
918 2527 1016 2563 Cum
1045 2528 1170 2573 igitur
1189 2527 1352 2563 divinus
1366 2527 1505 2563 Menas
1535 2528 1611 2563 hoc
1637 2529 1757 2564 modo
1774 2527 1819 2562 10

259 2574 538 2619 patriarchatu
565 2580 670 2610 esset
697 2575 848 2620 potitus
876 2575 939 2610 vel
968 2576 1102 2620 potius
1130 2586 1219 2610 cum
1248 2575 1549 2621 patriarchatus
1585 2586 1676 2612 eum
1705 2577 1759 2612 fe-

258 2622 385 2657 liciter
412 2626 517 2658 esset
543 2622 718 2665 sortitus,
747 2623 917 2659 concilio
946 2623 1180 2669 particulari
1207 2633 1297 2658 cum
1325 2633 1432 2669 papa
1451 2622 1640 2669 Agapeto
1667 2635 1758 2660 con-

258 2673 416 2714 vocato,
443 2669 652 2714 Severum,
685 2670 918 2716 Eutychem,
951 2670 1126 2715 Petrum,
1165 2670 1366 2706 Iulianum
1391 2671 1758 2716 Halicarnasseum,

257 2716 584 2763 Anthimumque,
620 2718 778 2753 illorum
806 2729 1070 2763 assensorem,
1110 2719 1366 2754 anathemate
1393 2722 1517 2755 notat.
1570 2718 1758 2756 Ceterum
1776 2720 1815 2754 11

258 2766 534 2801 sanctissimus
573 2776 679 2811 papa
707 2765 919 2811 Agapetus
947 2766 1059 2811 Cpoli
1101 2767 1318 2802 defunctus
1356 2770 1427 2802 est.
1477 2766 1627 2811 Menas,
1668 2767 1819 2803 euml?

258 2812 468 2848 ecclesiam
497 2824 568 2858 per
606 2823 735 2849 annos
762 2814 852 2849 XVI
894 2815 957 2860 pic
997 2815 1279 2858 gubernasset,
1320 2815 1428 2850 obiit.
1481 2815 1525 2850 Ei
1565 2816 1759 2851 successit

258 2860 493 2906 Eutychius‚
520 2860 672 2897 Romae
699 2873 832 2898 novae
860 2863 1102 2908 patriarcha,
1130 2866 1169 2898 ct
1184 2862 1380 2898 ecclcsiae
1408 2867 1516 2899 recte
1544 2874 1616 2909 per
1631 2874 1759 2899 annos
