2054 3282
433 240 675 280 AGARENI.
725 242 1055 282 CHRYSOCHIR
1080 240 1148 280 ET
1172 242 1475 281 MANICHAEI.
1628 242 1696 281 421

207 362 467 418 ἐπαγόμενος
497 364 642 407 οἴκαδε
671 365 983 420 ἐπανέστρεφεν.
1045 366 1070 407 ὃ
1092 365 1138 408 δὲ
1159 366 1404 420 δομέστικος
1427 369 1513 407 τῶν
1533 366 1699 420 σχολῶν
1712 371 1758 406 25

209 431 287 473 δύο
318 437 560 487 στρατηγοῖς
590 433 810 476 ἐνετείλατο
840 434 1107 487 παρέπεσθαί
1134 434 1175 476 οἱ
1202 433 1306 489 μετὰ
1326 437 1412 476 τῶν
1432 434 1526 488 περὶ
1547 434 1701 481 αὐτοὺς

48 494 55 525 5
82 505 135 542 lv
149 505 195 541 26
207 500 431 554 ταγμάτων
460 501 531 542 καὶ
556 501 617 556 μὴ
641 502 714 543 ἐᾶν
733 502 830 548 τοὺς
850 503 1097 557 βαρβάρους
1117 503 1366 545 σκίδνασθαι
1387 502 1459 545 καὶ
1479 503 1697 558 λεηλατεῖν.

54 571 57 575 ”
207 569 386 623 ἑσπέρας
417 569 464 611 δὲ
493 574 567 612 τοῦ
597 569 675 624 μὲν
705 569 996 625 Χρυσόχειρος
1031 571 1102 613 καὶ
1132 575 1218 613 τῶν
1246 571 1341 625 περὶ
1371 571 1499 614 αὐτὸν
1529 572 1698 613 αὐλισα-
1711 577 1759 612 26

171 637 349 691 5μένων
379 637 424 678 ἐν
455 638 657 692 ὑπωρείᾳ,
690 642 774 679 τῶν
806 638 851 680 δὲ
869 638 1094 693 Ῥωμαίων
1124 638 1173 680 τὰ
1203 640 1396 694 μετέωρα
1426 641 1698 695 προκατειλη-

205 704 364 759 φότων,
397 706 482 759 ἔρις
512 706 676 747 ἐνέπεσε
706 707 800 760 περὶ
829 707 1050 760 πρωτείων
1080 708 1150 749 καὶ
1181 713 1255 750 τοῦ
1285 709 1389 755 τίνες
1418 710 1471 750 ἂν
1495 707 1574 751 εἷεν
1595 709 1698 763 ἀγα-

204 772 278 815 θοὶ
307 773 468 827 μᾶλλον
497 773 572 828 τὴν
602 774 719 829 ἰσχὺν
748 778 833 820 τοῖς
864 775 1024 830 ἀμφοῖν
1054 780 1139 818 τῶν
1160 781 1403 832 στρατηγῶν
1423 778 1698 831 στρατιώταις.

204 841 267 888 ὡς
298 838 336 883 δ’
368 842 533 883 ἕκαστοι
563 842 738 889 ἑαυτοὺς
768 844 1058 896 κρειττονεύειν
1088 848 1174 886 τῶν
1204 845 1343 887 ἄλλων
1373 846 1698 901 ἓμεγαλαύχουν.
1711 851 1758 887 27

204 910 261 956 εἷς
290 925 348 957 τις
378 910 497 952 λῦσαι
526 910 602 964 τὴν
632 912 718 965 ἔριν
748 912 861 966 σφίσι
897 913 1157 967 βουλόμενος
1192 914 1292 955 Ἵνα
1324 915 1363 955 τί
1388 915 1524 969 μάτην
1533 915 1560 930 ”
1595 914 1703 970 φησί

147 979 530 1032 10“συστρατιῶται
561 979 881 1034 θρασυνόμεθα,
915 981 1009 1022 ἐνὸν
1038 981 1098 1036 μὴ
1130 982 1281 1036 λόγοις,
1321 980 1408 1024 ἀλλ’
1441 983 1579 1036 ἔργοις
1609 983 1743 1036 ἄρτιΟ

205 1051 387 1102 φανῆναι
425 1047 528 1093 τίνες
564 1047 714 1101 ἄνδρες
745 1048 843 1089 εἰσὶν
873 1049 1029 1103 ἀγαθοὶ
1060 1054 1145 1091 τῶν
1174 1051 1388 1105 πολεμίων
1418 1051 1699 1104 παρόντων;”

204 1116 347 1164 ἔδοξεν
378 1115 455 1157 οὖν
486 1117 510 1170 ἡ
541 1116 674 1170 βουλὴ
707 1121 781 1159 τοῦ
813 1117 968 1171 ἀνδρὸς
999 1118 1141 1173 ἀγαθὴ
1179 1118 1250 1160 καὶ
1281 1118 1428 1160 αὐτίκα
1459 1123 1544 1165 τοῖς
1574 1119 1697 1160 πολε·
1711 1126 1758 1161 ‘28

202 1184 314 1238 μίοις
345 1184 555 1226 ἐπέθεντο.
617 1185 658 1226 οἱ
689 1184 735 1227 δὲ
770 1190 832 1239 τῷ
868 1187 1064 1240 αἰφνιδίῳ
1100 1187 1427 1240 καταπλαγέντες
1465 1191 1577 1229 νῶτα
1614 1191 1699 1233 τοῖς
1711 1193 1758 1229 ‘29

203 1252 425 1307 βάλλουσιν
445 1254 638 1307 ἔτρεψαν,
670 1253 741 1295 καὶ
765 1258 837 1309 τῆς
869 1255 1058 1303 διώξεως
1088 1255 1153 1296 ἐπὶ
1182 1255 1290 1297 πολὺ
1322 1256 1547 1310 γενομένης
1577 1270 1697 1297 κατε-

147 1327 191 1363 15
204 1321 377 1375 στρώθη
410 1320 456 1363 τὸ
485 1321 640 1375 μεταξὺ
670 1322 815 1364 πεδίον
845 1327 1020 1377 νεκροῖς,
1065 1323 1135 1365 καὶ
1166 1323 1292 1370 αὐτὸς
1324 1323 1370 1365 δὲ
1401 1324 1425 1365 ὁ
1456 1323 1698 1378 Χρυσόχειρ

203 1390 323 1431 ἔπεσε
359 1389 460 1438 τότε,
503 1390 574 1432 καὶ
611 1390 757 1432 πολλοὶ
788 1389 826 1432 δ’
859 1392 1169 1446 ἐζωγρήθησαν
1199 1392 1271 1433 καὶ
1301 1397 1362 1446 τῷ
1393 1392 1555 1446 βασιλεῖ
1580 1392 1696 1433 ἐστά-

202 1457 333 1512 λησαν
363 1458 535 1512 δέσμιοι,
568 1458 639 1500 καὶ
670 1458 773 1514 αὐτὴ
807 1457 845 1501 δ’
879 1461 904 1514 ἡ
937 1460 1099 1515 κεφαλὴ
1132 1465 1205 1502 τοῦ
1237 1459 1541 1515 Χρυσόχειρος.

314 1525 512 1580 ’Ῑγνατίου
544 1526 590 1568 δὲ
620 1531 693 1569 τοῦ
723 1528 984 1583 πατριάρχου
1018 1529 1294 1583 μεταστάντος
1331 1530 1388 1575 εἷς
1426 1529 1499 1576 τὰς
1537 1529 1699 1571 ἐκεῖθεν
1711 1536 1759 1572 30

204 1681 250 1715 18
273 1681 323 1715 ὅτι
350 1686 410 1716 τοῦ
433 1681 599 1726 Ἰγνατιόυ
624 1682 889 1728 τελευτήσαντος
914 1684 934 1718 ὁ
962 1683 1098 1723 Φώτιος
1123 1684 1227 1723 αὖθις
1253 1684 1395 1730 ἀνήχθη
1421 1684 1471 1723 εἰς
1492 1684 1549 1719 τὸν
1567 1684 1699 1729 θρόνον

203 1727 261 1763 τὸν
284 1730 538 1774 πατριαρχικόν
564 1729 775 1775 (εἶς-πατρ.
804 1741 879 1766 om.
907 1731 953 1775 E)
980 1730 1044 1767 ΟΕ

274 1871 297 1907 2
320 1871 416 1916 παρὰ
440 1873 573 1907 :emeat
595 1874 632 1908 οἱ
653 1873 702 1917 D,
729 1884 831 1910 corr.
846 1873 913 1912 Dw
1011 1874 1034 1909 3
1060 1874 1138 1914 τοὺς
1162 1875 1367 1921 βαρβάρους
1389 1874 1468 1919 ΑΕ,
1496 1875 1575 1914 τοὺς
1598 1890 1698 1920 μανι-

274 1922 395 1964 χαίους
421 1919 454 1955 Ο
488 1921 555 1956 Wo
581 1920 658 1965 lat„
684 1927 753 1960 τοῖς
777 1921 973 1967 βαρβάροις
1000 1932 1062 1968 wp
1213 1923 1236 1958 5
1259 1924 1500 1968 μετεωρότερα
1526 1923 1624 1969 pr

275 1967 296 2002 7
315 1967 376 2013 τὴν
392 1967 493 2012 ἰσχὺν
507 1967 640 2012 μᾶλλον
657 1968 688 2003 Β
785 1969 877 2014 ἀμφὶ
895 1969 944 2004 τὼ
963 1970 1143 2015 στρατηγὼ
1163 1970 1230 2008 Dw
1317 1971 1410 2006 7-9
1427 1971 1698 2015 στρατιώταις-

273 2015 372 2050 λῦσαι
401 2026 476 2050 om.
505 2015 534 2050 E
637 2016 660 2051 9
683 2015 784 2052 λῦσαι
812 2015 960 2061 BSCDt',
986 2017 1086 2053 λύσαι
1114 2017 1253 2064 Apr
1350 2020 1449 2064 σφίσι
1476 2018 1540 2064 τὴν
1564 2019 1636 2063 ἔριν
1664 2019 1698 2053 Ι)

273 2064 307 2098 9.
339 2064 381 2098 10
406 2063 492 2108 φησί
521 2066 608 2109 post
633 2078 751 2108 συστρ.
779 2064 876 2110 pr
1017 2065 1060 2100 12
1085 2066 1148 2100 οὖν
1174 2076 1249 2101 om.
1277 2065 1312 2100 D
1454 2066 1496 2101 14
1523 2067 1699 2111 ἔστρεψαν

274 2110 524 2157 ΟΕΒῦΙλνΨῐ)
621 2111 769 2153 διόξεως
788 2111 834 2158 p*
935 2112 978 2147 16
1003 2112 1243 2159 ἀπεστάλησαν
1262 2113 1297 2149 Ι)
1398 2113 1441 2149 17
1465 2115 1699 2159 χρυσόχειρος

275 2169 375 2194 corr.
404 2166 454 2194 ex
479 2159 724 2204 χρυσόστομσυ
751 2159 837 2204 (sic)
863 2158 899 2194 D

202 2295 328 2331 larum
356 2295 599 2331 domesticus
626 2296 728 2332 duos
747 2296 871 2332 duces
889 2307 932 2332 se
959 2307 1048 2332 cum
1076 2298 1159 2332 suis
1186 2297 1415 2343 legionibus
1441 2299 1555 2344 sequi
1583 2300 1697 2335 iussit

201 2353 334 2388 neque
361 2343 443 2389 pati
468 2344 665 2379 barbaros
692 2344 875 2390 palantes
902 2345 1075 2390 praedas
1094 2355 1230 2390 agore.
1281 2344 1445 2391 Vesperi
1466 2356 1555 2381 cum
1575 2346 1697 2392 Chry-
1710 2345 1757 2381 26

202 2390 336 2426 sochir
376 2400 466 2426 cum
506 2392 589 2426 suis
621 2391 673 2427 ad
706 2391 863 2427 radices
897 2393 1042 2428 montis
1074 2396 1207 2427 castra
1234 2392 1411 2436 haberet,
1446 2394 1544 2440 iugo
1572 2404 1596 2429 a
1624 2393 1696 2430 Ro-

203 2438 330 2473 manis
361 2443 671 2484 praeoccupato,
712 2440 916 2475 contentio
948 2439 998 2475 de
1031 2440 1181 2475 virtute
1213 2440 1317 2476 inter
1342 2441 1556 2487 utriusque
1582 2441 1697 2478 ducis

202 2485 345 2520 milites
377 2490 437 2521 est
469 2490 570 2530 orta,
608 2486 687 2522 utri
720 2487 872 2522 maiore
906 2488 943 2522 vi
976 2487 1119 2522 bellica
1146 2487 1346 2523 florerent.
1397 2487 1449 2524 Ut
1488 2499 1585 2524 vero
1622 2488 1757 2525 sin-27

202 2533 286 2575 guli
313 2544 355 2568 se
382 2539 591 2579 praestare
628 2535 772 2570 ceteris
809 2534 1102 2580 gloriabantur,
1141 2534 1304 2580 quidam
1343 2535 1450 2571 litem
1481 2536 1698 2573 sedaturus

200 2579 368 2622 “Quid''
403 2581 534 2627 inquit
560 2582 886 2618 “commilitones
921 2583 1071 2617 frustra
1106 2592 1179 2617 non
1211 2583 1420 2627 iactamus,
1459 2594 1549 2619 cum
1584 2584 1698 2620 hoste

202 2628 430 2674 propinquo
468 2639 549 2664 non
589 2629 724 2664 vorbis
762 2629 832 2665 sed
875 2630 991 2665 factis
1030 2630 1107 2664 iam
1147 2628 1424 2666 demonstrare,
1461 2631 1590 2676 liceat,
1628 2633 1695 2678 qui

201 2675 279 2711 sint
306 2676 380 2711 viri
408 2676 594 2711 fort‹·s‘?”
635 2677 723 2719 Quo
750 2677 916 2713 consilio
944 2677 1114 2723 probato
1142 2678 1273 2713 statim
1297 2678 1430 2714 hostes
1448 2679 1696 2722 invaserunt,
1711 2678 1758 2713 28

202 2732 303 2767 quos
334 2723 467 2759 subito
495 2724 646 2770 impetu
673 2724 878 2770 perculsos
905 2730 1021 2769 terga
1048 2724 1191 2760 dantes
1219 2724 1287 2761 diu
1314 2726 1514 2772 perfluenti
1543 2725 1757 2763 t-anta1n‘29

202 2780 340 2806 eorum
359 2775 536 2817 stragem
561 2771 786 2814 ediderunt,
813 2775 857 2807 ut
883 2772 1092 2808 intvriecta
1134 2772 1305 2808 »lanitios
1332 2774 1571 2819 corporibus
1597 2784 1697 2810 mor·

203 2822 362 2853 morum
402 2818 654 2864 impleretur;
693 2819 835 2855 cecidit
869 2823 908 2855 et
935 2820 1111 2866 Chrysoc
1143 2820 1176 2854 ἰι·
1212 2821 1406 2867 multique
1439 2822 1545 2867 capti
1579 2827 1618 2858 et
1645 2822 1696 2858 ad

203 2875 340 2911 regem
367 2866 473 2902 missi
501 2876 583 2902 una
613 2877 702 2902 eum
732 2867 1008 2913 Chrysochiris
1037 2868 1179 2913 capite.

322 2911 483 2960 Ignatio
516 2913 748 2962 patriarcha
781 2915 973 2951 defuncto
1012 2920 1102 2962 post
1139 2914 1350 2952 ecelesiam
1389 2927 1462 2964 per
1487 2915 1543 2953 XI
1569 2917 1759 2955 annos-‘30
