2066 3230
357 213 426 250 716
693 215 874 253 ZONAR.
902 216 1032 252 EPIT.
1059 216 1190 252 XVIII
1218 217 1272 261 17,
1302 217 1449 262 19-18,
1475 217 1510 253 3.

358 338 505 394 ἀρχήν,
543 339 758 394 ἀφίσταται
789 339 860 380 καὶ
891 338 1016 384 αὑτὸς
1047 339 1118 380 καὶ
1148 339 1430 393 περιβάλλεται
1460 338 1509 380 τὰ
1540 344 1612 394 τῆς
1642 340 1848 394 βασιλείας

357 407 589 462 παράσημα
621 408 691 449 καὶ
722 412 806 453 τοῖς
838 408 926 449 ἐκεῖ
950 412 1132 462 παροῦσι
1164 408 1539 463 δορυφορούμενος
1569 408 1771 463 τάγμασιν
1791 410 1848 455 εἰς

299 479 346 515 20
357 475 431 530 τὴν
468 476 809 530 Ἀδριανούπολιν
853 477 986 531 ἀπῄει,
1034 475 1108 531 ἀφ’
1150 476 1282 531 ἧσπερ
1329 476 1400 518 καὶ
1443 477 1632 532 ὥρμητο,
1675 477 1747 519 καὶ
1787 482 1849 531 τῷ

358 545 532 599 ἀδελφῷ
557 545 732 599 Ἰωάννῃ
771 546 859 587 ἐκεῖ
893 545 1067 592 ἑνωθεὶς
1103 546 1268 600 πλῆθός
1303 562 1345 587 τε
1382 550 1644 600 στρατιωτῶν
1688 547 1848 588 ἐκεῖθεν

308 614 541 655 Βέθνικῶν
571 630 613 654 τε
643 614 714 655 καὶ
746 614 1015 656 Μακεδόνων
1050 615 1194 661 πείσας
1232 615 1499 669 συνάρασθαί
1526 617 1565 657 οἱ
1595 620 1667 671 τῆς
1697 622 1883 670 τυρῶν-5

299 687 342 721 21
358 683 470 729 νίδος
502 684 729 738 ἀπήρξατο.
791 683 865 725 τισὶ
898 683 943 725 δὲ
973 687 1058 725 τῶν
1088 688 1161 725 τοῦ
1194 684 1423 738 Βρυεννίου
1455 685 1480 726 ὁ
1513 684 1848 739 Θεοδωροκάνος

298 755 344 791 22
358 752 567 806 συμμίξας
597 753 764 807 ἡττᾶταί
791 769 832 794 τε
863 753 933 794 καὶ
962 753 1178 795 ἁλίσκεται.
1240 754 1561 809 προσερρύησαν
1584 753 1629 796 δὲ
1649 758 1711 808 τῷ
1731 753 1846 807 Βρυ-

358 822 479 876 εννίῳ
510 822 581 863 καὶ
613 823 653 863 οἳ
672 822 958 877 Ῥαιδεστηνοί,
991 821 1093 863 ἀλλὰ
1124 822 1263 876 μέντοι
1294 823 1365 864 καὶ
1394 825 1434 864 οῖ
1455 824 1664 870 οἰκοῦντες
1683 822 1730 865 τὸ
1752 822 1846 864 Πά-

299 893 345 928 23
358 906 455 932 νιον.
517 892 646 945 εἴχετο
679 891 813 932 τοίνυν
843 895 915 946 τῆς
947 892 1199 937 ἀποστασίας
1221 892 1245 932 ὁ
1267 892 1494 946 Βρυέννιος
1523 895 1746 946 κραταιῶς,
1778 891 1849 933 τὸν

359 958 543 1013 ἀδελφὸν
579 960 902 1014 κουροπαλάτην
939 961 1114 1015 τιμήσας
1145 960 1216 1002 καὶ
1246 961 1402 1007 στείλας
1433 960 1507 1003 σὺν
1540 961 1712 1015 δυνάμει
1741 960 1849 1015 πρὸς
1866 967 1909 1002 10

299 1029 346 1065 24
358 1027 404 1069 τὸ
435 1028 681 1081 Βυζάντιον,
714 1029 776 1074 ὡς
807 1028 953 1070 αὐτίκα
984 1032 1105 1070 τοῦτο
1134 1029 1504 1084 παραληψόμενον.
1565 1030 1737 1085 ᾐώρητο
1769 1029 1848 1084 γὰρ

359 1096 512 1138 ἐλπίσιν
550 1097 611 1143 ὡς
654 1097 825 1145 ὑπτίαις,
868 1096 915 1138 τὸ
958 1101 1031 1139 τοῦ
1074 1097 1216 1152 λόγου,
1261 1098 1400 1154 χερσὶν
1438 1100 1477 1140 οἳ
1514 1103 1587 1154 τῆς
1617 1099 1848 1154 συγκλήτου

153 1167 346 1204 W111230
358 1166 515 1220 βουλῆς
552 1164 679 1207 αὐτὸν
710 1166 982 1214 ὑποδέξονται
1015 1165 1080 1207 διὰ
1112 1166 1186 1221 τὴν
1216 1166 1324 1221 πρὸς
1353 1166 1424 1209 τὸν
1455 1168 1684 1222 λογοθέτην
1715 1166 1850 1222 Νικη-

146 1234 345 1272 ΡΙΙ29οΑ
360 1234 498 1289 φόρον
519 1235 747 1289 ἀπέχθειαν
769 1234 840 1276 καὶ
861 1234 935 1288 τὴν
965 1239 1038 1276 τοῦ
1070 1236 1275 1289 βασιλέως
1306 1236 1517 1290 ἀφέλειαν·
1552 1234 1638 1278 ἀλλ’
1663 1237 1714 1278 οὗ
1744 1235 1850 1278 κατὰ

301 1305 346 1340 25
359 1303 430 1345 τὸν
453 1303 614 1345 σκοπὸν
638 1304 755 1358 αὐτῷ
776 1303 847 1345 καὶ
867 1303 916 1345 τὰ
937 1304 1162 1358 πράγματα
1186 1305 1478 1359 ἀπηντήκασιν.
1512 1305 1754 1352 ἐπελθόντες
1770 1304 1850 1359 γὰρ
1865 1307 1910 1343 15

361 1374 400 1414 οἳ
446 1373 655 1419 σταλέντες
700 1378 761 1426 τῷ
803 1373 920 1427 τείχει
962 1376 1047 1414 τῶν
1090 1373 1347 1427 Βλαχερνῶν
1390 1374 1716 1428 ἠκροβολίσαντο
1758 1375 1850 1428 μέν,

301 1443 346 1478 26
361 1442 519 1496 ἤνυσαν
558 1441 603 1483 δὲ
641 1442 775 1483 οὐδέν.
838 1442 940 1483 ὅθεν
985 1441 1050 1483 διὰ
1094 1446 1167 1496 τῆς
1210 1442 1397 1496 γεφύρας
1435 1443 1649 1497 διαβάντες
1687 1443 1743 1489 εἷς
1778 1442 1852 1497 τὴν

361 1509 530 1564 ἀντικρὺ
567 1514 638 1565 τῆς
674 1510 839 1556 πόλεως
877 1512 1049 1565 ἤπειρον
1087 1509 1160 1557 τὰς
1191 1511 1280 1552 ε’κεῖ
1304 1511 1590 1566 τυγχανούσας
1621 1511 1853 1566 οἶκοδομὰς

359 1579 602 1633 παρέδοσαν
644 1584 706 1633 τῷ
747 1579 849 1633 πυρὶ
892 1580 1089 1621 κάκεῖθεν
1133 1581 1189 1626 εἷς
1231 1578 1302 1621 τὸν
1339 1579 1527 1634 Ἀθύραν
1572 1580 1850 1634 ὑπέστρεψαν.

431 1740 454 1775 3
479 1739 577 1785 ἕπήει
600 1739 670 1774 BD
854 1741 886 1775 6.
914 1751 950 1786 p.
978 1740 1057 1784 717,
1085 1741 1117 1775 3.
1145 1741 1166 1775 6
1190 1741 1374 1785 βρυεννίου
1400 1738 1567 1786 prDi,
1593 1741 1759 1786 βρυενίου
1786 1738 1852 1775 AC

433 1788 455 1823 6
480 1788 752 1832 θεοδωροκάνος
780 1786 915 1833 Apr
944 1787 1101 1833 Scylitz.
1130 1800 1165 1834 p.
1181 1789 1261 1832 728,
1279 1788 1332 1832 11,
1360 1787 1474 1823 Mich.
1501 1786 1621 1823 Attal.
1649 1787 1780 1833 p.‘247‚
1798 1787 1851 1832 12,

437 1836 715 1880 Θεοδωροκᾶνος
740 1834 797 1871 Di
970 1837 990 1871 7
1015 1837 1188 1881 βρυεννίω
1216 1834 1413 1881 R(WpDi),
1439 1837 1591 1881 βρυενίω
1618 1834 1685 1871 AC

433 1883 456 1918 8
482 1883 728 1928 dss-r-*dsomvoc'
743 1884 774 1918 Ε
846 1883 970 1919 πάνιον
986 1882 1181 1929 AprDi
1195 1883 1367 1927 (Seylitz.
1385 1894 1420 1929 p.
1433 1883 1512 1926 729,
1531 1883 1583 1927 10,
1603 1883 1718 1918 Mieh.
1732 1882 1852 1918 Attal.

434 1942 471 1976 p.
497 1931 577 1975 249,
604 1931 651 1975 3),
677 1932 822 1966 πάννιον
847 1931 878 1966 Ε
997 1931 1029 1966 9.
1058 1943 1094 1977 p.
1121 1931 1200 1975 717,
1229 1931 1274 1966 10
1297 1931 1476 1976 βρυέννιος
1501 1930 1667 1977 prDi,
1693 1931 1854 1977 βρυένιος

432 1977 501 2014 ΑΟ
610 1979 656 2014 14
680 1979 807 2024 ἀφελεῖ
828 1978 857 2015 C
967 1978 1011 2014 15
1036 1979 1132 2024 αὐτῷ
1157 1978 1342 2024 stpDi‚
1369 1979 1472 2014 αὐτὸν
1497 1978 1533 2013 Α
1641 1979 1686 2014 18
1711 1979 1854 2023 ἄντικρυ

434 2026 518 2072 w*p
544 2027 681 2063 invitis
706 2026 788 2071 AR,
815 2038 852 2062 v.
880 2026 931 2061 ad
959 2038 995 2072 p.
1010 2027 1090 2072 552,
1111 2027 1165 2062 16.
1184 2026 1264 2070 622,
1291 2026 1312 2061 7
1411 2027 1455 2062 19
1481 2032 1531 2072 τῷ
1559 2037 1633 2062 om.
1659 2026 1713 2070 D.

364 2184 515 2229 phorus
540 2182 781 2228 Bryennius,
808 2183 1050 2229 Dyrrhachii
1077 2183 1171 2227 dux,
1203 2192 1294 2218 cum
1320 2183 1394 2218 sibi
1421 2183 1661 2229 abrogatam
1687 2193 1775 2218 esse
1801 2183 1854 2218 di-

364 2232 560 2277 gnitatem
590 2231 859 2277 cognovisset,
887 2235 926 2266 et
951 2231 1037 2276 ipse
1065 2231 1198 2266 deficit
1222 2231 1339 2276 regni
1365 2231 1591 2276 Insignibus
1618 2231 1788 2276 arreptis
1815 2233 1855 2265 et

364 2279 582 2324 legionum,
623 2289 724 2324 quas
762 2279 814 2313 ibi
856 2279 1042 2323 habebat,
1087 2278 1270 2314 custodia.
1307 2279 1485 2314 munitus
1522 2278 1854 2323 Hadrianopolim

304 2322 351 2358 20
364 2327 474 2372 petit,
512 2326 622 2362 unde
658 2330 769 2361 ortus
801 2329 904 2371 erat;
943 2327 1013 2361 ubi
1045 2327 1170 2362 fratre
1197 2326 1350 2361 Ioanne
1381 2326 1570 2361 adiuncto
1599 2328 1638 2361 et
1662 2325 1854 2360 militibus

364 2374 584 2419 gentilibus
611 2377 650 2409 et
667 2373 957 2409 Macedonibus
983 2374 1116 2409 multis
1145 2374 1195 2408 ad
1223 2384 1266 2409 se
1292 2374 1478 2419 pellectis,
1505 2372 1760 2419 tyrannidem
1786 2383 1855 2408 au-

304 2419 348 2454 21
365 2422 554 2467 spicatur.
606 2421 950 2457 Theodorocanus
980 2425 1113 2457 aut-em
1142 2432 1232 2456 cum
1259 2425 1374 2466 parte
1401 2422 1608 2466 copiarum
1633 2420 1737 2455 illius
1764 2431 1854 2456 con-

304 2467 351 2501 22
364 2479 530 2514 gressus
560 2473 598 2504 et
624 2469 801 2504 vincitur
827 2472 867 2505 et
892 2470 1060 2515 capitur.
1112 2469 1215 2511 Quin
1244 2472 1283 2504 et
1309 2469 1567 2504 Rhaedestini
1594 2470 1633 2503 et
1657 2467 1773 2502 Panii
1798 2469 1854 2503 in-

305 2515 351 2549 23
366 2517 478 2552 colae
510 2517 562 2551 ad
588 2517 836 2562 Bryennium
869 2518 1163 2552 confluxerunt.
1214 2516 1358 2561 Itaque
1395 2516 1660 2551 defectionem
1694 2517 1854 2550 naviter

364 2575 517 2609 urgens
542 2564 773 2610 Bryennius
805 2565 971 2600 fratrem
1003 2565 1277 2610 curopalatem
1313 2564 1568 2609 designatum
1602 2573 1692 2599 cum
1728 2564 1853 2608 copiis

305 2609 352 2644 24
365 2611 605 2657 Byzantium
631 2612 746 2655 misit,
775 2613 891 2657 quasi
917 2613 1050 2647 statim
1078 2615 1270 2657 capt-urus
1298 2614 1403 2647 esset
1427 2612 1580 2646 urbem.
1631 2611 1729 2645 Eam
1748 2611 1853 2646 enim

365 2669 476 2704 spem
504 2659 638 2694 alebat
665 2669 707 2694 se
733 2670 758 2694 a
784 2663 929 2695 senatu
955 2663 1036 2695 tam
1063 2670 1114 2695 ex
1145 2659 1235 2695 odio
1263 2659 1459 2694 adversus
1477 2659 1722 2703 logothetam
1742 2658 1852 2694 Nice-

365 2707 547 2752 phorum,
575 2717 694 2752 quam
723 2708 773 2742 ob
800 2708 908 2752 regis
934 2707 1226 2753 simplicitatem
1253 2707 1417 2752 supinis,
1446 2708 1491 2740 ut
1516 2706 1639 2750 aiunt,
1666 2706 1852 2740 manibus

366 2758 597 2800 susceptum
623 2756 689 2799 iri3
729 2765 862 2800 neque
887 2765 986 2790 vero
1012 2765 1077 2790 res
1103 2754 1157 2789 illi
1184 2764 1235 2790 ex
1262 2754 1383 2788 animi
1410 2754 1608 2788 sententia
1634 2756 1852 2788 cesserunt.

306 2801 352 2836 25
366 2802 466 2838 Nam
492 2803 530 2846 ii,
570 2813 672 2847 quos
706 2803 879 2847 miserat,
918 2802 1234 2837 Blachernarum
1259 2802 1418 2836 moenia
1445 2801 1575 2836 adorti
1601 2801 1708 2836 levia
1735 2811 1854 2844 quae-

306 2849 353 2883 26
367 2850 458 2884 dam
486 2850 639 2895 proelia
666 2851 859 2894 fecerunt,
888 2860 1023 2895 neque
1049 2859 1147 2885 vero
1174 2850 1389 2894 quicquam
1415 2849 1687 2894 profecerunt.
1738 2847 1854 2883 Unde

368 2907 440 2942 per
474 2901 637 2943 pontem
669 2899 709 2932 in
744 2898 956 2933 obversam
989 2898 1079 2932 urbi
1120 2897 1388 2932 continentem
1428 2897 1633 2942 progressi
1671 2895 1854 2930 aedificia
