2066 3230
482 221 784 268 ‘EXPEmTIo
810 229 1047 268 TVROICA.
1098 228 1380 267 CAMY‘rzEs.
1620 227 1690 265 757

192 354 272 410 μὲν
303 354 442 409 ἡδέως
472 353 566 402 εἶδε,
596 352 694 399 τοὺς
726 349 763 394 δ’
786 353 944 394 ἐκεῖνον
971 351 1194 398 λελυκότας
1224 350 1475 399 ἐδεξιώσατο
1505 350 1691 405 χρήμασι

194 423 266 466 καὶ
297 422 533 478 ἐπανῆλθεν
563 422 620 468 εἷς
649 420 697 463 τὸ
729 420 975 470 Βυζάντιον.
1703 421 1901 458 W111243

319 491 384 534 Οῧ
422 490 553 537 πολὺς
589 489 808 544 παρερρύη
847 488 995 543 καιρὸς
1031 488 1103 531 καὶ
1139 489 1282 537 ἔξεισιν
1313 486 1439 534 αὖθις
1468 485 1575 529 κατὰ
1606 489 1727 528 reove

194 560 431 616 βαρβάρων
450 559 612 601 τούτων
635 558 660 599 ὁ
682 558 972 611 αὐτοκράτωρ,
1004 556 1076 599 καὶ
1100 557 1259 599 ἄπεισιν
1279 557 1337 602 εἷς
1357 555 1403 598 τὸ
1425 554 1690 611 Φιλομήλιον.

158 644 182 681 5
195 627 291 683 εὗρε
323 627 369 671 δὲ
399 626 445 669 τὸ
482 628 583 670 ἄστυ
624 630 746 669 τοῦτο
784 625 908 668 κενὸν
945 626 1142 668 ὁπλιτῶν·
1185 625 1335 672 πάντες
1377 624 1458 679 γὰρ
1500 624 1575 679 τὴν
1615 627 1690 666 τοῦ
1704 628 1726 664 9

195 696 510 750 αὐτοκράτορος
552 694 784 750 ἐγνωκότες
821 692 912 736 κατ’
946 695 1087 736 αὐτῶν
1125 694 1285 748 ἔφοδον
1324 693 1373 735 τὰ
1409 692 1488 747 μὲν
1518 691 1689 747 φίλτατα
1704 695 1734 733 C

189 765 549 821 καταλελοίπασιν,
581 765 729 806 ἐκεῖνοι
761 762 807 805 δὲ
838 763 1125 818 ἀνεχώρησαν.
1185 762 1232 804 τὸ
1263 762 1341 818 μὲν
1362 761 1439 804 οὗν
1459 762 1562 804 ἄστυ
1583 760 1689 802 ἇπό-
1705 765 1751 802 10

194 850 281 881 νως
317 834 499 889 ἐλήφθη,
543 831 646 874 ἀλλὰ
684 833 824 887 μέντοι
861 832 936 873 καί
967 847 1054 873 τινα
1092 832 1278 886 φρούρια
1317 830 1389 873 καὶ
1427 830 1620 885 σπήλαια,
1663 830 1690 871 ἃ

193 902 431 958 καταφύγια
463 905 547 948 τοῖς
580 901 801 956 ἐγχωρίοις
841 899 1096 954 ὠνόμασται,
1140 899 1256 954 παρὰ
1300 902 1385 941 τῶν
1427 897 1691 953 κατεχόντων

135 987 181 1022 10
194 971 299 1014 αὐτὰ
330 976 392 1026 τῷ
421 970 583 1026 βασιλεῖ
608 968 926 1024 παρεδόθησαν,
958 968 1028 1010 καὶ
1050 969 1090 1010 οῖ
1111 968 1156 1010 ἐν
1181 968 1321 1014 αὐτοῖς
1350 967 1689 1022 μετῳκίσθησαν,

194 1044 316 1082 τοῦτο
347 1040 568 1094 συμφέρον
597 1041 671 1080 τοῦ
697 1037 1011 1091 αὐτοκράτορος
1030 1036 1258 1091 κρίναντος.
1321 1037 1396 1082 οὓς
1415 1036 1515 1090 μεθ’
1539 1035 1690 1077 ἑαυτοῦ
1705 1039 1749 1076 11

194 1108 340 1164 λαβὼν
384 1108 541 1153 ἐκεῖνος
584 1107 764 1162 ἐπανῄει,
809 1105 896 1148 ἐπεὶ
935 1105 992 1160 μὴ
1033 1105 1246 1160 πολεμίοις
1283 1105 1459 1159 ἐνέτυχε.
1520 1106 1606 1145 τῶν
1645 1102 1691 1144 δὲ
1706 1108 1751 1144 12

193 1177 548 1232 μετοικιζομένων
590 1175 682 1217 ὅσοι
724 1174 802 1229 μὲν
845 1174 1104 1229 ἀκμάζοντες
1147 1173 1255 1229 ἦσαν
1291 1175 1316 1228 ἢ
1355 1173 1426 1215 καὶ
1462 1172 1689 1225 νεάζοντες,

196 1245 247 1287 δι’
281 1246 443 1287 ἑαυτῶν
481 1243 556 1299 τὴν
593 1243 767 1297 πορείαν
803 1243 1039 1297 πεποίηντο.
1102 1242 1165 1289 οἷς
1196 1241 1242 1284 δὲ
1272 1241 1318 1283 τὸ
1351 1245 1484 1296 γῆρας
1521 1240 1692 1295 βραδεῖς
1706 1245 1751 1281 13

137 1330 181 1366 15
195 1314 319 1356 ἐτίθει
348 1312 445 1360 τοὺς
474 1312 612 1359 πόδας
643 1313 699 1358 εἵς
729 1311 904 1367 βάδισιν,
937 1311 1097 1357 τούτοις
1126 1314 1322 1366 παρεῖχεν
1344 1310 1369 1352 ὁ
1389 1312 1561 1364 κρατῶν
1584 1309 1690 1351 ὑπο-

195 1382 325 1437 ζύγια.
387 1383 426 1424 εἰ
453 1382 500 1424 δέ
530 1397 632 1427 τινες
663 1383 688 1436 ἢ
721 1380 859 1427 νόσοις
890 1382 916 1435 ἢ
948 1379 1126 1421 πάθεσιν
1157 1379 1295 1426 ἄλλοις
1325 1378 1436 1434 εἶχον
1460 1378 1690 1432 παρειμένα
1706 1382 1751 1418 14

194 1450 243 1492 τὰ
275 1450 451 1506 σώματα
474 1452 500 1505 ἢ
523 1450 633 1505 γήρᾳ
653 1449 958 1503 μακροχρονίῳ
979 1464 1021 1489 τε
1042 1447 1114 1490 καὶ
1134 1448 1291 1503 λυγρῷ,
1322 1447 1497 1494 τούτους
1527 1446 1691 1488 ἀσπίσιν

195 1519 370 1563 ἐπετίθει
408 1522 595 1574 μακραῖς
631 1517 702 1560 καὶ
733 1517 806 1564 τὰς
837 1517 1015 1563 ἀσπίδας
1046 1517 1167 1563 νέους
1198 1517 1340 1570 φέρειν
1371 1516 1558 1558 ἐπέταττε
1589 1515 1689 1557 σθε-
1704 1519 1740 1556 D

193 1587 361 1643 ναρούς,
407 1587 714 1642 δεδυνημένους
751 1586 1025 1641 ἀχθοφορεῒν,
1068 1584 1195 1632 αὐτὸς
1232 1585 1278 1627 δὲ
1308 1585 1493 1639 περιιών,
1539 1585 1580 1626 εἴ
1603 1599 1690 1625 τινα

132 1659 279 1703 2οτῶν
318 1657 430 1699 οὕτω
470 1657 766 1711 κομιζομένων
797 1657 822 1710 ἢ
857 1653 968 1709 δίψει
1006 1653 1221 1709 κάμνοντα
1253 1653 1443 1708 εὕρισκεν
1473 1654 1499 1708 ἢ
1529 1656 1692 1708 τροφῆς

195 1811 219 1848 3
243 1811 343 1856 ἑτέρα
366 1810 569 1856 ἐπιστρατεία
593 1809 653 1845 καὶ
677 1807 964 1855 πρ<οσκύνη>σις
988 1786 1040 1869 ἴιί5
1065 1807 1255 1844 σουλτάνου
1281 1806 1312 1844 C

267 1955 291 1990 3
313 1952 443 1993 πολλὸς
469 1953 500 1988 Ε
619 1952 642 1988 4
668 1952 879 1998 φιλομήλιον
905 1950 1009 1995 DDi,
1037 1950 1335 1986 Philomelium:
1368 1950 1436 1985 Wo
1449 1949 1529 1991 lat„
1556 1949 1694 1994 φιλομί-

267 2003 343 2037 λιον
368 2001 439 2036 AR
465 2000 510 2042 (B
536 2011 637 2036 corr.
664 2011 715 2036 ex
741 2000 968 2046 φιλομήλιον)
996 2010 1057 2044 wp
1156 1998 1177 2034 7
1203 1998 1485 2034 κατελελοίπασιν
1509 1995 1590 2040 ΑΕ,
1614 2010 1693 2040 μετ-

268 2050 388 2085 έθεντο
414 2046 571 2094 prDi
678 2047 718 2083 δὲ
743 2047 863 2092 ARw,
890 2046 922 2082 δ’
950 2044 1055 2093 p*Di
1163 2046 1186 2081 8
1211 2044 1290 2090 καί]
1317 2044 1406 2080 κατὰ
1432 2045 1468 2079 D
1573 2043 1618 2079 12
1641 2043 1692 2089 μὴ

269 2096 339 2180 R7w
371 2094 437 2141 Di,
465 2106 541 2179 01¹)n.
566 2095 602 2132 A
721 2095 864 2141 πολέμω
891 2094 920 2131 C
1044 2094 1086 2129 13
1111 2093 1170 2130 καὶ
1198 2103 1272 2129 om.
1300 2092 1336 2128 D
1453 2091 1496 2128 15
1521 2092 1595 2127 ἔθει
1622 2091 1692 2126 BD

272 2145 289 2180 1
361 2148 457 2189 υτρῶ

318 2281 458 2327 Neque
485 2281 653 2316 multum
680 2280 871 2325 temporis
897 2280 1192 2320 intercesserat,
1218 2287 1309 2313 cum
1336 2277 1415 2312 alia
1433 2276 1730 2323 expeditiones

199 2333 340 2365 contra
358 2329 555 2364 barbaros
574 2331 763 2373 suscepta
781 2338 852 2362 rex
874 2326 1147 2361 Philomelium
1167 2326 1309 2361 urbem
1328 2334 1500 2359 vacuam
1527 2325 1692 2359 armatis
1706 2325 1729 2359 9

198 2381 398 2423 repertam
434 2376 588 2421 (omnes
614 2376 719 2411 enim
746 2374 1000 2421 imperatoris
1025 2373 1205 2409 adventu
1232 2373 1394 2418 cognito
1424 2371 1695 2407 discesserant

200 2425 415 2460 carissimis
445 2424 674 2469 quibusque
706 2422 867 2463 relictis)
905 2423 991 2457 sine
1023 2421 1162 2456 labore
1194 2421 1317 2466 cepit;
1356 2419 1427 2455 sed
1459 2423 1498 2455 et
1530 2419 1694 2455 castella.
1709 2419 1755 2455 10

228 2472 400 2508 uaedam
428 2476 467 2507 et
486 2471 716 2517 speluncae,
744 2480 850 2515 quae
868 2469 920 2504 ab
939 2469 1079 2504 incolis
1097 2468 1358 2504 nominantur
1383 2467 1595 2512 καταφύγω,
1622 2476 1694 2512 per

201 2484 444 2556 deditionem
473 2529 544 2555 rex
572 2519 729 2564 accepit
756 2523 795 2553 et
821 2517 919 2559 illos,
947 2516 1056 2562 quod
1087 2517 1142 2551 ita
1174 2515 1368 2561 expedire
1395 2514 1614 2558 videretur,
1652 2515 1692 2549 in
1710 2514 1750 2549 11

201 2568 380 2603 colonias
397 2577 534 2603 secum
554 2566 736 2608 abduxit,
768 2575 858 2600 cum
879 2574 995 2599 nemo
1015 2568 1129 2607 osset,
1158 2573 1332 2608 quocum
1352 2562 1501 2598 bellum
1519 2566 1693 2608 gereret,

201 2615 250 2650 iis
275 2615 342 2660 qui
369 2615 531 2660 integra
557 2618 690 2649 aetate
717 2617 834 2648 erant
860 2612 923 2647 vel
953 2612 1106 2646 viribus
1134 2611 1329 2654 vigebant
1354 2609 1527 2656 pedibus
1545 2610 1621 2645 iter
1639 2610 1694 2645 fa·
1711 2609 1754 2644 12

202 2662 411 2705 cientibus,
451 2663 519 2708 qui
553 2671 651 2697 vero
686 2664 894 2695 senectute
929 2658 1127 2695 tardiores
1159 2662 1276 2693 erant
1308 2657 1359 2692 ad
1392 2657 1693 2700 ambulandum,
1711 2657 1755 2692 13

202 2710 250 2746 iis
280 2710 460 2745 iumenta
492 2709 725 2755 praebebat..
777 2706 815 2744 Si
845 2707 912 2752 qui
940 2717 1037 2742 vero
1066 2706 1127 2741 vel
1155 2706 1305 2741 morbis
1331 2705 1395 2740 vol
1423 2705 1511 2740 aliis
1537 2704 1695 2740 calami·
1711 2703 1755 2739 14

202 2758 352 2793 tatibus
379 2757 442 2792 vel
466 2760 675 2793 senectute
702 2756 894 2790 diuturna
921 2759 960 2789 vt
985 2754 1132 2789 misera
1158 2753 1292 2788 afflicti
1320 2752 1558 2798 corporibus
1581 2752 1695 2787 lassis

202 2809 329 2849 erant,
356 2814 426 2841 eon
450 2805 573 2840 scutis
592 2805 799 2849 impositos
818 2813 842 2837 a
860 2802 1035 2837 robustis
1053 2801 1281 2844 iuvenibus,
1308 2800 1376 2845 qui
1396 2800 1507 2835 oneri
1529 2799 1695 2835 ferendo

204 2863 322 2899 pares
347 2856 491 2896 essent,
518 2852 669 2897 gestari
693 2850 877 2893 inlu-,ban
902 2851 1070 2895 ipseque
1088 2848 1339 2893 obequitans,
1365 2848 1396 2882 si
1418 2857 1535 2892 quem
1556 2857 1695 2882 eorum

203 2900 266 2935 vel
293 2900 355 2935 siti
383 2899 631 2935 laborantem
652 2899 715 2933 vel
735 2898 868 2933 cibum
889 2896 1183 2932 desiderantem
1204 2895 1267 2931 vel
1286 2896 1364 2931 alio
1383 2895 1488 2930 malo
1507 2895 1695 2930 affectum
