2066 3230
349 242 419 282 734
686 241 866 282 ZONAR.
893 240 1023 280 EPIT.
1050 239 1181 280 XVIII
1207 240 1263 288 21,
1289 241 1441 288 21-22,
1467 236 1501 277 6.

76 374 274 412 ΡΙΙ297Α
289 375 333 410 21
473 366 596 409 Οὕτω
639 366 717 421 μὲν
754 365 830 408 οὗν
868 369 1014 406 ταῦτα·
1060 364 1084 405 ὁ
1118 364 1162 406 δὲ
1192 369 1264 419 τῆς
1302 364 1514 418 βασιλίδος
1551 366 1636 405 τῶν
1671 363 1837 407 πόλεων
2059 411 2061 414 ,

348 435 656 490 ἀρχιερατεύων
677 436 833 480 ἐκεῖνος
856 434 1043 487 Κοσμᾶς,
1075 438 1124 488 τῇ
1145 436 1230 474 τῶν
1250 436 1407 474 κοινῶν
1427 433 1688 488 πραγμάτων
1711 449 1835 488 μετα-
2044 421 2063 508 so}

347 505 510 559 χειρίσει
554 503 898 558 ἀπαρεσκόμενος
944 502 1014 543 καὶ
1062 502 1324 556 ἀπεγνωκὼς
1369 501 1443 556 τὴν
1490 502 1731 557 διόρθωσιν,
1776 507 1838 557 τῷ

348 574 530 627 ὑπηρέτῃ
562 572 734 625 “ἇρον”
770 572 900 612 εἰπών
937 570 1013 612 “To
1044 570 1275 625 ψαλτήριον
1306 570 1377 611 καὶ
1408 571 1589 612 συνέπου
1619 571 1728 625 μοι”
1765 575 1837 626 τῆς

348 641 567 695 ἐκκλησίας
597 640 900 694 ὗπανεχώρησε
931 638 1002 680 καὶ
1031 638 1164 680 πολλὰ
1195 638 1311 693 παρὰ
1342 642 1428 680 τῶν
1458 639 1727 694 κρατούντων
1754 643 1872 680 nez-5

347 709 573 764 ρακληθεὶς
603 709 863 763 ὑποστρέψαι
895 709 974 762 οὐχ
1007 708 1294 763 ὗπενόστησεν,
1339 709 1405 762 ἔτη
1444 709 1563 750 πέντε
1599 708 1671 750 καὶ
1699 713 1837 763 μῆνας

288 785 334 819 22
348 779 464 819 ἐννέα
496 777 567 818 τὸν
597 776 740 818 πιστὸν
770 777 979 831 ποιμάνας
1010 776 1122 818 λαόν.
1186 776 1250 818 διὸ
1281 776 1352 818 καὶ
1383 776 1508 818 ἄλλον
1534 776 1620 819 τινὰ
1642 777 1835 832 ἀρχιερέα

346 851 395 901 τῇ
417 846 614 900 ἐκκλησίᾳ
636 845 990 900 ἄντικατέστησαν,
1020 845 1216 899 ἒκτομίαν
1237 845 1323 886 τινὰ
1344 845 1547 899 μοναχόν,
1579 845 1837 900 κεκλημένον

346 915 614 969 Εὐστράτιον,
648 916 741 956 οὔτε
761 914 900 967 λόγοις
922 913 1163 968 ὡμιληκότα
1186 914 1280 955 οὔτε
1300 914 1562 968 πραγμάτων
1583 914 1834 968 ἐγγεγυμνα-

347 985 499 1038 σμένον
529 984 860 1038 μεταχειρίσεσιν,
894 982 1029 1037 ἀφελῆ
1062 982 1107 1023 δὲ
1138 983 1372 1036 ἄνθρωπον
1393 982 1463 1023 καὶ
1484 983 1634 1037 ἠσυχίᾳ
1655 984 1681 1037 ἢ
1704 983 1836 1037 γωνίᾳ
1851 986 1896 1021 10

229 1059 261 1095 Β
287 1060 333 1095 23
345 1053 504 1107 μᾶλλον
546 1053 825 1107 προσήκοντα.
887 1051 969 1106 ἤδη
1009 1051 1054 1092 δὲ
1092 1055 1198 1105 τρεῖς
1237 1050 1448 1097 ἐνιαυτοὺς
1483 1051 1837 1106 ε’νσεμνυνάμενος

346 1122 585 1176 κατηνέχθη
617 1125 702 1162 τῶν
734 1122 859 1175 ἱερῶν
890 1119 1138 1174 ἀνακτόρων
1168 1119 1284 1173 παρὰ
1315 1123 1401 1161 τῶν
1425 1120 1714 1174 κρατούντων’
1748 1121 1773 1174 ἠ
1797 1118 1834 1161 δ’

287 1197 333 1232 24
347 1190 452 1231 αι’τία
492 1190 571 1231 οὐκ
610 1190 810 1243 ἔγνωσται
849 1189 1049 1242 ἀκριβῶς.
1111 1188 1182 1229 καὶ
1224 1188 1369 1230 λοιπὸν
1405 1189 1716 1243 προκεχείριστο
1754 1205 1835 1230 πα-

139 1266 332 1303 W111236
345 1259 542 1313 τριάρχης
579 1257 686 1312 ἀνὴρ
723 1256 923 1311 μοναχός,
968 1257 992 1298 ὁ
1029 1256 1318 1311 γραμματικὸς
1355 1257 1669 1311 ὀνομαζόμενος
1703 1257 1834 1299 Νικό-

346 1328 460 1381 λαος,
505 1328 548 1368 ἕν
591 1327 762 1380 ἀσκήσει
800 1326 872 1367 τὸν
910 1326 1003 1380 βίον
1044 1326 1254 1380 διηνυκὼς
1290 1326 1360 1367 καὶ
1392 1326 1491 1367 οὐδὲ
1521 1331 1594 1381 τῆς
1625 1327 1669 1367 ἒν
1699 1326 1837 1381 λόγοις
1854 1332 1896 1367 15

345 1396 533 1442 παιδείας
554 1396 789 1450 ἀμέθεκτος
810 1395 886 1449 ὤν,
919 1396 999 1436 κᾶν
1019 1394 1078 1449 μὴ
1111 1394 1365 1448 κατακόρως
1394 1394 1544 1448 ταύτης
1573 1395 1835 1449 μετέσχηκεν.

275 1468 332 1510 22
455 1464 568 1519 Ἄρτι
609 1464 654 1505 δὲ
693 1467 765 1518 τῆς
800 1463 1007 1518 βασιλείας
1041 1462 1302 1518 έπιβεβηκότι
1332 1467 1393 1516 τῷ
1427 1462 1641 1517 Κομνηνῴ
1683 1463 1834 1518 ἠγγέλη

346 1533 371 1574 ὅ
408 1533 605 1588 Φράγγος
642 1531 895 1587 Ῥομπέρτος
938 1532 994 1578 εἷς
1036 1531 1110 1586 τὴν
1143 1531 1405 1586 Ἐπίδαμνον
1450 1531 1886 1587 διαπεραιούμενος,1)
1905 1535 1958 1572 IV
1975 1535 2046 1572 238

347 1663 366 1697 1
392 1662 472 1707 περὶ
495 1666 726 1708 πατριαρχῶν
753 1661 816 1698 CE
914 1662 958 1698 17
983 1661 1062 1706 περὶ
1086 1666 1146 1696 τοῦ
1167 1661 1393 1706 Ῥομπέρτου,
1409 1660 1472 1697 ΟΕ
1498 1666 1557 1696 τοῦ
1584 1687 1592 1696 .
1607 1688 1615 1696 .
1631 1687 1639 1696 .
1665 1661 1724 1696 καὶ
1742 1662 1837 1701 ὅπως

345 1711 516 1756 πρότερον
539 1710 604 1755 μὲν
627 1710 778 1756 ἐτιμήθη
805 1711 826 1745 ὅ
848 1709 1009 1756 βασιλεὺς
1033 1708 1245 1755 προσβαλὼν
1270 1710 1366 1754 αὐτῷ
1391 1708 1462 1744 εἶτα
1488 1709 1627 1753 ἐνίκησε
1653 1708 1682 1745 C

417 1839 439 1874 2
465 1841 559 1874 ante
583 1838 715 1877 ἐκεῖνος
733 1838 824 1873 add.
843 1839 862 1873 ὁ
879 1839 1062 1877 θεσπέσιος
1084 1836 1240 1884 prDi
1335 1838 1575 1882 μεταχειρήσει
1599 1836 1681 1883 w²¹⁸p
1701 1838 1836 1873 inviffis

416 1885 498 1931 AR,
525 1897 562 1922 V.
589 1886 642 1921 ad
668 1896 724 1921 VS.
746 1886 790 1921 lO
886 1886 907 1921 5
933 1886 1186 1931 ἀπανεχώρησε
1206 1885 1234 1921 C
1332 1886 1352 1921 7
1378 1885 1453 1920 τινὰ
1481 1896 1555 1920 0111.
1583 1885 1614 1921 Ο
1711 1886 1734 1920 8
1758 1885 1836 1920 ἅντ-

416 1934 641 1979 εκατέστησεν
665 1933 774 1980 Ewp,
804 1945 840 1969 V.
868 1934 920 1969 ad
944 1934 1075 1970 XVIII
1100 1934 1133 1977 5,
1160 1934 1182 1968 9
1279 1933 1300 1968 9
1323 1933 1642 1978 ἒγγεγυμνασμένον
1667 1933 1835 1979 prDz',

415 1982 747 2027 ἐγγεγυμνασμένων
773 1980 808 2016 Α
931 1983 976 2016 10
998 1982 1283 2027 μεταχειρήσεσιν
1309 1981 1443 2026 Dsswp
1562 1981 1602 2015 11
1631 1985 1722 2026 post
1747 1987 1836 2025 τρεῖς

418 2030 509 2065 add.
523 2030 623 2068 οὗτος
639 2029 681 2072 O,
696 2030 808 2068 οὕτως
821 2028 964 2075 111*ρὶῚί
1038 2033 1128 2075 post
1141 2028 1320 2067 ἐνιαυτοὺς
1335 2029 1427 2063 add.
1443 2034 1492 2063 τῶ
1510 2029 1631 2073 θρόνα)
1649 2027 1833 2074 O(wth')

418 2078 462 2112 12
488 2078 652 2123 κατήχθη
680 2078 716 2112 Ι)
853 2078 898 2112 14
922 2077 1084 2122 γρατικὸς
1110 2077 1140 2111 Β
1274 2077 1522 2121 ὠνομασμένος
1549 2077 1579 2111 Ο
1707 2076 1750 2111 15
1776 2082 1835 2122 τῆς

416 2124 584 2171 prDi,
610 2131 680 2164 τοῖς
705 2124 779 2160 AD
879 2125 923 2160 18
948 2125 1143 2170 ῥομπέρτης
1170 2124 1205 2159 D
1303 2124 1361 2160 διὰ
1385 2125 1636 2169 περαιούμενος
1662 2125 1746 2167 (Sic)
1772 2123 1808 2158 A

286 2254 330 2289 21
463 2253 597 2299 Atque
622 2254 722 2290 haec
747 2253 959 2299 hactenus3
993 2256 1033 2288 at
1058 2253 1198 2299 regiae
1223 2253 1336 2289 urbis
1362 2254 1544 2299 pontifex
1570 2253 1635 2288 ille
1662 2251 1836 2297 Cosmas,

347 2303 416 2348 qui
442 2303 714 2337 communium
739 2311 875 2338 rerum
898 2302 1285 2337 administrationem
1303 2302 1549 2346 improbaret
1567 2304 1690 2346 atque
1707 2310 1836 2336 emen-

346 2350 549 2386 dationem
576 2350 821 2395 desperaret,
846 2350 1028 2385 ministro
1056 2359 1128 2385 suo
1148 2350 1381 2394 psalterium
1400 2349 1562 2384 auferre
1580 2359 1704 2394 seque
1722 2348 1836 2393 sequi

345 2399 466 2443 iusso,
506 2398 676 2433 ecclesia
702 2398 875 2433 excessit
900 2406 1034 2443 neque
1059 2398 1100 2432 in
1127 2407 1215 2432 eam
1241 2397 1370 2440 rediit,
1411 2397 1595 2441 quamvis
1626 2397 1836 2442 imperato-

346 2447 458 2480 ribus
476 2455 726 2491 magnopere
745 2445 1036 2491 flagitantibus,
1063 2455 1153 2480 cum
1172 2444 1330 2479 fidelem
1349 2444 1543 2489 populum
1569 2454 1698 2479 annos
1724 2444 1836 2488 quin-

285 2492 332 2527 22
347 2503 426 2538 que
453 2496 492 2528 et
516 2502 675 2528 menses
708 2503 855 2528 novem
887 2493 1077 2538 pavisset.
1128 2491 1326 2534 Quocirca
1360 2491 1481 2526 alium
1514 2491 1742 2536 pontificem
1775 2500 1835 2526 ec-

346 2541 491 2576 clesiae
529 2542 825 2586 praefecerunt,
869 2540 1092 2585 spadonem
1132 2540 1335 2584 quendam
1376 2539 1628 2582 monachum,
1673 2539 1835 2573 nomine

347 2588 603 2627 Eustratium‚
637 2598 770 2633 neque
802 2588 1003 2623 eruditum
1029 2597 1162 2632 neque
1188 2588 1229 2621 in
1255 2587 1376 2622 rebus
1402 2586 1592 2632 gerendis
1622 2589 1834 2629 versatum,

285 2635 332 2670 23
345 2636 417 2670 sed
443 2635 643 2670 hominem
669 2636 887 2681 simplicem
914 2639 953 2671 et
979 2636 1060 2670 otio
1087 2645 1135 2669 ac
1160 2635 1293 2680 potius
1320 2633 1471 2679 angulo
1490 2634 1696 2678 aptiorem.
1748 2633 1837 2674 Qua

346 2683 544 2728 dignitate
578 2693 650 2728 per
685 2693 813 2718 annos
847 2686 928 2718 tres
962 2683 1159 2728 gloriatus
1192 2683 1243 2718 ob
1276 2692 1439 2717 causam
1469 2691 1550 2716 non
1577 2682 1674 2715 satis
1699 2684 1836 2715 notam

285 2730 332 2765 24
346 2731 397 2765 ab
424 2731 735 2775 imperatoribus
761 2741 878 2765 sacra
904 2731 1006 2765 aede
1033 2733 1093 2765 est
1119 2730 1333 2773 deductus3
1373 2732 1495 2773 atque
1521 2729 1562 2762 in
1589 2729 1675 2763 eius
1704 2729 1836 2763 locum

345 2779 538 2813 suffectus
565 2782 623 2813 est
648 2778 838 2813 Nicolaus
868 2778 1100 2822 monachus,
1140 2778 1203 2812 cui
1238 2779 1550 2822 cognomentum
1588 2779 1674 2810 erat
1706 2785 1836 2820 gram-

345 2826 528 2870 maticus,
566 2827 634 2870 qui
667 2827 708 2860 in
741 2826 875 2861 studio
901 2826 1062 2860 virtutis
1089 2828 1223 2860 aetate
1250 2828 1340 2859 acta
1366 2824 1589 2859 litterarum
1615 2834 1697 2858 non
1724 2822 1835 2858 rudis

346 2877 444 2915 erat,
471 2874 545 2907 etsi
571 2883 653 2907 non
680 2874 880 2918 exquisite
907 2874 1071 2918 peritus.

464 2920 521 2955 22.
573 2920 800 2956 Comnenus
821 2921 939 2956 modo
959 2922 1108 2966 potitus
1126 2930 1272 2963 rerum,
1291 2919 1477 2956 nuntiata
1496 2920 1660 2955 Roberti
1679 2918 1834 2963 Franci,
