2054 3282
497 232 768 275 eRA'rERvs
793 229 1117 273 THEODORVS.
1167 222 1395 272 MANviiL.
1619 229 1690 270 371

197 358 346 400 αὐτίκα
385 363 533 401 τοῦτον
569 358 859 413 καταβαλεῖς.”
919 358 944 399 6
983 357 1028 399 δὲ
1058 356 1118 412 μὴ
1152 356 1441 410 ὑπερθέμενος
1471 354 1543 396 καὶ
1573 370 1692 396 συνε-
1709 359 1755 395 10

195 428 409 482 μαχέσατο
440 433 502 481 τῷ
526 427 749 482 Ἀγαρηνῴ
779 426 851 468 καὶ
881 430 955 468 τοῦ
987 427 1116 467 ἵππου
1147 424 1360 479 κατέβαλε.

318 495 454 537 Πάλιν
485 494 561 537 οὖν
591 500 652 550 τῷ
682 495 844 550 βασιλεῖ
870 495 1057 549 στρατεία
1089 493 1195 535 κατὰ
1221 496 1307 535 τῶν
1331 492 1591 547 Ἂγαρηνῶν,
1623 490 1695 533 καὶ
1711 497 1753 533 11

196 564 319 606 πάλιν
338 564 468 619 μάχη,
500 563 572 605 καὶ
592 563 639 605 τὸ
660 568 732 618 τῆς
752 563 893 618 μάχης
912 563 1028 609 τέλος
1050 566 1134 609 τοῖς
1151 561 1373 616 Ῥωμαίοις
1404 561 1485 602 οὐκ
1517 560 1694 615 ἀγαθόν.

161 640 184 677 5
195 636 352 687 μικροῦ
384 632 464 686 γὰρ
496 632 670 687 ἀπήχθη
703 633 756 673 ἂν
786 631 857 672 καὶ
884 632 908 671 6
938 630 1130 685 βασιλεὺς
1161 629 1432 684 δορυάλωτος
1462 628 1578 683 παρὰ
1609 631 1695 670 τῶν
1710 634 1755 670 12

191 699 462 755 Ἰσμαηλιτῶν
492 700 744 746 κυκλωθείς.
807 700 870 746 ὡς
898 697 936 740 δ’
960 701 1069 754 ἔγνω
1091 703 1213 740 τοῦτο
1235 698 1260 739 6
1282 697 1508 753 ΔΙανουήλ,
1540 697 1694 752 ἓμβοη-
1711 703 1755 740 13

197 769 379 823 σάμενος
398 767 496 815 τοὺς
515 768 610 822 περὶ
631 768 758 810 αὐτὸν
778 769 910 822 μέσον
931 768 1151 810 εἰσελαύνει
1172 771 1257 808 τῶν
1287 766 1502 821 πολεμίων
1532 765 1604 808 καὶ
1634 770 1695 819 τῷ

197 836 358 891 βασιλεῖ
383 836 511 891 φησίν
541 836 799 878 κἀκολούθει
829 837 933 891 μοι”
947 848 956 857 ·
991 837 1126 878 ἵστατο
1159 835 1239 890 γὰρ
1261 836 1309 877 ἐκ
1333 835 1483 881 δειλίας
1503 835 1694 889 ἀπεγνω-

196 906 300 952 κώς.
357 906 382 947 6
414 905 460 947 δὲ
489 905 564 959 τὴν
595 905 746 947 δειλίαν
777 905 1049 960 ἐπιχρωννύς,
1082 904 1141 958 μὴ
1174 904 1404 959 βούλεσθαι
1435 907 1581 958 φυγεῖν
1611 903 1694 958 ἔφη
1710 909 1756 945 14
1781 907 1980 945 ΡΙΙ149Α

137 984 184 1020 10
197 974 438 1016 καταλιπὼν
452 973 523 1015 τὸν
544 973 660 1014 λαόν.
708 974 794 1015 ἐπεὶ
816 974 862 1015 δὲ
881 973 1081 1019 πολλάκις
1103 973 1284 1021 ἐξελθεῖν
1304 977 1376 1027 τῆς
1395 972 1536 1026 μάχης
1556 986 1694 1025 ,παρα-
1709 978 1755 1014 15

196 1043 471 1096 καλούμενος,
503 1043 648 1096 ὥσπερ
669 1042 958 1096 πεπεδημένος
988 1046 1038 1096 τῇ
1069 1042 1191 1095 πτοίᾳ
1223 1042 1407 1095 εἱστήκει,
1440 1041 1464 1082 6
1487 1039 1696 1094 Μανουὴλ

196 1110 244 1153 τὸ
275 1111 397 1165 ξίφος
427 1111 696 1165 σπασάμενος
738 1111 807 1151 “ει’
841 1111 900 1165 μὴ
941 1110 1059 1152 ἕποιό
1095 1110 1200 1164 μοι”
1243 1109 1383 1164 φησίν,
1427 1109 1605 1150 “αῧτίκα
1649 1123 1695 1150 σε

197 1179 351 1222 ἀνελῶ·
419 1183 613 1233 κρεῖσσον
657 1180 736 1234 γάρ
781 1195 826 1221 σε
869 1180 1014 1220 θανεῖν
1053 1181 1078 1233 ἢ
1118 1178 1334 1233 ληφθῆναι
1372 1181 1456 1224 τοῖς
1499 1177 1695 1223 ἐναντίοις

198 1248 465 1303 αἰχμάλωτον
503 1247 574 1289 καὶ
610 1252 797 1290 τοιοῦτον
834 1247 978 1302 αἶσχος
1014 1252 1062 1302 τῇ
1099 1247 1279 1301 πολιτείᾳ
1313 1246 1539 1300 Ῥωμαίων
1578 1261 1694 1299 περι-

142 1327 184 1363 15
197 1316 500 1371 ποιήσασθαι.”
559 1317 725 1363 ταύταις
764 1315 840 1358 οὖν
879 1320 966 1362 ταῖς
1004 1319 1077 1357 τοῦ
1118 1314 1327 1368 Μανουὴλ
1362 1313 1546 1360 ἀπειλαῖς
1575 1313 1696 1368 μόλις
1711 1321 1755 1357 16

198 1390 271 1441 τῆς
301 1385 349 1427 ἐκ
376 1388 449 1427 τοῦ
481 1384 622 1439 φόβου
654 1385 814 1440 νάρκης
845 1384 987 1430 λυθεὶς
1017 1384 1089 1426 καὶ
1120 1383 1421 1437 ἀκολουθήσας
1452 1383 1581 1436 αὐτῷ,
1614 1382 1695 1424 διε-

200 1454 348 1509 σώθη·
411 1453 514 1495 ὅθεν
545 1458 715 1508 σωτῆρα
747 1453 818 1494 τὸν
849 1453 983 1507 ἄνδρα
1016 1452 1151 1494 ἐκάλει
1183 1453 1256 1493 καί
1284 1452 1324 1493 οἱ
1354 1450 1403 1493 τὰ
1429 1454 1597 1505 σῶστρα
1621 1450 1695 1492 δα-

199 1594 223 1631 3
246 1594 450 1641 ἐκστρατεία
473 1595 574 1641 ἑτέρα
597 1594 688 1631 κατὰ
715 1599 786 1630 τῶν
807 1594 1007 1641 Ἆγαρηνῶν
1031 1593 1092 1630 καὶ
1113 1593 1198 1640 ἧττα
1218 1594 1408 1639 Ῥωμαίων
1434 1591 1476 1636 C,
1502 1591 1588 1640 ἧττα
1609 1592 1696 1628 Ῥω·

197 1644 316 1690 μαίων
339 1642 427 1688 μετὰ
446 1643 648 1689 Ἅγαρηνῶν
674 1643 706 1679 E

272 1774 296 1811 2
321 1778 412 1821 post
436 1774 537 1821 ἀγαρ.
565 1774 658 1810 add.
683 1774 803 1820 δόρατι
830 1773 990 1820 ἀσιδήρῳ
1017 1773 1049 1810 Ο
1076 1772 1273 1820 (ἀσιδήρων
1299 1771 1347 1818 D,
1383 1783 1485 1809 corr.
1510 1771 1594 1816 Dw)
1621 1782 1695 1818 wp,

274 1833 351 1859 om.
374 1822 455 1867 ΑΕ,
482 1833 519 1857 v.
546 1821 661 1858 Cedr.
687 1822 711 1858 l.
738 1833 773 1858 c.
798 1832 836 1868 p.
864 1822 942 1867 124,
969 1822 1016 1858 20
1190 1822 1213 1857 5
1239 1821 1454 1866 δοριάλωτος
1479 1819 1536 1856 Di
1561 1821 1697 1856 invitis

272 1869 420 1916 Apr,
439 1881 476 1905 v.
497 1869 549 1905 ad
567 1869 663 1906 XIII
681 1870 714 1914 8,
728 1871 751 1906 3
846 1870 915 1906 ὑπὸ
934 1869 1029 1917 Ewp
1127 1869 1150 1905 6
1169 1870 1385 1914 ἰσμαηλιτῶν
1402 1867 1537 1914 AEwp
1557 1869 1610 1913 (v.
1624 1867 1696 1903 XV

273 1918 330 1962 28,
356 1918 403 1953 25
429 1923 469 1954 et
495 1917 610 1954 Cedr.
637 1918 660 1953 Ι.
687 1927 719 1953 c.
747 1929 783 1964 p.
812 1918 891 1963 125,
919 1918 989 1961 10),
1013 1917 1204 1963 ἀγαρηνῶν
1230 1917 1261 1953 Ο
1423 1917 1444 1952 7
1471 1919 1566 1952 ante
1589 1916 1698 1961 μέσον

272 1965 364 2001 add.
389 1966 438 2005 εἷς
464 1965 560 2011 Ewp
704 1965 728 2001 9
750 1966 943 2012 βούλεσθαι
970 1963 1139 2012 prDi,
1163 1964 1339 2011 βούλεσθε
1364 1963 1432 2000 AC
1575 1964 1617 1998 11
1646 1969 1696 2008 τῷ

272 2013 377 2060 φόβῳ
405 2012 436 2049 Ο
575 2012 620 2048 14
644 2013 869 2059 αἰχμάλωτον
895 2024 970 2049 om.
998 2011 1027 2049 C
1172 2011 1294 2058 αἶσχος
1320 2010 1507 2058 stpDi‚
1533 2011 1636 2057 ἕσχος
1661 2011 1697 2046 Α

317 2061 601 2107 προςιρίψασθαι
627 2060 671 2106 O,
697 2062 749 2096 im
782 2061 944 2097 timere:
979 2061 1046 2096 Wo
1073 2060 1139 2096 lat.
1275 2060 1320 2096 15
1344 2059 1492 2099 ἁπαλαῖς
1518 2059 1566 2105 Ι),
1593 2069 1695 2095 corr.

271 2107 339 2168 ΒΥ
354 2155 388 2192 R
440 2109 483 2144 16
507 2108 549 2143 ἐκ
575 2113 634 2154 τῆς
659 2113 720 2145 τοῦ
787 2127 814 2146 w
922 2108 1136 2144 διασέσωστο
1162 2107 1193 2144 O
1306 2108 1349 2143 17
1377 2112 1468 2154 post
1492 2107 1578 2143 ὅθεν
1603 2106 1695 2142 add.

269 2170 330 2192 και
390 2167 453 2203 wp

198 2298 242 2325 se
267 2289 398 2325 statim
425 2299 517 2325 eum
543 2289 783 2333 occisurum,
808 2289 884 2325 nisi
911 2299 934 2324 e
959 2289 1133 2335 vestigio
1159 2288 1268 2324 illum
1298 2287 1592 2333 prostravisset.
1635 2284 1695 2322 Ibi
1712 2286 1757 2322 10

198 2336 389 2374 Craterus
415 2337 511 2372 nihil
537 2341 751 2373 cunctatus
777 2337 893 2373 hasta
918 2335 1155 2383 Agarenum
1183 2345 1288 2381 equo
1316 2335 1471 2371 deiecit.

316 2384 415 2421 Cum
448 2388 583 2420 aut-em
611 2395 683 2420 rex
710 2384 844 2420 denuo
872 2383 1130 2430 expeditione
1156 2387 1347 2429 suscepta
1377 2392 1466 2417 eum
1493 2380 1753 2427 Agarenisn

199 2436 433 2479 pugnasset,
468 2437 639 2468 eventus
673 2431 813 2478 proelii
840 2432 1032 2468 Romanis
1063 2442 1146 2467 non
1173 2435 1260 2466 erat
1289 2429 1505 2466 secundus.
1554 2428 1695 2475 Neque
1711 2430 1756 2465 12

198 2481 304 2516 enim
329 2479 497 2516 muitum
524 2481 637 2524 afuit,
667 2480 765 2526 quin
791 2483 830 2515 et
856 2490 928 2515 rex
955 2479 1008 2515 ab
1035 2478 1218 2515 hostibus
1243 2478 1546 2514 circumventus
1573 2477 1695 2522 capti·

198 2537 276 2563 vus
293 2527 576 2564 abduceretur.
627 2529 716 2570 Quo
734 2526 895 2563 Manum
915 2528 1091 2572 cog-nito,
1118 2526 1202 2562 suis
1228 2525 1453 2561 inclamatis
1479 2525 1520 2559 in
1541 2526 1695 2560 coni'er-
1712 2525 1755 2561 13

197 2576 370 2611 tissimos
396 2575 530 2611 hostes
555 2575 743 2611 invectus
769 2585 906 2620 regem
933 2585 977 2610 se
1003 2574 1117 2620 sequi
1144 2573 1274 2619 iubet;
1301 2573 1435 2609 stabat
1460 2573 1565 2608 enim
1586 2575 1695 2607 metu

197 2623 404 2659 attonitus.
453 2622 533 2659 Sed
568 2622 621 2658 ad
657 2622 870 2658 velandam
906 2622 1112 2669 ignaviam
1143 2631 1186 2657 se
1212 2621 1351 2656 relicto
1378 2620 1562 2656 exercitu
1588 2618 1694 2655 nolle
1711 2621 1755 2656 14

197 2671 342 2717 fugere
367 2670 538 2706 dicebat.
589 2670 688 2706 Cum
718 2675 853 2706 autem
880 2680 1003 2716 saepe
1028 2669 1214 2712 monitus,
1240 2672 1287 2704 ut
1306 2678 1446 2715 pugna
1465 2667 1694 2712 excederet,
1711 2667 1755 2704 15

197 2719 340 2754 timore
365 2722 571 2764 tamquam
597 2718 860 2764 compedibus
888 2718 1046 2753 vinctus
1073 2721 1209 2761 staret,
1247 2714 1409 2751 Manuel
1433 2716 1571 2751 stricto
1598 2725 1695 2750 ense

196 2764 310 2803 “Nisi
336 2765 430 2802 me'’
462 2766 591 2812 iuquit
627 2766 822 2802 Ἴθι-,πως
850 2765 988 2807 fueris,
1024 2765 1157 2800 statim
1184 2768 1223 2799 te
1254 2764 1459 2810 perimam.
1509 2762 1695 2799 Praestat

197 2813 304 2850 enim
337 2817 378 2850 te
412 2813 525 2858 mori,
563 2823 686 2859 quam
719 2814 772 2850 ab
805 2813 987 2849 hostibus
1020 2816 1182 2859 captum
1210 2811 1417 2847 Romanae
1445 2809 1695 2857 reipublicae

196 2864 352 2898 tantum
379 2861 526 2898 afferre
551 2860 767 2897 dedecus.”
823 2861 876 2897 lis
902 2860 1098 2897 Manutius
1123 2860 1240 2896 minis
1267 2869 1392 2906 aegre
1415 2859 1546 2895 soluto
1564 2863 1695 2894 metus
1712 2859 1754 2896 16

196 2913 362 2959 stupore
399 2918 574 2958 eumque
611 2914 774 2948 secutus
814 2910 953 2947 salvus
994 2909 1142 2957 evasit3
1184 2917 1266 2958 qua
1302 2907 1353 2945 de
1396 2916 1521 2944 causa
1563 2907 1695 2944 virum
