1968 3302
269 222 316 259 58
625 224 806 264 ZONAR.
834 220 964 263 EPIT.
992 227 1088 264 XIII
1115 226 1170 272 11,
1197 227 1350 274 23-12,
1376 227 1408 266 5.

208 347 252 382 ‘24
268 350 355 388 νῶν
388 348 619 402 ἀναιρεῖται.
682 354 755 391 τοῦ
787 347 824 391 δ’
858 350 1067 405 Εἰνσεβίου
1107 351 1313 399 θανόντος
1351 352 1376 395 ὁ
1413 354 1767 410 πνευματομάχος

267 419 383 473 παρὰ
415 425 500 462 τῶν
525 421 752 475 Ἀρειανῶν
784 424 840 468 εἷς
870 422 942 463 τὸν
973 427 1045 477 τῆς
1076 425 1172 469 νέας
1198 423 1366 479 Ῥώμης
1394 426 1554 480 θρόνον
1576 427 1816 481 ἀνάγεταιΙ)
1836 433 1930 470 1112

207 486 549 544 95Ᾱ1ακεδόιἰος,
598 492 646 537 ὃς
682 492 1010 545 ὑπερφρονήσας
1044 493 1270 546 μετήνεγκε
1305 494 1352 535 τὸ
1384 495 1608 548 ἱερώτατον
1640 499 1765 550 σῶμα

266 564 340 601 τοῦ
373 561 416 602 ἕν
449 557 919 614 ἁγίοις-’Κωνσταντίνου
953 561 999 601 ἐκ
1032 565 1105 601 τοῦ
1132 565 1218 602 τῶν
1239 562 1371 616 ἁγίων
1393 564 1640 605 ἀποστόλων
1661 569 1766 606 ναοῦ

207 624 253 660 96
267 629 323 674 εἷς
354 628 400 669 τὸ
431 633 504 670 τοῦ
537 629 656 682 ἁγίου
693 629 908 682 μάρτυρος
933 628 1133 670 Ἀκακιόυ
1171 630 1290 672 θεῖον
1325 632 1558 686 τεμένισμα.
1622 633 1802 687 διόπερό

268 698 493 751 ἑξώργιστο
516 698 539 738 ὁ
562 697 853 743 Κωνστάντιος
884 697 954 738 καὶ
985 697 1094 751 πρὸς
1124 698 1198 753 τὴν
1229 700 1434 754 πατρικὴν
1454 700 1574 742 πόλιν
1596 701 1765 743 ε’πανελ-

267 766 364 808 θὼν
394 766 466 807 τὸν
501 766 769 807 Μακεδόνων
801 767 891 812 ἔτος
921 768 967 808 ἓν
998 767 1181 821 ἠνυκότα
1221 772 1294 809 τοῦ
1332 769 1495 822 θρόνου
1533 770 1768 812 κατέσπασέ

266 851 307 876 τε
350 835 421 876 καὶ
463 835 712 889 ὑπερώρισε,
761 835 994 889 καθίδρυσε
1035 833 1072 877 δ’
1106 837 1150 878 ἔν
1189 838 1306 891 αὐτῷ
1344 837 1416 879 τὸν
1447 838 1669 893 Εὐδόξιον,
1717 839 1766 880 τὰ

217 900 251 935 D
266 908 339 945 τοῦ
365 903 527 956 Ἀρείου
558 904 856 957 πρεσβεύοντα,
902 904 968 945 ἐπὶ
1001 905 1103 946 δέκα
1136 906 1347 952 ἐνιαυτοὺς
1379 907 1765 961 ἀρχιερατεύσαντα.

207 969 253 1005 27
265 973 510 1026 μετεκόμισε
544 970 580 1014 δ’
615 971 740 1019 αὖθις
770 972 817 1014 τὸ
850 976 974 1027 σῶμα
1007 978 1080 1015 τοῦ
1113 975 1267 1016 οἰκείου
1304 975 1463 1029 πατρὸς
1494 977 1550 1023 εἷς
1579 976 1652 1019 τὸν
1682 980 1767 1019 τῶν
1784 979 1828 1015 10

267 1041 399 1095 ἁγίων
431 1041 678 1083 ἀποστόλων
709 1042 822 1083 ναόν.

207 1107 253 1142 28
393 1109 528 1156 Οὗτος
560 1110 611 1165 δὴ
646 1110 722 1152 οὖν
754 1111 778 1152 ὁ
804 1111 1092 1158 Κωνστάντιος
1123 1113 1194 1154 καὶ
1225 1113 1274 1154 τοὶ
1306 1117 1391 1156 τῶν
1423 1115 1556 1168 ἁγίων
1587 1115 1767 1157 ἀποστό-

266 1179 354 1220 λων
386 1180 587 1234 ῖερώτατα
621 1180 798 1234 σώματα
825 1180 1026 1234 Ἀνδρέου
1058 1198 1099 1223 τε
1130 1182 1202 1223 καὶ
1223 1182 1376 1224 Λουκᾶ
1407 1182 1474 1225 διὰ
1506 1188 1579 1225 τοῦ
1613 1183 1769 1231 δουκὸς

260 1247 584 1302 Ἀλεξανδρείας,
632 1250 804 1302 ὕστερον
837 1249 882 1290 δὲ
914 1250 984 1291 καὶ
1020 1251 1257 1293 καλλινίκου
1294 1252 1511 1306 μάρτυρος
1535 1252 1765 1307 Ἄρτεμίου,

267 1318 324 1363 εἰς
354 1317 400 1358 τὸ
432 1323 633 1371 πατρῷον
671 1318 917 1372 ἀνεκόμισεν
954 1319 1054 1360 ἄστυ
1093 1319 1164 1361 καὶ
1202 1321 1246 1362 ἐν
1282 1326 1344 1375 τῷ
1381 1327 1474 1375 ναῷ
1511 1325 1596 1363 τῶν
1636 1322 1768 1375 ἁγίων
1786 1325 1828 1360 15

267 1386 514 1428 ἀποστόλων
546 1387 859 1441 ἀπεθησαύρισε
889 1392 962 1429 τοῦ
995 1389 1295 1443 θυσιαστηρίου
1328 1390 1451 1436 ἐντός.

208 1454 254 1489 99
386 1455 431 1496 Γ
426 1455 555 1510 αμετὴ
590 1456 635 1497 δὲ
667 1457 784 1510 αὐτῷ
815 1456 867 1511 ῆν
899 1456 1095 1511 Εὖσεβία,
1143 1460 1168 1512 ἢ
1202 1458 1268 1499 ἐπὶ
1299 1459 1438 1500 κάλλει
1476 1460 1618 1513 γέγονε
1653 1475 1768 1514 περι-

267 1524 431 1579 βόητος.
494 1525 588 1578 περὶ
621 1524 666 1566 δὲ
696 1524 768 1566 τὸν
800 1526 981 1580 γαμέτην
1013 1526 1192 1581 ἠτύχησε
1222 1527 1450 1581 μαλθακὸν
1482 1529 1580 1569 ὄντα
1618 1528 1690 1570 καὶ
1720 1527 1769 1569 τὰ

270 1685 315 1721 18
338 1684 381 1727 (C
407 1685 459 1720 ad
486 1696 522 1730 p.
549 1684 607 1727 59,
629 1685 663 1727 7)
688 1686 768 1730 περὶ
795 1690 864 1721 τῶν
888 1687 1070 1732 λειψάνων
1095 1691 1166 1722 τῶν
1192 1688 1303 1733 ἁγίων
1328 1687 1531 1723 ἀποστόλων
1564 1687 1639 1733 (τοῦ
1670 1688 1768 1733 ἁγίου

270 1744 344 1769 om.
371 1733 576 1769 ἀποστόλων
602 1733 648 1778 Ε)
671 1733 833 1779 Ἀνδρέου
860 1734 920 1770 καὶ
946 1735 1075 1770 Λουκᾶ
1102 1734 1165 1771 CE

341 1891 362 1926 7
389 1893 480 1936 post
505 1889 563 1925 τὸν
589 1890 680 1925 add.
706 1890 770 1935 μὲν
794 1889 952 1936 prDi
1073 1891 1095 1926 8
1122 1906 1154 1926 τε
1181 1902 1254 1927 om.
1283 1891 1384 1937 pr
1501 1892 1522 1926 9
1548 1896 1607 1927 τοῦ
1636 1902 1710 1927 om.
1738 1891 1768 1926 Ε

343 1939 388 1973 10
410 1939 529 1973 ὀκειόυ
556 1938 587 1973 Ε
724 1938 782 1974 τὸν
807 1943 878 1974 τῶν
903 1937 1051 1984 Apr,
1078 1939 1135 1974 τὸν
1158 1939 1215 1974 τὸν
1241 1940 1277 1973 D
1417 1940 1459 1974 11
1486 1940 1569 1975 ναόν
1595 1950 1647 1974 ex
1672 1944 1768 1974 ναῶν

343 1997 444 2022 corr.
463 1985 499 2021 A
598 1986 642 2021 12
667 1986 730 2022 οὖν
757 1997 831 2022 om.
854 1986 889 2021 D
987 1987 1047 2022 καὶ
1071 1987 1113 2022 τὰ
1139 1998 1189 2023 ex
1215 1987 1304 2022 κατὰ
1332 1998 1431 2022 corr.
1459 1987 1489 2021 B
1591 1988 1634 2023 17
1659 1987 1766 2023 αὐτοῦ

340 2035 385 2081 ἦν
410 2034 455 2077 R,
480 2034 525 2080 ἧν
549 2034 647 2080 αὐτῷ
673 2034 808 2081 DEwp
908 2038 1002 2071 ante
1027 2036 1167 2081 εὐσεβία
1194 2035 1285 2070 add.
1313 2036 1334 2081 ἡ
1363 2035 1391 2071 C
1490 2036 1535 2071 18
1560 2035 1601 2071 τὰ
1629 2046 1703 2071 om.
1730 2034 1766 2070 D

210 2188 257 2223 24
271 2194 310 2227 et
334 2191 541 2237 relegatus
568 2192 619 2226 ab
646 2190 808 2226 Arianis
834 2192 997 2227 tollitur.
1052 2192 1225 2227 Eusebio
1253 2203 1351 2228 vero
1378 2195 1537 2227 mortuo
1570 2192 1635 2227 ille
1665 2206 1768 2227 πνευ-

269 2240 475 2284 ματομάχος
501 2239 552 2274 ab
580 2238 741 2274 Arianis
766 2240 807 2274 in
834 2250 968 2274 novae
994 2240 1146 2275 Romae
1178 2240 1367 2275 thronum
1394 2240 1665 2275 introducitur
1690 2239 1769 2274 Ma-

211 2283 256 2318 25
273 2286 477 2330 cedonius,
517 2288 585 2332 qui
613 2287 805 2332 superbia
833 2287 962 2322 elatus
989 2288 1192 2323 transtulit
1224 2289 1517 2323 sanctissimum
1547 2298 1694 2333 corpus
1720 2287 1767 2322 D.

272 2334 523 2370 Constantini
559 2345 609 2370 ex
642 2335 790 2380 templo
823 2339 1055 2370 sanctorum
1091 2336 1365 2380 apostolorum
1392 2337 1432 2370 in
1461 2336 1596 2370 divam
1626 2335 1767 2370 aedem

211 2379 257 2414 ‘26
272 2383 400 2418 sancti
426 2383 615 2428 martyris
642 2381 790 2417 Aeacii.
843 2383 1038 2424 Quocirca
1061 2384 1189 2418 iratus
1208 2383 1467 2419 Constantius
1486 2383 1537 2418 ad
1557 2386 1766 2428 paternam

270 2431 413 2466 urbem
429 2440 618 2466 reversus
632 2430 912 2465 Macedonium
930 2441 1080 2465 annum
1095 2442 1221 2466 unuin
1237 2442 1404 2466 munere
1421 2433 1603 2465 sunctum
1622 2430 1765 2465 throno

272 2478 461 2524 spellavit
499 2482 537 2513 et
577 2479 743 2523 expulit,
782 2480 1000 2514 constituto
1039 2479 1079 2513 in
1116 2479 1257 2514 eodem
1285 2479 1483 2522 Eudoxio,
1521 2478 1766 2513 Arianorum

272 2526 464 2571 principe,
493 2527 559 2571 qui
588 2537 660 2571 per
687 2526 825 2561 decem
848 2536 975 2562 annos
995 2537 1141 2560 munus
1161 2527 1303 2561 sumini
1323 2526 1544 2561 sacerdotis
1564 2526 1764 2561 sustinuit.

211 2571 257 2607 27
272 2573 375 2608 Tum
401 2574 606 2609 transtulit
632 2574 766 2609 denuo
795 2584 941 2619 corpus
968 2574 1029 2609 sui
1057 2575 1182 2619 patris
1201 2575 1241 2608 in
1260 2574 1401 2610 aedem
1421 2577 1654 2609 sanctorum
1673 2583 1767 2619 apo-

271 2621 476 2656 stolorum.

211 2666 258 2702 28
390 2669 466 2703 Hic
497 2670 623 2714 igitur
650 2669 907 2705 Constantius
940 2672 1170 2704 sanctorum
1208 2669 1480 2714 apostolorum
1515 2669 1766 2703 sanctissima

273 2726 445 2761 corpora
471 2715 661 2752 Andreae
693 2727 741 2751 ae
766 2717 905 2752 Lucae
937 2727 1009 2762 per
1037 2715 1270 2760 Artemiuin,
1311 2717 1454 2751 ducem
1480 2715 1765 2759 Alexandriae,

272 2764 440 2808 posthae
466 2765 657 2800 illustrem
685 2769 901 2810 martyrem
929 2766 969 2799 in
998 2765 1168 2810 patriam
1195 2765 1390 2799 translat-a
1421 2765 1563 2798 urbem
1596 2764 1636 2798 in
1664 2763 1766 2798 aede

272 2815 503 2846 sanctorum
531 2813 806 2857 apostolorum
835 2812 1015 2847 condidit
1040 2813 1145 2847 intra
1171 2813 1404 2846 sacrarium.

212 2858 259 2900 29
392 2859 505 2895 Uxor
531 2861 566 2894 ei
595 2864 682 2895 erat
709 2860 895 2901 Eusebia,
922 2859 1221 2905 pulchritudine
1247 2859 1408 2904 quidem
1435 2859 1666 2902 clarissima,
1694 2857 1764 2893 sed

273 2906 324 2946 de
349 2907 492 2945 marito
519 2907 671 2952 infelix,
711 2908 780 2958 qui
811 2908 940 2946 mollis
973 2910 1078 2947 esset
1104 2910 1144 2946 et
1168 2907 1220 2945 ad
1246 2917 1330 2945 rem
1357 2916 1575 2944 veneream
1601 2906 1765 2953 segnior

1951 1470 1968 1559 ⁴}
