2054 3282
372 272 443 311 594
751 273 932 313 ZONAR.
959 272 1090 310 EPIT.
1117 272 1230 310 XVII
1256 272 1311 319 15,
1338 272 1490 311 22—34.

371 399 499 450 νῆσος
529 396 609 437 οὒκ
641 397 697 442 εἷς
727 395 898 450 μακρὰν
928 395 1201 450 περιελήλυθε
1231 399 1315 442 τοῖς
1333 395 1579 451 Ἆγαρηνοῖς
1600 398 1763 452 ἀπειρίᾳ
1793 397 1865 440 καὶ

371 464 563 518 ῥᾳθυμίᾳ
593 468 666 505 τοῦ
698 464 901 518 ἄρχοντος
932 463 1002 504 καὶ
1037 463 1123 518 πρὸ
1159 464 1320 506 τούτων
1359 466 1688 520 αἰσχροκερδείᾳ,
1731 466 1866 521 μόνης

369 537 442 586 τῆς
473 531 675 586 Μεσήνης
721 531 854 586 (πόλις
892 531 937 572 δὲ
977 532 1079 586 αὕτη
1118 535 1203 574 τῶν
1238 532 1488 587 Σικελικῶν)
1533 535 1914 589 περιλειφθείσηςΙ)
1935 537 1989 574 IV
2009 537 2052 573 14

311 600 600 654 23Ῥωμαίοις,
634 599 704 640 καὶ
734 600 885 654 ταύτης
915 604 988 641 τοῦ
1021 601 1064 641 ἐν
1096 601 1202 655 αὐτῇ
1232 601 1435 655 ἄρχοντος
1466 603 1704 657 στρατηγίᾳ·
1742 600 1864 649 οὗτος

326 666 409 710 Βὸ’
447 668 499 723 ἦν
537 669 560 709 ὁ
600 668 876 722 Κεκαυμένος
906 668 1191 710 Κατακαλών·
1238 670 1289 710 οὐ
1333 669 1413 724 γὰρ
1455 669 1530 724 τὴν
1572 670 1690 712 πόλιν
1731 670 1901 725 μόνονὸ

370 736 682 791 περιεφύλαξεν,
715 735 817 777 ἀλλὰ
849 736 920 777 καὶ
950 737 1136 791 χιλιάδας
1167 738 1298 779 ἀνεῖλε
1328 741 1413 779 τῶν
1444 739 1651 780 ἐναντίων.

311 811 357 846 24
484 804 537 846 eO
568 804 614 846 δὲ
648 808 722 846 τοῦ
759 805 965 859 βασιλέως
996 805 1179 860 ἀδελφὸς
1210 806 1234 846 ὁ
1267 806 1461 860 ἐκτομίας
1485 806 1685 861 Ἰωάννης
1717 807 1864 862 δριμύ-

369 889 490 914 τατον
526 874 697 928 τρέφων
728 874 865 928 ἔρωτα
898 877 971 914 τοῦ
1003 878 1231 929 προστῆναι
1261 879 1333 929 τῆς
1365 875 1585 930 ἐκκλησίας
1616 876 1751 922 ἐνίους
1779 879 1866 917 τῶν

310 948 356 983 25
370 942 600 996 ἀρχιερέων
636 941 1005 996 προσηταιρίσατο·
1051 942 1122 983 καὶ
1162 944 1206 984 οἳ
1235 944 1352 997 αὐτῷ
1382 943 1680 998 ἐπηγγέλλοντο
1711 945 1864 986 καθαι-

369 1015 494 1065 ρῆσαι
523 1010 595 1051 τὸν
626 1010 886 1064 πατριάρχην
911 1010 1106 1062 Ἀλέξιον,
1151 1011 1213 1057 ὡς
1251 1012 1301 1052 οὗ
1332 1012 1472 1066 ψήφῳ
1503 1017 1625 1067 κοινῇ
1654 1028 1864 1068 προχειρι-
1879 1016 1928 1052 10

87 1084 284 1121 WIIIl9O
310 1085 356 1120 26
370 1079 536 1130 σθέντα,
582 1078 668 1120 ἀλλ’
710 1079 876 1132 ἐξουσίᾳ
912 1079 1118 1134 βασιλικῇ.
1182 1079 1205 1120 ὁ
1239 1080 1285 1121 δέ
1323 1080 1392 1121 “ει’
1425 1081 1476 1122 οὗ
1512 1084 1759 1130 κανονικῶς,
1804 1082 1866 1128 ὡς

369 1148 487 1201 φατέ,
522 1147 670 1201 γέγονα
702 1147 961 1201 πατριάρχης
972 1147 999 1162 ”
1030 1147 1236 1196 ᾶντέθετο,
1268 1148 1368 1189 “καὶ
1401 1149 1491 1190 ὅσοι
1511 1146 1611 1203 παρ’
1635 1149 1740 1204 ἐμοῦ
1762 1150 1864 1204 ἐχει-

309 1223 355 1259 27
369 1215 675 1270 ροτονήθησαν,
706 1215 1092 1269 καθαιρεθήτωσαν
1123 1215 1198 1258 σὺν
1230 1217 1367 1271 ἐμοί.”
1426 1221 1548 1259 τοῦτο
1578 1217 1676 1264 τοὺς
1695 1217 1867 1264 λοιποὺς

367 1287 452 1326 τῶν
495 1284 726 1339 ἀρχιερέων
764 1284 976 1325 στασιάσαι
1015 1284 1120 1326 κατὰ
1159 1288 1245 1326 τῶν
1280 1288 1354 1326 τοῦ
1393 1285 1652 1340 πατριάρχου
1684 1302 1863 1341 κατηγο-

367 1353 558 1407 ρούντων
595 1353 778 1407 ἠρέθισε,
824 1352 895 1393 καὶ
931 1353 1088 1407 ἔμεινεν
1126 1353 1335 1400 ἀτέλεστος
1365 1355 1391 1408 ἦ
1423 1358 1497 1395 τοῦ
1535 1354 1863 1410 ὅρφανοτρόφου
1880 1357 1924 1392 15

308 1429 354 1464 28
368 1422 519 1476 ἔφεσις.
581 1421 752 1467 πολλαῖς
785 1421 830 1462 δὲ
861 1420 932 1462 καὶ
963 1421 1214 1476 ἀσυνήθεσιν
1245 1422 1503 1477 εἷσπράξεσιν
1529 1421 1652 1469 οὗτος
1674 1424 1864 1479 ἐξέτρυχε

265 1496 354 1533 029
367 1489 414 1530 τὸ
450 1490 654 1544 ὑπήκοον,
698 1490 992 1545 ποριμώτατος
1031 1490 1074 1531 ἐν
1109 1491 1309 1537 τοιούτοις
1349 1490 1585 1545 γενόμενος.
1646 1497 1719 1547 τῆς
1761 1496 1864 1547 γοῦν

368 1628 390 1662 7
416 1629 466 1662 ὅτι
492 1628 609 1673 ἐφίετο
634 1633 694 1663 τοῦ
718 1629 966 1673 πατριαρχείου
992 1629 1013 1663 ὅ
1037 1629 1307 1674 ὄρφανοτρόφος
1334 1628 1397 1666 ΟΕ
1522 1629 1567 1665 16
1592 1631 1689 1670 ὅπως
1712 1630 1800 1676 πρὸς
1824 1630 1862 1666 τὸ

367 1675 528 1721 ὑπήκοον
553 1676 703 1711 διέκειτο
729 1676 750 1710 ὁ
773 1677 1041 1722 ὀρφανοτρόφος
1064 1677 1124 1712 καὶ
1149 1677 1171 1722 ἡ
1198 1676 1335 1723 ἀδελφὴ
1363 1678 1412 1719 (οἱ
1434 1677 1580 1723 ἀδελφοὶ
1593 1678 1640 1723 Ε)
1666 1678 1772 1714 αὐτοῦ
1798 1678 1861 1715 GE

440 1807 460 1841 1
486 1807 617 1852 περιελ.
636 1821 662 1842 τ.
680 1807 758 1853 Ἀγ.]
777 1807 845 1843 ὑπὸ
863 1807 942 1846 τοὺς
960 1807 1156 1853 ἀγαρηνοὺς
1174 1808 1235 1844 καὶ
1252 1808 1355 1847 αὖθις
1371 1808 1504 1854 ἐγένετο
1522 1808 1650 1855 Bcwp
1732 1809 1859 1855 ἀπορία

438 1854 470 1889 Β
583 1855 606 1890 2
630 1856 912 1900 αἷσχροκερδείαι
938 1856 980 1900 Ε,
1007 1856 1117 1891 unde
1142 1857 1442 1901 αἷσχροκερδείαις
1468 1856 1554 1902 W*p
1579 1858 1716 1893 invitis
1741 1856 1810 1893 AO

437 1903 460 1938 3
484 1903 639 1948 μεσήνης
657 1902 728 1938 AR
754 1902 868 1939 Cedr.
895 1902 1084 1948 (Scylitz.)
1113 1903 1151 1938 II
1178 1915 1214 1949 p.
1233 1904 1313 1948 523,
1340 1904 1397 1939 20.
1424 1904 1504 1948 524,
1529 1904 1553 1939 4
1579 1915 1665 1950 arg.
1693 1905 1745 1940 ad
1773 1908 1793 1947 ἓ
1813 1905 1859 1940 22

438 1951 503 1993 (cf.
523 1949 672 1996 Georg.
693 1950 810 1997 Cypr.
830 1951 875 1986 73
894 1950 1063 1995 Gelzer),
1090 1952 1253 1996 Μεσένης
1280 1952 1374 1997 W*p,
1400 1953 1593 1997 Μεσσήνης
1614 1951 1671 1987 Di
1764 1967 1859 1997 περι-

436 1999 645 2044 λειφθείσης
670 1997 839 2044 prDi‚
864 1999 1144 2044 περιληφθείσης
1166 1999 1202 2033 Α
1297 2000 1320 2034 4
1345 2005 1616 2045 στρατηγοῦντος
1640 2000 1858 2046 ἀνδραγαθίᾳ

439 2046 596 2092 (BC)wp
693 2046 716 2082 5
740 2048 853 2092 μόνην
879 2046 946 2082 CD
1044 2047 1065 2082 7
1089 2047 1348 2092 αὐτοκράτορος
1373 2047 1438 2083 ΒΟ
1527 2048 1548 2082 9
1573 2047 1634 2082 καὶ
1659 2058 1734 2083 om.
1758 2048 1872 2095 pr-

485 2094 711 2139 ἐπηγγέλοντο
729 2094 825 2140 Ewp
925 2094 979 2128 ll.
996 2094 1041 2128 12
1063 2094 1112 2133 ὡς
1130 2095 1218 2139 φατὲ
1234 2094 1381 2140 Apr‚
1400 2096 1449 2133 ὥς
1468 2109 1556 2140 φατε
1573 2094 1630 2130 Di
1726 2095 1772 2130 14
1788 2101 1858 2131 τῶν

437 2140 607 2188 prDi,
634 2152 708 2177 om.
735 2141 771 2176 A
900 2143 1109 2187 κατηγόρων
1137 2141 1171 2176 D
1298 2143 1352 2178 15.
1381 2143 1425 2178 16
1451 2143 1472 2188 ἦ
1499 2147 1593 2178 ante
1617 2144 1734 2188 ἔφεσις
1758 2143 1857 2189 pr

439 2190 484 2224 16
509 2189 696 2235 συνήθεσιν
720 2190 752 2225 Ε
850 2190 895 2225 17
919 2190 1053 2228 τούτοις
1078 2189 1114 2224 D
1211 2189 1274 2225 οὖν
1299 2190 1434 2236 DEwp

367 2323 457 2367 post
490 2321 623 2356 insula
658 2322 699 2356 in
725 2319 1008 2367 Agarenorum
1045 2324 1284 2367 potestatem
1310 2321 1429 2357 rediit
1460 2332 1550 2357 cum
1584 2322 1784 2368 imperitia
1809 2334 1858 2359 ac

367 2369 567 2412 socordia,
593 2372 678 2404 tum
704 2369 891 2404 sordibus
910 2369 1034 2412 ducis,
1061 2369 1147 2404 sola
1163 2368 1347 2404 Messana
1374 2372 1494 2415 (quae
1521 2373 1560 2405 et
1584 2370 1673 2415 ipsa
1698 2369 1858 2407 Siciliae

307 2417 353 2452 23
366 2417 464 2452 urbs
494 2417 568 2461 est)
600 2417 751 2452 virtute
777 2416 1030 2452 Catacalonis
1057 2415 1299 2452 Cecaumeni
1325 2418 1518 2462 praefecti
1544 2417 1735 2453 Romanis
1766 2429 1856 2454 con-

367 2467 541 2509 servata,
571 2464 639 2509 qui
664 2464 770 2499 idem
796 2467 1009 2510 praeterea
1033 2464 1157 2499 multa
1183 2464 1355 2499 hostium
1382 2465 1490 2499 milia
1516 2465 1670 2500 cecidit.

307 2511 354 2547 24
484 2511 538 2546 At
562 2512 672 2557 regis
698 2512 835 2556 frater,
874 2511 1001 2557 spado
1028 2511 1212 2556 Ioannes,
1251 2512 1507 2557 pontificatus
1540 2512 1760 2558 cupiditate
1789 2514 1856 2549 fla-

307 2559 353 2595 25
366 2570 492 2605 grans
518 2559 715 2605 quosdam
741 2569 792 2594 ex
818 2559 1017 2605 primariis
1043 2559 1321 2594 sacerdotibus
1346 2560 1421 2594 sibi
1452 2560 1692 2603 conciliavit,
1723 2562 1793 2606 qui
1819 2562 1856 2597 ei

366 2607 661 2653 pollicebantur
686 2617 729 2642 se
755 2608 842 2642 loco
868 2609 1048 2642 moturos
1075 2606 1263 2642 Alexium
1289 2607 1568 2652 patriarcham,
1607 2608 1758 2653 quippe
1787 2609 1856 2654 qui

368 2665 448 2690 non
479 2655 758 2690 communibus
789 2655 1005 2700 suffragiis,
1043 2655 1114 2690 sed
1145 2655 1260 2700 regia
1286 2655 1527 2690 auctoritate
1553 2658 1712 2690 creatus
1738 2659 1853 2692 esset.

307 2703 354 2738 26
367 2702 437 2738 Ille
454 2713 553 2738 vero
571 2703 594 2715 “
603 2701 643 2738 Si
652 2702 674 2714 '³
690 2703 820 2748 inquit
836 2703 1008 2738 “contra
1027 2712 1203 2737 canones
1220 2712 1284 2737 me
1300 2703 1571 2747 patriarcham
1590 2712 1678 2738 esse
1703 2703 1854 2738 factum

368 2751 565 2794 asseretis,
592 2751 619 2785 ii
646 2750 776 2794 etiam,
805 2751 873 2794 qui
899 2761 922 2784 a
948 2760 1012 2785 me
1038 2750 1154 2785 electi
1179 2753 1282 2794 sunt,
1313 2750 1400 2785 loco
1427 2760 1584 2785 mecum
1609 2750 1857 2786 moventor.”

307 2797 354 2833 27
367 2797 485 2839 Quod
503 2807 742 2843 responsum
769 2797 911 2841 effecit,
937 2800 982 2832 ut
1009 2798 1131 2832 ceteri
1157 2797 1387 2833 sacerdotes
1410 2807 1434 2832 a
1459 2798 1714 2842 patriarchae
1739 2808 1854 2833 accu-

366 2846 568 2881 satoribus
603 2845 842 2880 dissiderent
876 2848 916 2880 et
949 2845 1301 2890 orphanotrophus
1332 2845 1460 2890 impos
1491 2846 1575 2880 voti
1605 2845 1853 2881 redderetur.

306 2892 354 2928 28
367 2892 442 2934 Qui
469 2893 522 2928 ad
547 2895 740 2939 quaestus
765 2892 1058 2938 excogitandos
1078 2892 1365 2936 callidissimus,
1393 2902 1483 2927 cum
1501 2893 1703 2928 subiect-os
1721 2894 1855 2929 multis

306 2939 353 2975 29
366 2940 534 2976 insolitis
566 2941 849 2976 exactionibus
879 2942 1059 2984 vexaret,
1098 2939 1254 2985 accidit,
1292 2942 1337 2975 ut
1362 2950 1477 2975 soror
1503 2940 1588 2976 eius
1613 2939 1751 2986 Maria,
1787 2940 1855 2976 Mi-

2035 2295 2054 2320 3

2040 2321 2054 2354 l

2044 2355 2054 2380 ἔ

2044 2380 2054 2409 2

2043 2410 2054 2434 ί

2046 2444 2054 2462 ἡ
