2054 3282
587 212 825 262 SYNODVS
850 212 1060 261 CONTRA
1084 212 1348 259 IMAGINES.
1645 213 1716 258 269

21 352 34 403 ξ’
61 347 120 384 ΠΙ
133 341 205 385 347
216 343 349 400 πολλὴ
381 347 467 387 τῶν
498 345 748 401 ἀνθρώπων
778 345 1021 400 συμβέβηκε
1051 344 1158 387 κατά
1189 360 1230 386 τε
1251 343 1446 386 Σικελίαν
1476 343 1548 386 καὶ
1570 344 1715 386 Καλα-
1730 348 1761 384 Β

216 413 340 468 βρίαν
370 413 442 455 καὶ
471 411 574 456 καθ’
602 413 782 455 Ἑλλάδα
821 412 894 455 καὶ
930 413 1079 468 χώρας
1114 413 1268 467 ἑτέρας,
1311 414 1337 468 ἣ
1370 411 1442 454 καὶ
1472 413 1556 459 ἕως
1587 413 1716 454 αὐτοῦ

215 486 290 524 τοῦ
312 482 546 531 Βυζαντίου
567 483 816 538 κατήντησε·
849 481 920 523 καὶ
940 485 1140 524 τοσοῦτον
1163 481 1216 536 ἦν
1245 480 1294 523 τὸ
1323 484 1410 523 τῶν
1439 481 1753 536 θνησκόντων4

215 550 382 606 πλῆθος
419 551 482 597 ὡς
517 549 578 605 μὴ
620 550 710 592 οἶόν
746 566 789 592 τε
824 549 926 592 εἶναι
961 549 1059 597 τοὺς
1095 551 1359 605 θνήσκοντας
1396 550 1714 605 ἐκκομίζεσθαι*

179 625 202 661 5
218 618 283 660 διὸ
322 619 503 673 ἁμάξαις
539 618 692 665 αὐτοὺς
728 618 835 660 κατὰ
871 619 1065 665 πλείονας
1102 619 1346 665 ἐπιτιθέντες
1379 619 1593 674 ἐξέφερον.
1654 623 1717 673 τῷ
1730 625 1752 660 5

213 688 355 742 μέντοι
391 686 679 741 Κοπρωνύμῳ
710 688 736 742 ἡ
767 691 842 729 τοῦ
873 686 1079 741 Χαγάνου
1110 687 1302 742 θυγάτηρ
1333 688 1446 729 ἔτεκε
1481 687 1624 735 παῖδα,
1668 688 1717 729 ὃν

215 755 414 810 ὠνόμασε
438 755 601 798 Λέοντα
633 755 704 797 καὶ
735 755 990 811 ἀνηγόρευσε
1021 756 1206 810 βασιλέα,
1238 756 1469 811 πεφθέντα
1502 755 1569 797 διὰ
1595 755 1716 798 Ἀνα-

216 824 384 866 στασίου
414 828 489 866 τοῦ
521 824 834 879 ὄμοδοξοῦντος
864 824 982 878 αὐτῷ
1011 824 1286 878 πατριάρχου.

330 893 560 948 Ἐκράτησε
598 893 643 935 δὲ
680 894 705 935 ὁ
745 893 1059 939 Κωνσταντῖνος
1094 897 1167 947 τῆς
1203 891 1602 939 Θεοδοσιουπόλεως
1645 892 1716 935 καὶ
1729 899 1752 935 6

154 967 201 1004 10
214 965 287 1016 τῆς
313 960 561 1016 ᾹΙελιτηνῆς,
594 962 697 1003 ὅθεν
727 962 1055 1016 ὑπερφρονήσας
1086 960 1374 1015 σφοδρότερον
1405 961 1511 1002 κατὰ
1542 966 1615 1016 τῆς
1645 962 1715 1004 ἕκ-

214 1029 387 1085 κλησίας
417 1029 488 1072 καὶ
518 1035 591 1086 τῆς
622 1030 865 1085 ὅρθοδόξου
896 1030 1074 1076 πίστεως
1104 1030 1287 1077 ἔπνευσε,
1332 1029 1522 1084 δόγματα
1556 1030 1715 1072 ἓκτιθέ-
1731 1037 1761 1074 C

213 1114 353 1153 μενος,
386 1097 437 1141 δι’
471 1097 535 1141 ὧν
565 1098 637 1140 τὸν
658 1098 910 1154 συρφετώδη
934 1098 1061 1152 ὄχλον
1081 1097 1287 1150 ὗπέσυρεν
1308 1097 1482 1139 ἔπεσθαι
1503 1102 1565 1152 τῷ
1586 1098 1716 1140 αὐτοῦ

214 1167 476 1222 ἀσεβεστάτῳ
520 1168 772 1222 φρονήματι.
841 1166 932 1208 τότε
973 1166 1045 1208 καὶ
1087 1166 1112 1207 ὁ
1153 1166 1414 1221 πατριάρχης
1450 1166 1751 1214 ἈναστάσιοςΊ

214 1236 381 1291 ἀσεβῶς
410 1240 484 1292 τῆς
514 1236 736 1291 ἐκκλησίας
766 1235 1136 1290 κατορχησάμενος
1168 1234 1233 1276 ἐπὶ
1256 1234 1438 1288 χρόνους
1459 1236 1588 1277 εἴκοσι
1607 1235 1717 1290 πρὸς

155 1311 201 1348 15
213 1308 298 1351 τοῖς
333 1306 524 1359 τέσσαρσι
560 1305 814 1359 κατέστρεψε
851 1303 927 1358 τὴν
967 1304 1097 1358 ζωήν.
1159 1303 1184 1344 ὁ
1217 1302 1262 1345 δὲ
1294 1302 1596 1358 Κοπρώνυμος
1629 1305 1752 1350 ἐπι-8

214 1373 391 1416 σκόπων
434 1373 696 1428 ὁμοφρόνων
742 1373 860 1427 αὐτῷ
904 1372 1075 1414 πολλῶν
1121 1371 1372 1426 συναγωγὴν
1417 1373 1714 1428 ποιησάμενος,

214 1441 278 1485 ὧν
308 1446 491 1498 κατῆρχε
527 1441 756 1488 Θεοδόσιος
786 1441 811 1483 ὁ
838 1439 1021 1496 Ἐφέσου
1052 1440 1124 1482 καὶ
1145 1439 1358 1486 Παστιλᾶς
1389 1441 1413 1482 ὁ
1440 1440 1626 1496 Πέργης,
1660 1439 1712 1483 δι’

213 1510 355 1553 αὐτῶν
385 1512 412 1552 ἃ
444 1510 639 1565 ἐβούλετο
671 1509 929 1565 ἐδογμάτισε,
960 1510 1020 1564 μή
1052 1525 1162 1556 τινος
1192 1510 1218 1564 ἢ
1252 1509 1299 1550 ἐκ
1321 1508 1490 1564 Ῥώμης
1514 1514 1587 1565 τῆς
1611 1526 1713 1566 πρε-

213 1639 259 1676 13
282 1640 364 1686 περὶ
387 1644 617 1686 πατριαρχῶν
644 1639 706 1676 ΟΕ
830 1639 875 1676 15
899 1640 979 1686 περὶ
1003 1645 1063 1686 τῆς
1089 1644 1151 1676 τοῦ
1178 1639 1431 1685 Κοπρωνύμου
1456 1639 1713 1687 ἀθροισθείσης

211 1693 284 1724 τῶν
307 1688 458 1734 ἀνιέρων
482 1689 686 1724 ἐπισκόπων
711 1689 862 1724 συνόδου
890 1688 919 1725 C

284 1807 307 1844 2
331 1809 354 1855 ἣ
378 1806 547 1855 prDi,
573 1808 595 1855 ἢ
621 1807 723 1846 ACE
867 1808 890 1845 3
915 1808 1110 1855 κατήντησε
1136 1819 1210 1845 om.
1241 1807 1270 1845 C
1407 1808 1431 1844 4
1454 1808 1542 1845 εἶναι
1571 1818 1646 1845 om.
1674 1808 1710 1844 D

283 1856 306 1892 5
331 1857 508 1896 ἐπιθέντες
534 1856 563 1893 C
708 1857 730 1893 7
755 1856 802 1893 δι’
829 1856 1058 1904 BDEwpDi
1202 1857 1225 1892 8
1249 1857 1356 1893 αὐτοῦ
1383 1856 1431 1903 D,
1458 1867 1560 1893 corr.
1587 1856 1656 1895 Dw

283 1904 305 1939 9
330 1905 656 1944 θεοὸοσιουπόλεως
673 1903 736 1951 Ap
755 1904 935 1951 Theoph.
950 1905 968 1940 I
990 1916 1025 1952 p.
1041 1904 1122 1950 4⁶27,
1152 1904 1206 1950 15,
1232 1905 1523 1944 θεοὸοσοπόλεως
1541 1904 1624 1950 RW,
1651 1906 1711 1940 θε-

281 1952 527 1992 δοσουπόλεως
553 1952 589 1987 D
699 1953 746 1988 10
768 1953 955 1999 μελιτηνῆς
980 1952 1054 1988 AD
1081 1952 1261 1999 Theoph.
1288 1953 1310 1988 l.
1338 1964 1382 1998 c.,
1409 1953 1586 1999 μελιτινῆς
1611 1953 1711 1999 pr

284 1999 330 2035 12
354 2001 568 2046 συφερτώδη
596 2000 632 2036 D
772 2001 816 2036 14
839 2002 980 2047 χρόνοις
1005 2000 1105 2047 pr
1244 2001 1288 2037 15
1314 2001 1493 2047 τέσσαρσιν
1517 2000 1553 2037 Α
1580 2003 1632 2043 (ν.
1659 2001 1712 2036 ad

282 2046 379 2084 XIII
407 2049 439 2092 l,
465 2049 514 2093 5),
540 2048 698 2094 τέσσαρσι
723 2048 768 2094 R,
794 2049 928 2094 τέταρσι
954 2049 1063 2095 Ewp,
1092 2048 1246 2094 τέτταρσι
1272 2047 1329 2084 Di
1447 2049 1492 2085 16
1516 2048 1650 2095 ,πολλὴν
1674 2049 1710 2084 D

285 2096 330 2132 17
355 2096 376 2131 ὁ
402 2097 515 2143 prius
541 2107 616 2133 om.
642 2095 674 2132 B
770 2097 968 2136 Παστιλλᾶς
995 2096 1175 2142 Theoph.
1203 2096 1221 2132 I
1247 2107 1283 2143 p.
1309 2097 1391 2143 427,
1417 2097 1464 2133 32

211 2227 313 2271 cilia,
341 2226 540 2273 Calabria,
574 2226 758 2274 Graecia,
793 2228 881 2264 aliis
915 2229 1147 2275 provinciis,
1186 2238 1292 2275 quae
1318 2229 1451 2275 ipsum
1479 2238 1611 2275 usque
1636 2228 1711 2275 By-

211 2275 389 2311 zantium
432 2279 492 2312 est
515 2279 721 2322 grassata3
763 2286 811 2312 ac
846 2281 959 2312 tanta
995 2277 1071 2312 fuit
1097 2277 1353 2312 morientium
1396 2277 1624 2321 multitudo,
1666 2280 1747 2319 ut4

211 2323 344 2359 efferri
378 2333 461 2359 non
487 2327 662 2370 possent,
701 2324 772 2360 sed
799 2324 917 2370 plura
951 2334 1124 2370 corpora
1149 2325 1266 2360 simul
1299 2325 1485 2361 curribus
1524 2325 1711 2370 imposita

211 2371 492 2407 eveherentur.
543 2371 798 2418 Copronymo
826 2371 1008 2418 Chagani
1036 2373 1116 2407 filia
1142 2374 1300 2418 peperit
1325 2372 1460 2416 filium,
1498 2382 1617 2418 quem
1644 2379 1747 2415 vo-5

212 2419 321 2454 cavit
346 2418 525 2456 Leonem
552 2424 592 2456 et
617 2419 838 2466 appellavit
863 2430 1013 2466 regem,
1041 2426 1279 2456 coronatum
1309 2420 1361 2455 ab
1389 2419 1616 2465 Anastasio,
1644 2430 1711 2466 pa-

211 2466 389 2502 triarcha.
415 2467 596 2503 eiusdem
622 2468 834 2513 opinionis.

329 2513 487 2551 Potitus
522 2520 582 2551 est
608 2514 896 2552 Constantinus
934 2515 1251 2562 Theodosiupoli
1291 2519 1331 2552 et
1363 2514 1562 2559 Melitene,
1600 2515 1746 2558 undess

212 2562 343 2598 elatus
369 2563 555 2599 acerbius
581 2564 620 2599 in
647 2564 857 2600 ecelesiam
885 2566 924 2599 et
950 2564 1219 2600 orthodoxam
1246 2563 1364 2600 fidem
1390 2564 1531 2608 evasit,
1569 2563 1710 2599 edictis

213 2610 440 2656 propositis,
476 2610 623 2657 quibus
657 2611 771 2672 vulgi
805 2613 959 2647 faecem
992 2612 1032 2647 in
1068 2612 1309 2647 sententiam
1342 2621 1458 2647 suam
1494 2611 1710 2657 impietatis

213 2657 373 2703 plenam
401 2658 663 2704 pertraheret.
713 2658 830 2695 'lunc
856 2663 895 2695 et
922 2659 1154 2705 patriarcha
1179 2658 1430 2703 Anastasius,
1466 2668 1556 2694 cum
1584 2659 1745 2701 eccle-7

212 2706 296 2741 siae
330 2715 402 2751 per
435 2716 564 2742 annos
598 2707 742 2753 viginti
769 2711 962 2752 quattuor
995 2708 1115 2753 impie
1141 2707 1382 2751 insultasset,
1418 2710 1586 2742 mortem
1618 2716 1710 2742 cum

214 2753 298 2788 vita
340 2755 663 2791 communicavit.
714 2753 995 2801 Copronymus
1039 2760 1174 2791 autem
1215 2755 1349 2790 multis
1391 2755 1592 2800 episcopis
1634 2754 1746 2797 sibiss

213 2801 535 2848 suffragantibus
549 2803 793 2847 convocatis,
813 2813 985 2849 quorum
1004 2804 1193 2849 princeps
1211 2806 1297 2838 erat
1317 2802 1569 2838 Theodosius
1586 2802 1710 2848 Ephe·

213 2848 325 2884 sinus
351 2852 391 2885 et
416 2848 587 2887 Pastilas
613 2849 833 2897 Pergaeus,
867 2861 938 2897 per
965 2861 1045 2896 eos,
1084 2850 1278 2896 quiequid
1305 2850 1479 2894 volebat,
1514 2849 1708 2895 decrevit,

214 2897 375 2933 nemine
412 2897 474 2934 vel
512 2908 563 2934 ex
602 2901 738 2935 vetere
764 2898 892 2935 Roma
927 2899 1069 2935 velex
1105 2899 1192 2935 aliis
1218 2898 1458 2946 patriarchis
1483 2903 1709 2945 praesente.
