2054 3282
457 215 852 257 CONSTANTINVS
876 216 922 255 V.
949 211 1295 255 COPRONYMVS
1320 213 1437 252 REX.
1625 212 1696 251 265

197 339 309 388 ὅλως
339 341 516 389 οὐδενὸς
545 344 683 384 κακοῦ
715 339 992 396 ἀπεχόμενος,
1023 338 1095 382 καὶ
1124 337 1314 385 ποικίλος
1344 338 1408 380 ὢν
1438 336 1513 393 τὴν
1543 336 1697 379 κακίαν

196 410 268 452 καὶ
298 410 350 452 οὐ
380 411 618 466 μονοειδής.
681 410 732 452 οὗ
765 408 846 464 γὰρ
882 407 1126 464 χριστιανός,
1172 407 1251 462 οὐχ
1274 406 1437 462 Ἕλλην,
1483 406 1564 448 οὒκ
1589 405 1695 448 Ἰου-
1710 408 1734 444 2

197 479 316 526 δαῖος
346 479 568 535 ἐτύγχανεν
598 480 676 532 ὤν,
709 476 796 520 ἀλλ’
830 478 1021 533 ἀσεβείας
1051 493 1109 523 τις
1139 475 1309 518 κυκεὼν
1339 475 1411 517 καὶ
1442 475 1510 517 οἷα
1541 474 1590 517 τὰ
1620 474 1879 518 Aa-W11187

195 547 308 603 βυκά
340 548 471 604 θηρία
502 547 710 603 ἷστόρηται
740 547 927 601 φύεσθαι
954 547 1001 588 ἐκ
1021 547 1179 601 μίξεως
1200 546 1465 600 ἑτερογενῶν,
1497 543 1698 599 πολυειδῆ

159 616 268 658 ὁκαὶ
304 617 515 672 σύμμικτα
550 616 626 671 τὴν
663 616 778 658 ἰδέαν
814 615 886 657 καὶ
925 614 1000 670 τὴν
1043 614 1283 670 θηριωδίαν
1325 614 1584 669 γεννώμενα·
1629 612 1696 655 διὰ

194 689 322 727 ταῦτα
352 685 462 739 πρὸς
491 685 664 727 πάντων
694 684 909 740 μεμίσητο.

314 754 402 796 Καὶ
413 753 520 796 κατὰ
532 753 580 796 τὸ
594 753 789 808 δεύτερον
804 754 895 800 ἔτος
907 757 979 808 τῆς
991 752 1237 807 τυραννίδος
1250 752 1380 794 αὐτοῦ
1397 750 1467 806 (οὐ
1476 751 1556 806 γὰρ
1566 751 1697 806 φαίην
1710 753 1733 789 3

194 823 247 864 ἃν
277 821 501 877 βασιλείας)
536 822 836 876 ἐκστρατεύσας
866 821 973 863 κατὰ
993 821 1192 877 Ἀράβων
1212 820 1283 862 καὶ
1305 821 1349 862 ἕν
1369 825 1431 875 τῷ
1451 821 1602 875 θέματι
1622 823 1696 861 τοῦ

188 890 389 946 Ὀψικίου
421 890 657 946 γενόμενος,
691 889 742 932 οὗ
770 890 821 946 δὴ
846 891 1034 944 θέματος
1053 889 1128 945 τὴν
1149 889 1285 944 ἀρχὴν
1307 890 1331 931 ὁ
1353 888 1546 944 γαμβρὸς
1567 889 1696 931 αὐτοῦ

134 963 182 999 10
193 960 448 1015 περιέζωστο
479 959 504 1001 ὁ
525 959 848 1014 κουροπαλάτης
863 958 1162 1013 Ἄρτάβασδος,
1196 958 1444 1013 ἐπεβούλευε
1473 957 1611 1011 τούτῳ
1643 957 1695 1012 δὴ

192 1034 255 1083 τῷ
286 1028 429 1083 οἰκείῳ
460 1029 654 1083 γαμβρῷ.
716 1029 764 1069 οἵ
785 1043 827 1070 τε
854 1027 935 1082 γὰρ
956 1031 1030 1069 τοῦ
1054 1027 1194 1082 δήμου
1216 1027 1288 1069 καὶ
1310 1027 1350 1068 οἱ
1369 1031 1442 1082 τῆς
1463 1026 1733 1081 γερουσίας,4
1758 1028 1794 1064 D

193 1096 296 1139 ἀλλὰ
311 1098 453 1151 μέντοι
468 1096 539 1139 καὶ
555 1097 601 1139 τὸ
618 1096 923 1151 στρατιωτικόν,
942 1095 1283 1151 ἀπεχθανόμενοι
1298 1101 1360 1150 τῷ
1377 1095 1696 1150 Κωνσταντίνῳ,

193 1166 256 1213 ὡς
286 1167 454 1221 εἴρηται,
486 1171 547 1220 τῷ
567 1165 844 1220 Ἀρταβάσδῳ
865 1165 1096 1219 ὂρθοδόξῳ
1117 1165 1358 1220 τυγχάνοντι
1383 1164 1458 1219 τὴν
1488 1164 1698 1219 βασιλείαν

193 1235 518 1290 ἕπεψηῳίζοντο.
582 1234 707 1289 γνοὺς
737 1234 876 1276 τοίνυν
906 1233 981 1288 τὴν
1012 1233 1238 1288 ἐπιβουλὴν
1270 1233 1294 1274 ὁ
1313 1233 1599 1288 Ἀρτάβασδος
1626 1233 1733 1275 καὶὸ

134 1307 180 1344 15
194 1303 426 1358 διαλεχθεὶς
468 1308 529 1358 τῷ
571 1303 664 1358 λαῷ
702 1303 922 1346 ἐπιτίθεται
960 1307 1022 1357 τῷ
1058 1302 1380 1357 Κωνσταντίνῳ.
1450 1299 1537 1344 ἀλλ’
1579 1302 1695 1357 ἔφθη
1710 1305 1733 1340 6

195 1373 412 1427 διαφυγεῖν
443 1372 468 1414 ὁ
499 1372 803 1426 Κοπρώνυμος
833 1371 905 1414 καὶ
936 1373 994 1418 εἷς
1023 1371 1070 1413 τὸ
1095 1371 1296 1426 Ἀμόριον
1325 1374 1587 1426 προσφυγεῖν
1625 1370 1698 1413 καὶ

195 1441 543 1497 διαπεμψάμενος
577 1440 686 1495 πρὸς
723 1440 796 1484 τὸν
830 1444 904 1482 τοῦ
936 1439 1184 1483 ἀνατολικοῦ
1217 1439 1446 1496 στρατηγὸν
1476 1439 1548 1483 τὸν
1579 1439 1695 1496 Λαγ-

193 1583 236 1620 ll
263 1583 492 1624 ἐπανάστασις
517 1588 578 1620 τοῦ
601 1583 835 1631 Ἀρταβάσδου
859 1582 950 1620 κατὰ
975 1587 1036 1619 τοῦ
1061 1583 1314 1628 Κοπρωνύμου
1341 1581 1371 1620 C

261 1715 285 1751 2
308 1716 501 1761 μονοειδεῖς
528 1715 612 1762 w*p
638 1716 776 1751 invitis
802 1714 873 1750 AR
1002 1714 1027 1750 4
1051 1715 1162 1761 θηρία
1190 1726 1267 1751 om.
1293 1714 1324 1751 C
1439 1715 1636 1760 ἱστόρηνται
1663 1714 1695 1751 Ο

262 1763 285 1799 5
309 1763 511 1809 γεννώμενα
535 1762 704 1810 prDi,
732 1764 901 1810 γενόμενα
927 1762 1046 1807 ΑΒῙ),
1073 1774 1110 1798 v.
1138 1763 1190 1798 ad
1216 1763 1313 1798 XIII
1342 1763 1372 1807 1,
1395 1762 1417 1798 2
1517 1766 1611 1798 ante
1637 1762 1696 1799 διὰ

262 1810 355 1847 add.
381 1811 443 1847 καὶ
468 1810 504 1846 D
644 1812 667 1847 9
689 1810 871 1858 Ὀψικιόυ]
899 1822 936 1846 ν.
963 1810 1170 1847 Reiskium
1198 1811 1251 1846 ad
1278 1810 1411 1847 Const.
1439 1810 1694 1857 Porphyrog.

263 1859 314 1895 de
340 1859 500 1895 caerim.
527 1870 564 1905 p.
579 1858 698 1904 460,9
724 1863 764 1902 (t.
781 1858 818 1894 II
846 1870 884 1905 p.
897 1858 982 1902 497)
1095 1859 1140 1894 10
1165 1859 1395 1904 ἐπεβούλευσε
1421 1858 1457 1893 D
1584 1859 1696 1894 τούτω

263 1910 303 1942 et
328 1912 431 1943 τοῦτο
457 1917 530 1953 per
556 1907 720 1953 dittogr.
750 1907 779 1942 Ε
980 1907 1022 1942 11
1051 1912 1111 1953 τῆς
1136 1907 1319 1952 γερουσίας
1343 1906 1405 1942 καὶ
1431 1907 1467 1942 οἱ
1490 1911 1551 1942 τοῦ
1579 1907 1696 1952 δήμου

263 1954 363 2001 pr
490 1955 533 1990 13
557 1954 706 2001 εἴρηται]
733 1955 804 1991 XV
823 1955 857 1998 5,
875 1954 898 1989 2
917 1959 1019 1991 extr.
1143 1954 1189 1990 14
1213 1954 1274 1990 καὶ
1301 1964 1376 1990 om.
1392 1954 1424 1989 B
1549 1954 1592 1990 17
1618 1955 1696 2000 λαγ-

262 2002 374 2048 κηνὸν
392 2001 584 2047 ARwa,
610 2003 780 2048 λεγκηνὸν
798 2003 846 2048 D,
873 2002 1132 2039 Laueenum:
1166 2003 1233 2039 Wo
1253 2002 1320 2038 lat.
1344 2012 1483 2038 errore
1500 2013 1573 2049 pro
1592 2002 1697 2038 Lan-

263 2060 419 2095 eenum,
446 2050 601 2096 λακηνόν
627 2061 652 2097 p

191 2181 504 2218 dissectionibus
543 2185 583 2218 et
609 2183 919 2218 evocationibus
953 2183 1132 2218 manium
1159 2182 1330 2228 aliisque
1356 2182 1534 2218 infandis
1560 2182 1694 2226 rebus,

190 2229 368 2275 denique
394 2229 503 2265 nullo
530 2230 683 2266 scelere
710 2230 916 2274 abstinuit,
954 2241 1035 2267 non
1061 2231 1254 2266 uniformi
1293 2230 1364 2266 sed
1390 2230 1600 2276 multiplici
1627 2230 1694 2265 im-

190 2277 393 2323 probitate
431 2277 653 2324 praeditus.
702 2277 803 2314 Nam
847 2289 927 2314 non
955 2277 1207 2315 Christianus
1246 2281 1344 2322 erat,
1383 2288 1465 2313 non
1493 2276 1731 2324 paganus‚2

188 2335 270 2360 non
297 2324 486 2370 Iudaeus,
513 2325 585 2361 sed
611 2325 786 2361 colluvio
804 2325 1006 2372 quaedam
1022 2326 1238 2372 impietatis
1264 2326 1392 2361 instar
1407 2324 1693 2361 Africanarum

188 2373 380 2417 serarum,
420 2383 526 2419 quae
553 2384 604 2409 ex
632 2373 782 2409 diversi
809 2374 973 2420 generis
1009 2374 1118 2409 coitu
1144 2373 1411 2409 multiformes
1439 2374 1694 2418 confusaque

187 2421 323 2476 speeie
348 2424 388 2457 et
412 2421 662 2457 immanitate
699 2422 811 2457 nasci
838 2421 1120 2467 perhibentur-3
1163 2421 1356 2466 quocirca
1383 2421 1571 2457 omnibus
1606 2424 1694 2456 erat

187 2478 354 2504 invisus,

306 2515 495 2552 Secundo
523 2527 630 2553 anno
657 2517 887 2563 tyrannidis
913 2527 1012 2552 suae
1050 2517 1199 2563 (neque
1225 2517 1330 2552 enim
1359 2517 1476 2562 regni
1505 2516 1730 2559 dixerim)3

186 2563 449 2609 expeditione
474 2567 616 2600 contra
642 2564 799 2601 Arabes
835 2568 1024 2610 suscepta
1063 2574 1153 2600 cum
1181 2564 1233 2600 ad
1261 2564 1411 2611 Opsieii
1439 2564 1692 2610 provinciam

186 2612 448 2657 pervenisset,
488 2612 552 2647 eui
587 2612 824 2658 provinciae
862 2613 949 2648 eius
988 2613 1116 2647 affinis
1143 2611 1398 2647 Artabasdus
1433 2612 1692 2658 europalates

185 2662 383 2704 praeerat,
418 2659 472 2694 illi
499 2660 604 2695 affini
634 2670 708 2696 suo
735 2660 903 2696 insidias
934 2660 1129 2696 struebat.
1180 2659 1280 2695 Nam
1309 2659 1483 2705 populus
1513 2664 1552 2696 et
1578 2658 1729 2695 sena-4

184 2711 250 2742 tus
276 2710 400 2752 atque
426 2707 546 2743 etiam
563 2707 755 2754 legiones,
784 2718 886 2753 cum,
914 2712 958 2743 ut
974 2708 1125 2743 dictum
1151 2713 1222 2751 est,
1250 2707 1560 2743 Constantinum
1589 2707 1690 2744 odis-

184 2757 284 2797 sent,
311 2753 543 2790 Artabasdo
571 2759 615 2791 ut
643 2755 871 2791 orthodoxo
905 2766 1077 2801 regnum
1105 2754 1390 2791 decernebant.
1443 2754 1591 2791 Verum
1618 2754 1728 2791 Ar-5

184 2801 379 2837 tabasdus
419 2802 713 2838 animadversis
753 2802 919 2847 insidiis,
959 2803 1143 2838 oratione
1181 2803 1290 2849 apud
1319 2802 1512 2849 populum
1540 2803 1689 2847 habita,

184 2847 491 2885 Constantinum
523 2850 776 2896 aggreditur.
826 2849 906 2887 Sed
933 2851 1078 2896 effugit
1105 2850 1387 2896 Copronymus
1415 2854 1454 2886 et
1479 2849 1727 2886 Amoriumss

183 2906 227 2932 se
262 2897 430 2934 contulit
456 2898 668 2944 missisque
695 2898 840 2945 legatis
879 2898 931 2935 ad
958 2897 1205 2944 Lam-enum,
1240 2898 1504 2935 Orientalium
1532 2898 1689 2944 ducem,
