2054 3282
327 256 397 294 338
728 254 909 293 ZONAR.
935 252 1067 290 EPIT.
1092 252 1165 291 XV
1190 251 1247 300 22,
1275 251 1426 290 13-25.

268 383 313 419 13
439 378 615 433 Ἀπορίᾳ
653 377 698 419 δὲ
736 378 876 425 συζῶν
915 377 962 417 ἒκ
1000 375 1191 431 νεότητος
1230 376 1507 431 ἐστρατεύετο·
1549 377 1649 419 ποτὲ
1685 378 1822 420 τοίνυν

267 451 312 486 14
326 452 388 500 τῷ
418 446 686 500 ταγματάρχῃ
719 444 971 498 προσελθὼν
1007 444 1104 498 περί
1131 460 1204 485 του
1237 445 1387 486 ἐδέετο.
1448 449 1509 498 τῴ
1541 444 1587 486 δὲ
1618 446 1735 500 ἔτυχέ
1763 462 1822 492 τις

320 515 568 568 Ἀ’ὒίγγανος
598 513 817 568 παρεστὼς
848 513 922 553 καί
949 528 1051 567 φησι
1082 511 1190 566 πρὸς
1219 512 1291 554 τὸν
1317 512 1544 567 στρατηγὸν
1566 513 1609 554 ἒν
1631 513 1820 568 ἀπορρή-

274 588 408 628 Βτοις
438 582 509 623 τὸν
540 582 664 635 λόγον
695 581 946 635 ποιούμενος
978 581 1039 627 ὡς
1070 580 1330 635 ’Ἧασιλεύσει
1350 580 1574 635 Ῥωμαίων
1606 579 1741 635 οὗτος,
1773 581 1822 628 ὅς

267 655 310 689 15
326 667 401 691 σου
443 651 573 691 δέεται
612 650 728 690 νῦν.”
789 649 859 690 καὶ
891 650 938 695 ὃς
970 650 1115 691 αὐτίκα
1153 655 1214 703 τῷ
1250 649 1503 703 μαντεύματι
1540 650 1721 704 θέμενος
1760 651 1856 694 οἶ-5

325 722 504 759 κειοῢται
535 717 607 758 τὸν
640 717 811 771 Μιχαὴλ
843 717 914 758 καὶ
945 718 1149 772 κηδεστὴν
1179 721 1350 759 ποιεῖται
1382 717 1447 759 ε’πὶ
1477 722 1526 773 τῇ
1557 718 1747 773 θυγατρί.

266 791 310 825 16
434 786 547 839 Ἄρτι
580 785 625 826 δὲ
655 790 704 839 τῇ
737 786 940 839 αὗταρχίᾳ
963 786 1294 840 ἕπιπηδήσαντος
1314 790 1387 827 τοῦ
1409 786 1596 841 ᾹΙιχαήλ,
1629 787 1692 833 ὡς
1712 787 1818 828 ἱστό-

325 869 456 907 ρηται,
502 853 526 893 ὁ
558 853 780 906 ἱερώτατος
811 852 1064 907 Νικηφόρος
1095 854 1318 908 ὑπερόριος
1350 855 1412 896 ὢν
1444 855 1659 896 ἐπιστέλλει
1689 856 1819 910 αὐτῷ,

267 927 310 962 17
325 922 455 969 ἀξιῶν
491 921 565 975 τὴν
603 924 688 962 τῶν
725 921 901 962 εἰκόνων
939 922 1184 975 γενήσεσθαι
1223 922 1516 976 ἀναστήλωσιν.
1579 922 1604 963 ὁ
1636 922 1680 964 δὲ
1715 923 1821 978 μήτε

323 1006 358 1030 τι
389 989 705 1043 καινοτομήσειν
736 989 817 1043 ἔφη
850 989 943 1043 περὶ
974 989 1047 1044 τὴν
1077 990 1208 1030 πίστιν
1240 991 1344 1044 μήτε
1382 989 1456 1043 τὴν
1491 994 1564 1044 τῆς
1600 990 1820 1045 ἒκκλησίας
1835 999 1880 1035 10

324 1057 548 1098 ἀλλοιῶσαι
579 1057 839 1111 κατάστασιν,
873 1057 974 1099 ἀλλὰ
1005 1058 1115 1112 μηδὲ
1136 1057 1368 1112 βιάσασθαί
1385 1074 1471 1099 τινα
1493 1058 1587 1113 περὶ
1606 1063 1679 1100 τοῦ
1701 1059 1820 1101 ’θείου

41 1132 157 1169 WIII
169 1133 239 1168 110
266 1133 309 1167 18
325 1125 514 1173 δοξάζειν
544 1123 644 1179 παρ’
678 1127 702 1166 ὃ
733 1126 934 1180 βούλεται.
998 1127 1041 1167 ἒν
1072 1126 1209 1181 λόγοις
1242 1124 1278 1168 δ’
1312 1128 1445 1181 ἔμεινε
1465 1131 1611 1168 ταῦτα·
1645 1128 1697 1169 οὗ
1716 1128 1819 1182 μετὰ

322 1192 429 1234 πολὺ
461 1192 540 1247 γὰρ
572 1193 646 1247 τὴν
678 1195 852 1249 γνώμην
886 1195 1013 1242 ἔδειξε
1044 1194 1118 1249 τὴν
1150 1195 1305 1237 οἰκείαν
1336 1195 1408 1236 καὶ
1438 1195 1543 1236 κατὰ
1575 1199 1660 1238 τῶν
1687 1196 1818 1251 ὄρθο-

115 1269 307 1304 P11136A
325 1261 464 1309 δόξων
509 1262 711 1316 ἐχώρησε,
757 1262 828 1303 καὶ
870 1263 1051 1309 πολλοὺς
1095 1263 1165 1305 καὶ
1209 1264 1359 1310 ἄλλους
1403 1264 1551 1310 δεινοῖς
1589 1265 1818 1319 περιέβαλε,

321 1330 430 1384 πρὸς
460 1334 545 1375 τοῖς
576 1330 713 1376 ἄλλοις
746 1330 790 1372 δὲ
822 1331 892 1372 καὶ
923 1331 994 1373 τὸν
1024 1333 1142 1374 θεῖον
1163 1332 1385 1374 Μεθόδιον
1417 1333 1487 1374 καὶ
1518 1333 1590 1375 τὸν
1609 1338 1682 1388 τῆς
1701 1333 1818 1389 Σάρ-
1834 1342 1879 1378 15

324 1506 346 1567 ’Ξ
371 1508 435 1567 ὅσα
461 1508 481 1541 ὁ
504 1508 722 1590 πατριάρχιίἕ
740 1509 954 1554 Νικηφόρος
979 1509 1020 1544 ἐκ
1038 1515 1097 1556 τῆς
1114 1511 1301 1556 ὑπερορίας
1318 1511 1486 1546 ἐπέστειλε
1503 1516 1552 1555 τῷ
1569 1511 1734 1557 Μιχαήλ·
1759 1512 1820 1547 καὶ

323 1569 386 1590 οσα
411 1569 544 1594 εκεινος
569 1570 665 1590 ειπεν

398 1721 415 1756 1
444 1724 564 1763 συζῶν
590 1743 633 1748 -
659 1723 891 1769 ἐστρατεύετο]
919 1724 1036 1760 αὐτῶν
1060 1722 1290 1770 ἒΙστρατεύετο
1318 1723 1346 1760 C
1515 1725 1538 1760 2
1563 1739 1623 1760 του
1651 1724 1818 1771 prDi‚

395 1771 518 1805 τούτου
536 1771 573 1805 Α
673 1772 695 1806 3
721 1772 911 1817 ἀπορρήτω
931 1772 966 1806 D
1063 1773 1085 1806 5
1111 1778 1161 1817 τῷ
1178 1772 1390 1817 μαντεύματι
1408 1773 1567 1818 θέμενος,
1596 1784 1634 1808 V.
1653 1773 1705 1808 ad
1723 1773 1820 1808 XIII

393 1817 452 1861 22,
466 1818 513 1853 36
611 1819 632 1853 6
653 1818 723 1863 τὸν]
738 1825 787 1864 τῷ
805 1820 900 1865 Ewp
1000 1820 1021 1855 7
1038 1819 1225 1864 ἱστόρηται]
1241 1820 1313 1855 XV
1328 1820 1384 1864 21,
1399 1820 1443 1855 41
1460 1831 1511 1856 ss.
1608 1821 1631 1856 8
1648 1822 1820 1866 ῖερότατος

395 1865 480 1910 wssp
504 1867 642 1902 invitis
669 1866 740 1901 AR
850 1870 941 1913 post
966 1881 1091 1912 νικηφ.
1120 1867 1211 1902 add.
1239 1869 1260 1901 ὁ
1281 1868 1501 1913 πατριάρχης
1527 1868 1626 1914 pr
1653 1868 1704 1912 (v.
1732 1879 1819 1915 arg.

393 1913 446 1948 ad
474 1914 508 1948 h.
537 1915 575 1957 l.)
698 1915 719 1949 9
750 1917 844 1950 ante
869 1916 1020 1950 εἰκόνων
1047 1915 1137 1950 add.
1166 1920 1302 1950 σεπτῶν
1328 1915 1426 1961 pr
1557 1916 1723 1961 γενήσθαι
1745 1917 1750 1960 Ι
1772 1917 1819 1960 Α,

392 1961 601 2006 γενήσεσθαι
628 1961 738 2007 pr,
764 1962 923 2007 γενέσθαι
943 1961 1008 2007 Di,
1036 1974 1074 1997 V.
1093 1963 1145 1997 ad
1164 1962 1256 1998 XIV
1274 1963 1306 2007 5,
1321 1963 1343 1997 2
1443 1964 1487 1998 10
1512 1969 1763 2009 καινοτομῆσαι
1783 1964 1819 1999 D

436 2009 524 2054 μήτε
549 2009 699 2054 AR(W),
725 2010 775 2055 μὴ
803 2010 841 2044 δὲ
866 2009 914 2055 pss
1024 2011 1063 2045 11
1090 2011 1237 2056 βιᾶσθαι
1264 2011 1295 2045 Ε
1396 2011 1440 2046 13
1466 2012 1575 2052 ἔδειξε
1599 2011 1661 2057 τὴν
1686 2013 1819 2047 οἰκείαν

389 2055 469 2100 ΑΕ,
496 2057 558 2103 τὴν
574 2058 707 2092 οἰκείαν
725 2058 880 2103 ἐξήφηνε
899 2057 941 2102 Ο,
967 2057 1030 2103 τὴν
1047 2058 1180 2093 οἰκείαν
1198 2057 1237 2093 δὲ
1254 2059 1346 2103 ἔφην
1372 2058 1429 2094 Ψ*
1459 2059 1547 2103 (Wo
1566 2059 1656 2094 lah:
1683 2060 1817 2095 animo

389 2115 463 2139 Suo
493 2105 712 2144 declarato)
740 2116 764 2151 p
909 2106 1117 2150 ὄρθοόόξων
1143 2104 1392 2151 A(E)wap,
1420 2107 1544 2151 ὀρθῶν
1571 2107 1760 2152 δογμάτων
1787 2107 1818 2142 Ο

391 2151 608 2245 104Ψ7ἑολλούς
626 2171 670 2178 -·
691 2153 735 2188 15
759 2153 930 2198 μεθόδιον
957 2164 1032 2189 om.
1060 2153 1091 2188 Ε
1200 2153 1243 2188 14
1267 2153 1422 2193 πολλοὺς
1449 2154 1510 2189 καὶ
1537 2153 1585 2197 A,
1609 2155 1760 2194 πολλούς
1784 2169 1820 2189 τε

260 2354 304 2389 13
438 2355 482 2391 In
511 2356 786 2392 adulescentia
813 2367 905 2392 cum
934 2356 984 2392 ob
1012 2356 1190 2402 inopiam
1216 2356 1415 2400 militaret,
1451 2356 1669 2402 aliquando
1696 2356 1818 2392 tribu·

260 2402 304 2436 14
317 2414 411 2438 num
442 2404 552 2447 adiit,
581 2405 733 2450 aliquid
759 2405 810 2440 ab
838 2415 885 2440 eo
913 2405 1124 2450 petiturus.
1175 2405 1219 2438 Ei
1245 2404 1407 2439 tribuno
1435 2404 1597 2449 quidam
1625 2403 1818 2449 Athinga·

317 2461 394 2486 nus
432 2455 568 2487 astans
607 2452 708 2487 clam
746 2452 815 2487 “Is
855 2453 923 2497 qui
961 2453 1033 2487 tibi
1070 2462 1180 2487 nunc
1217 2452 1388 2496 supplex
1427 2451 1516 2486 est”
1551 2452 1682 2496 inquit
1716 2451 1817 2486 “ali-

259 2497 303 2532 15
318 2509 422 2543 quan
431 2500 480 2534 do
497 2500 572 2535 erit
588 2499 860 2535 Romanorum
880 2499 990 2535 rex.⁵³
1015 2499 1102 2541 Quo
1125 2501 1298 2544 augurio
1319 2499 1579 2544 comprobato
1599 2498 1663 2534 ille
1682 2500 1814 2534 statim

318 2556 405 2580 cum
434 2546 627 2582 Michaele
653 2548 964 2583 familiaritatem
993 2547 1192 2582 contrahit
1218 2547 1336 2591 eique
1361 2547 1482 2581 filiam
1509 2546 1743 2592 despondet.

259 2592 302 2626 16
435 2594 601 2629 Michael
630 2598 765 2630 autem
793 2605 881 2630 cum
909 2595 1120 2641 imperium
1154 2594 1273 2629 modo
1308 2597 1554 2639 occupasset,
1588 2597 1633 2628 ut
1666 2594 1816 2629 dictum

317 2644 386 2684 est,
414 2640 450 2677 S.
477 2642 728 2688 Nicephorus
756 2644 849 2677 exul
876 2653 948 2688 per
974 2643 1125 2678 litteras
1152 2642 1203 2676 ab
1231 2652 1278 2677 eo
1306 2642 1429 2687 petiit,
1464 2645 1509 2676 ut
1534 2642 1733 2687 imagines
1758 2652 1816 2677 re-

258 2687 302 2722 17
318 2692 574 2733 ponerentur.
626 2689 698 2726 Cui
730 2690 796 2725 ille
827 2690 1036 2735 respondit
1066 2699 1108 2725 sc
1141 2699 1274 2734 neque
1306 2690 1346 2723 in
1376 2689 1572 2734 religione
1600 2690 1815 2734 quicquam

316 2740 560 2772 novaturum
588 2747 722 2782 neque
748 2738 943 2773 ecclesiae
969 2747 1034 2773 res
1057 2740 1316 2780 mutaturum,
1343 2736 1413 2772 sed
1440 2747 1482 2771 se
1510 2747 1561 2771 ne
1586 2736 1711 2771 ullum
1733 2737 1816 2781 qui-

317 2783 407 2817 dem
435 2784 632 2819 hominem
660 2789 894 2820 coacturum
921 2795 1008 2820 esse
1035 2785 1150 2820 aliter
1171 2785 1221 2820 de
1239 2795 1283 2819 re
1305 2784 1443 2819 divina
1458 2785 1605 2819 sentire
1619 2794 1668 2818 ac
1685 2784 1815 2819 vellet.

259 2828 302 2863 18
317 2828 395 2864 Sed
423 2831 522 2865 haec
548 2832 674 2866 verba
702 2834 835 2877 fuere;
861 2843 994 2877 neque
1021 2833 1127 2867 enim
1152 2832 1277 2867 multo
1304 2834 1395 2877 post
1421 2832 1554 2866 animo
1587 2841 1660 2866 suo
1687 2831 1815 2866 decla-

317 2880 403 2911 rato
444 2879 689 2914 orthodoxos
729 2881 984 2925 oppugnavit
1015 2890 1063 2914 ac
1097 2882 1258 2925 praeter
1291 2880 1437 2914 multos
1469 2879 1568 2914 alios
1599 2879 1816 2914 crudeliter

316 2926 509 2960 tractatos
528 2924 565 2961 S.
584 2925 830 2962 Methodium
858 2938 1020 2973 quoque
1048 2929 1087 2963 et
1113 2927 1382 2974 Euthymium,
1410 2925 1595 2963 Sardium
1622 2926 1815 2973 archiepi-
