1968 3302
405 204 686 252 APOLLiNIS
713 207 930 252 STATVA.
981 203 1435 249 PATRIARCHATVS.
1629 202 1674 246 19

279 339 442 386 ’Ἁλλοις
462 355 504 379 τε
526 336 613 386 οὖν,
646 337 708 384 ὡς
729 338 897 392 εἴρηται,
919 335 1087 382 πολλοῖς
1108 333 1182 390 τὴν
1203 334 1322 376 πόλιν
1344 333 1368 376 ὁ
1388 333 1522 388 μέγας
1543 333 1671 376 Κων-
1687 336 1734 371 29

169 412 378 454 σταντῖνος
409 406 618 461 ἐκόσμησε
639 406 710 446 καὶ
731 406 936 460 πρότερον
959 403 1190 458 ἐπισκοπὴν
1211 405 1260 445 ὂν
1281 402 1327 445 τὸ
1350 402 1582 451 Βυζάντιον
1601 406 1675 457 τῆς

175 476 396 532 Θρᾳκικῆς
411 474 675 529 ςΗρακλείας,
709 474 770 520 ὥς
800 473 885 516 ὑπὸ
907 473 1104 528 Σευήρου
1137 476 1220 518 τοῖς
1241 471 1500 526 Πειρινθίοις
1525 471 1719 512 &note-B

170 545 248 587 θὲν
282 543 385 599 μετὰ
416 543 491 598 τὴν
522 543 690 591 ἅλωσιν,
725 543 787 588 ὡς
818 543 861 584 ἒν
892 546 977 589 τοῖς
1007 541 1102 595 περὶ
1133 541 1331 595 Σευήρου
1365 539 1586 594 ἱστόρηται,
1618 540 1676 586 εἷς

135 612 293 668 ὅτιμὴν
324 613 506 666 ἀνήγαγε
536 612 852 666 πατριαρχικήν,
884 616 934 666 τῇ
961 610 1223 665 πρεσβυτέρᾳ
1240 608 1384 663 Ῥώμῃ
1406 607 1455 649 τὰ
1476 608 1674 663 πρεσβεῖα

171 681 357 736 τηρήσας
379 679 446 722 διὰ
468 679 542 734 τὴν
562 680 884 734 πρεσβυγένειαν
905 680 976 721 καὶ
996 679 1043 721 τὸ
1074 678 1149 733 τὴν
1179 678 1388 733 βασιλείαν
1420 677 1582 719 ἐκεῖθεν
1610 676 1675 718 ε’ν-

170 750 309 792 ταῦθα
329 749 638 804 μετενεχθῆναι.
671 747 723 802 ἦν
746 748 791 790 δὲ
807 749 896 790 τότε
912 752 985 789 τοῦ
1003 747 1237 796 Βυζαντίου
1255 746 1482 792 ἐπίσκοπος
1498 744 1674 800 Μητρο-
1688 749 1736 785 30

171 818 310 873 φάνης
331 818 355 859 ὁ
373 818 608 871 ἱερώτατος,
631 815 722 862 υἱὸς
739 816 942 871 Δομετίου
965 817 1152 870 ἀδελφοῦ
1170 815 1351 870 Πρόβου
1373 818 1447 856 τοῦ
1468 813 1676 868 βασιλέως

171 886 410 941 γενόμενος·
450 886 579 939 ὅσπερ
621 885 672 939 δὴ
713 885 736 926 ὁ
769 885 970 940 Δομέτιος
1009 886 1054 933 ἒξ
1091 885 1277 931 ἀπιστίας
1308 885 1365 931 εἷς
1395 883 1526 925 πίστιν
1556 899 1673 938 μετε-

113 964 159 999 10
171 955 334 1010 νεχθεὶς
373 954 443 996 καὶ
484 953 550 995 διὰ
594 956 715 994 τοῦτο
758 954 833 1008 τὴν
865 954 1035 1008 Ῥώμην
1072 953 1218 1007 λιπών,
1264 953 1321 999 εἷς
1358 951 1405 994 τὸ
1443 951 1675 1001 Βυζάντιον

170 1023 432 1077 παραγέγονε
463 1022 533 1063 καὶ
565 1023 622 1068 εἷς
650 1021 724 1076 τὴν
745 1026 817 1077 τῆς
839 1023 1069 1077 ἐπισκοπῆς
1091 1022 1258 1076 ἀνήχθη
1281 1021 1511 1075 περιωπήν.
1573 1017 1672 1074 μεθ’
1687 1026 1733 1062 31

170 1093 220 1134 ὃν
267 1091 441 1147 Πρόβος
486 1091 577 1137 υἱὸς
623 1092 752 1132 αὐτοῦ
800 1091 939 1145 ἔτερος
983 1092 1039 1137 εἰς
1081 1090 1153 1132 τὸν
1197 1089 1485 1145 ἀρχιερατικόν
1528 1092 1675 1131 τοῦτον

170 1161 352 1215 ἱδρύεται
382 1161 555 1215 θρόνον,
589 1161 637 1201 ὃν
669 1159 964 1215 Μητροφάνης
996 1160 1019 1202 ὁ
1052 1159 1237 1215 ἀδελφὸς
1269 1159 1491 1207 διεδέξατο.
1689 1164 1718 1201 C

284 1229 378 1271 Ἐπὶ
413 1230 562 1271 τούτου
594 1233 667 1270 τοῦ
700 1229 1012 1283 αὐτοκράτορος
1043 1229 1115 1270 καὶ
1146 1229 1171 1269 ὁ
1193 1229 1357 1282 Ἄρειος
1386 1232 1459 1282 τῆς
1490 1227 1535 1269 ἓν
1560 1226 1716 1270 'Ake-4

111 1299 367 1352 15ξανόρείᾳ
400 1299 620 1353 ἐκκλησίας
652 1298 784 1352 ἱερεὺς
815 1298 1074 1352 ἐγνωρίζετο,
1115 1298 1265 1352 κτίσμα
1305 1297 1517 1351 τολμήσας
1548 1297 1674 1338 εἰπεῖν

171 1367 242 1409 τὸν
273 1366 365 1409 υἱὸν
395 1371 469 1408 τοῦ
501 1367 606 1409 ’θεοῦ
635 1367 706 1408 καὶ
727 1366 852 1421 λόγον
873 1367 945 1408 καὶ
966 1367 1111 1412 οὐσίας
1132 1367 1275 1420 ἑτέρας
1296 1365 1366 1407 καὶ
1388 1366 1439 1406 οὗ
1462 1364 1674 1407 συναΐόιον

170 1441 231 1491 τῷ
261 1436 397 1490 πατρί,
431 1437 510 1478 οὐκ
543 1436 668 1483 αὐτὸς
690 1436 901 1491 γεννήτωρ
923 1439 996 1491 τῆς
1017 1436 1219 1490 αἱρέσεως
1241 1435 1439 1489 γεγονώς.
1502 1436 1708 1488 πρῶτος2

169 1597 191 1633 7
215 1596 296 1642 περὶ
322 1601 383 1632 τοῦ
407 1596 508 1643 ἁγίου
535 1598 627 1639 (om.
654 1596 701 1638 E)
727 1596 996 1642 Μητροφάνους
1019 1595 1082 1633 ΟΕ
1203 1595 1250 1631 14
1273 1595 1353 1641 περὶ
1378 1600 1438 1631 τοῦ
1464 1595 1597 1642 Ἀρείου
1624 1594 1670 1640 A,

167 1645 247 1690 περὶ
264 1645 400 1690 Ἀρείου
427 1645 487 1680 καὶ
516 1650 576 1690 τῆς
603 1645 815 1686 κακοδοξίας
841 1645 948 1680 αὐτοῦ
974 1644 1063 1689 (αὐτ.
1089 1658 1172 1680 κακ.
1198 1644 1244 1687 Ε)
1272 1643 1335 1680 CE

243 1789 263 1825 1
289 1794 372 1835 γοῦν
387 1789 417 1825 Ε
499 1789 521 1824 2
546 1789 721 1835 ἕπισκοπὴ
737 1788 800 1826 CE
897 1789 920 1825 3
946 1789 1101 1835 σεβήρου
1116 1789 1158 1834 Ε,
1185 1800 1222 1824 v.
1238 1789 1290 1824 ad
1307 1800 1341 1834 p.
1359 1789 1413 1834 16,
1429 1788 1452 1824 2
1537 1788 1560 1824 4
1585 1789 1671 1824 ἱστό-

240 1837 356 1883 ρηται]
384 1837 422 1873 ῙῙ
449 1849 485 1884 p.
499 1838 581 1883 549,
595 1838 618 1873 3
692 1839 713 1873 6
739 1838 878 1873 ἐκεῖθεν
899 1837 960 1884 τὴν
977 1838 1156 1883 βασιλείαν
1181 1837 1282 1883 pr
1357 1837 1508 1873 ἐνταῦθα
1522 1836 1671 1883 Apr,

239 1886 399 1921 ἐντεῦθεν
414 1886 444 1921 Ε
541 1886 564 1921 9
589 1887 610 1920 ὅ
635 1896 710 1921 om.
727 1886 828 1932 pr
929 1887 971 1920 11
997 1886 1204 1932 παρεγένετο
1218 1885 1320 1932 pr
1421 1885 1464 1920 11
1489 1885 1670 1931 ἀνηνέχθη

241 1933 339 1980 pr
438 1935 482 1969 17
508 1934 666 1980 γενήτωρ
694 1934 741 1979 D,
770 1945 805 1970 V.
834 1934 887 1969 ad
913 1933 1009 1969 XIII
1034 1935 1103 1978 1,2

288 2083 387 2120 Aliis
405 2085 531 2131 igitur
547 2084 671 2120 rebus
691 2085 836 2130 multis,
861 2089 907 2121 ut
925 2085 1077 2123 dictum
1096 2089 1166 2131 est,
1186 2084 1476 2122 Constantinus
1495 2084 1670 2132 Magnus
1685 2084 1731 2120 29

169 2133 312 2169 urbem
349 2133 510 2168 ornavit
548 2138 587 2169 et
622 2132 875 2178 szantium‚
913 2134 1023 2179 quod
1062 2135 1174 2180 prius
1210 2133 1409 2170 Thraciae
1446 2133 1671 2170 Heracleae

170 2182 429 2228 episcopatus
463 2183 561 2225 erat,
595 2191 619 2215 a
645 2169 797 2216 Severo
828 2181 1044 2217 Perinthiis
1076 2186 1166 2228 post
1198 2182 1547 2228 expugnationem
1581 2182 1670 2217 sub-

169 2230 329 2274 iectum,
366 2232 410 2264 ut
444 2229 484 2263 in
519 2229 566 2263 iis
602 2230 859 2265 narravimus
893 2239 1000 2275 quae
1034 2231 1298 2276 exposuimus
1330 2230 1380 2265 de
1414 2229 1578 2274 Severo,
1618 2229 1670 2265 ad

170 2277 467 2323 patriarchatus
500 2276 738 2322 dignitatem
772 2278 920 2320 evexit,
955 2277 1108 2313 Romae
1140 2279 1269 2314 veteri
1301 2278 1353 2314 ob
1379 2278 1523 2313 aetatis
1551 2278 1671 2323 privi-

170 2325 321 2371 legium
348 2328 387 2360 ct
413 2325 624 2370 imperium
652 2324 746 2360 inde
765 2325 843 2360 huc
861 2326 1100 2361 translatum
1122 2327 1353 2372 principatu
1371 2326 1522 2361 relicto.
1574 2325 1671 2360 Erat
1684 2325 1731 2360 30

170 2376 304 2408 autem
343 2376 428 2408 tum
467 2371 652 2418 Byzantii
693 2373 908 2419 opiscopus
946 2372 1242 2419 Metrophanes,
1283 2374 1345 2409 vir
1383 2374 1670 2416 sanctissimus,

170 2420 275 2456 filius
301 2420 465 2456 Domitii
492 2422 632 2462 (frater
659 2421 691 2455 is
717 2424 805 2456 erat
831 2422 1086 2467 imperatoris
1112 2421 1266 2467 Probi);
1294 2422 1363 2466 qui
1390 2421 1591 2456 Domitius
1618 2431 1670 2456 ex

170 2469 376 2514 impietate
410 2468 463 2503 ad
498 2469 689 2514 pietatem
725 2469 936 2513 adductus,
973 2469 1063 2504 ideo
1096 2468 1223 2504 Roma
1255 2470 1396 2505 relicta
1428 2468 1669 2514 Byzantium

170 2526 214 2551 se
240 2516 410 2551 contulit
428 2519 466 2551 et
494 2517 535 2551 in
563 2517 822 2562 episcopatus
841 2520 1007 2552 evectus
1026 2521 1085 2552 est
1104 2517 1272 2562 apicem.
1322 2516 1419 2553 Post
1438 2526 1558 2561 quem
1575 2516 1670 2552 Pro·
1683 2517 1727 2552 31

171 2564 247 2599 bus
277 2564 378 2600 alter
405 2565 492 2600 eius
524 2564 628 2599 filius
662 2565 911 2610 pontificium
948 2565 1055 2600 hunc
1090 2564 1279 2600 thronum
1316 2564 1567 2609 conscendit3
1605 2565 1669 2600 cui

170 2611 454 2657 Metrophanes
482 2613 607 2647 frater
633 2614 836 2647 successit.

289 2660 322 2694 4.
362 2658 446 2696 Sub
473 2660 549 2694 hoc
572 2660 816 2706 imperatore
840 2659 961 2696 Arius
988 2660 1291 2696 Alexandrinae
1318 2660 1514 2696 ecclesiae
1540 2670 1669 2696 sacer-

172 2707 245 2742 dos
270 2712 391 2743 notus
417 2707 551 2752 fiebat,
578 2708 647 2753 qui
675 2711 902 2744 creaturam
929 2709 993 2744 dei
1020 2709 1146 2743 filium
1174 2711 1214 2743 et
1240 2708 1411 2744 verbum
1434 2708 1569 2744 dicere
1587 2719 1669 2743 non

172 2755 373 2790 dubitavit
406 2760 445 2791 et
481 2755 646 2791 alterius
681 2766 769 2791 esse
804 2759 976 2792 naturae
1012 2767 1087 2792 nec
1122 2757 1226 2802 patri
1263 2759 1535 2792 coaeternum.
1586 2756 1705 2792 Neci?

171 2803 257 2849 ipse
283 2806 418 2838 tamen
446 2807 588 2839 auctor
615 2803 732 2839 huius
759 2808 894 2839 sectae
913 2805 1075 2848 exstitit,
1103 2804 1344 2849 sedprimus
1363 2803 1571 2850 Origenes,
1600 2805 1668 2849 qui

172 2854 334 2897 praeter
363 2851 556 2897 plurimas
582 2851 682 2888 alias
709 2862 922 2899 perversas
950 2853 1161 2898 opiniones
1188 2852 1309 2887 etiam
1327 2852 1583 2898 unigenitum
1604 2852 1669 2887 dei

171 2897 295 2935 filium
332 2899 538 2936 conditum
572 2909 661 2936 esse
694 2904 732 2937 et
763 2911 787 2936 a
814 2903 961 2937 natura
997 2903 1167 2947 paterna
1203 2900 1408 2937 diversum
1443 2901 1666 2948 affirmavit,
