2054 3282
429 222 636 262 BASILIO
662 224 711 260 Π.
737 223 992 262 svccssm'r
1018 221 1346 261 CONSTANTIN
1350 220 1411 258 VS
1435 221 1540 258 VIII.
1661 221 1732 258 569

237 348 311 386 τοῦ
347 346 482 399 τιμίου
514 343 780 400 Προδρόμου
816 346 1009 401 κομίζων
1045 345 1175 399 αῧτῷ.
1236 343 1308 386 καὶ
1345 342 1493 386 αὐτίκα
1530 347 1676 385 τοῦτον
1707 342 1791 384 636

237 413 429 468 βασιλεὺς
457 414 718 469 πατριάρχην
751 413 1077 469 προεχειρίσατο,
1121 411 1227 455 κατὰ
1257 411 1332 468 τὴν
1362 412 1542 465 ἑσπέραν
1572 411 1732 466 ἐκείνην

237 481 308 523 καὶ
338 481 413 536 τὴν
434 481 551 536 ζωὴν
572 482 765 530 ἐκλιπών,
798 483 928 537 ζήσας
947 481 1026 536 μὲν
1046 481 1118 523 καὶ
1138 480 1385 536 βασιλεύσας
1405 479 1587 535 χρόνους
1607 479 1730 534 ἐβδο-

236 550 427 604 μήκοντα
459 550 525 592 ἐπὶ
557 551 686 604 δυσίν,
724 551 991 605 αὐταρχήσας
1022 549 1068 592 δὲ
1099 548 1164 592 ἐπὶ
1193 549 1448 604 πεντήκοντα
1479 549 1600 590 ἔτεσι·
1635 546 1733 594 τοὺς

201 621 225 658 5
239 617 319 671 γάρ
359 618 510 665 ἄλλους
547 619 835 674 συνεβασίλευε
870 624 932 674 τῷ
973 618 1110 673 πατρί,
1154 616 1237 660 εἶτα
1275 622 1338 672 τῷ
1373 617 1512 672 Φωκᾷ
1541 615 1613 658 καὶ
1642 619 1729 670 μετ’

182 743 184 746 y
239 685 397 728 ἐκεῖνον
426 691 489 741 τῷ
523 686 742 743 Thmouis..

361 754 548 810 Τέθνηκε
584 755 662 810 μὲν
699 754 776 798 οὖν
813 755 986 811 γηραιὸς
1024 755 1048 796 ὁ
1086 755 1313 802 Βασίλειος,
1355 758 1428 808 τῆς
1466 750 1504 795 δ’
1543 751 1733 802 ἐξουσίας
1749 754 2012 795 lowl11182

238 822 366 869 εὐθὺς
399 823 424 864 ὁ
455 823 614 865 ἐκείνου
646 824 850 878 σύγγονος
881 824 1115 878 ἐπελάβετο,
1159 823 1230 864 τὸν
1261 821 1578 865 Κωνσταντῒνόν
1608 822 1944 876 φημι,Ρ11228Α

237 891 393 945 μικρόν
429 908 464 933 τι
507 892 667 934 ἐκείνου
710 892 816 934 κατὰ
854 892 927 934 τὸν
962 892 1117 947 χρόνον
1154 897 1226 947 τῆς
1267 893 1382 946 ζωῆς
1425 890 1731 944 ἐλαττούμενος.

181 965 226 1000 10
238 959 442 1014 ῥᾳθύμου
475 960 520 1001 δὲ
549 961 756 1015 πεφυκὼς
784 962 920 1016 ἤθους
941 960 1011 1002 καὶ
1033 961 1249 1014 ἀνειμένου
1271 962 1297 1014 ἢ
1319 959 1389 1001 καὶ
1411 960 1468 1005 εἰς
1488 960 1571 1007 ἕξιν
1592 957 1732 1000 ἐλθὼν
1745 963 1768 999 2

238 1028 333 1082 βίου
371 1028 505 1082 ἀργοῦ
551 1027 668 1082 (οὐδὲ
699 1028 779 1083 γὰρ
811 1029 1022 1071 ἐκοινώνει
1053 1029 1169 1082 αὐτῷ
1199 1028 1407 1082 βασιλείου
1437 1026 1546 1073 τινὸς
1576 1026 1601 1067 ὁ
1632 1026 1731 1079 σύγ-

239 1111 363 1150 γονος
391 1096 619 1151 πράξεως),
657 1097 728 1138 καὶ
758 1097 1025 1152 αὗταρχήσας
1055 1097 1246 1151 τοιαύτην
1276 1095 1359 1151 εἶχε
1390 1095 1617 1149 διαγωγήν,
1659 1090 1730 1135 ὑπ’

238 1164 376 1211 ἄλλοις
405 1164 484 1219 μὲν
513 1164 587 1219 τὴν
616 1169 702 1207 τῶν
733 1169 890 1207 κοινῶν
921 1166 1121 1220 διοίκησιν
1152 1165 1344 1219 θέμενος,
1384 1163 1456 1205 καὶ
1491 1163 1649 1209 τούτοις
1680 1162 1732 1204 οὐ

238 1236 324 1279 τοῖς
354 1234 516 1276 ἑαυτῶν
552 1233 634 1288 ἤδη
673 1235 1012 1288 παρασχομένοις
1052 1234 1257 1288 δοκίμιον,
1301 1230 1388 1274 ἀλλ’
1422 1231 1621 1286 ἀνδράσιν
1653 1231 1732 1285 οὐχ

183 1305 226 1341 15
239 1301 300 1344 ὅτι
329 1305 415 1344 τῶν
445 1300 491 1343 εὖ
524 1302 771 1356 γεγονότων,
803 1300 890 1344 ἀλλ’
918 1301 1010 1344 οὐδ’
1034 1302 1259 1355 ἐλευθέρας
1290 1301 1416 1355 τύχης
1446 1300 1731 1355 τυγχάνουσιν,

239 1370 422 1418 ἐθνικοῖς
453 1370 499 1412 δὲ
529 1370 600 1412 καὶ
629 1370 689 1425 μὴ
723 1370 971 1425 δυναμένοις
1007 1371 1243 1424 ὀρθοεπεῖν,
1288 1369 1375 1411 ἀλλ’
1407 1369 1596 1423 ἀκριβῶς
1625 1368 1731 1422 βαρ-

237 1439 492 1494 βαρίζουσιν.
555 1439 712 1486 ἐκεῖνος
743 1439 789 1481 δὲ
819 1443 996 1494 τρυφαῖς
1028 1439 1235 1488 ἐξέδωκεν
1266 1437 1434 1479 ἑαυτόν·
1475 1438 1620 1492 ἥττητο
1653 1435 1768 1491 γὰρ3

237 1506 415 1562 γαστρὸς
445 1506 517 1549 καὶ
547 1507 810 1563 ἀφροδισίων
840 1507 912 1550 καὶ
943 1508 1138 1563 ἐμεμήνει
1168 1506 1262 1561 περὶ
1292 1506 1388 1553 τοὺς
1419 1505 1580 1560 κύβους
1601 1521 1642 1547 τε
1662 1504 1733 1546 καὶ

239 1661 256 1696 1
285 1660 423 1708 τελευτὴ
440 1666 502 1697 τοῦ
524 1662 695 1707 βασιλέως
712 1662 898 1708 (βασιλέως
915 1666 975 1697 τοῦ
994 1661 1035 1705 Ε,
1063 1672 1138 1697 om.
1156 1659 1200 1700 C)
1220 1661 1406 1696 Βασιλείου
1425 1658 1526 1696 ACE
1622 1658 1644 1694 7
1668 1659 1733 1703 βα-

237 1709 346 1745 σιλεία
363 1710 628 1745 Κωνσταντίνου
654 1714 714 1745 τοῦ
741 1711 831 1750 (om.
856 1709 972 1752 ACE)
997 1709 1153 1754 ἀδελφοῦ
1179 1713 1239 1744 τοῦ
1266 1708 1450 1744 Βασιλείου
1477 1706 1661 1751 (βασιλέως
1688 1705 1733 1747 Ε)

237 1756 320 1801 AR,
344 1757 500 1803 βασιλεία
525 1758 781 1793 κωνσταντίνου
806 1757 836 1792 Β
1017 1757 1062 1793 10
1086 1757 1158 1796 οἷος
1183 1756 1227 1802 ἦν
1252 1755 1289 1791 τὸ
1314 1755 1403 1802 ἦθος
1428 1756 1448 1790 ὁ
1472 1755 1734 1793 Κωνσταντῖνος

237 1804 298 1840 καὶ
323 1804 386 1851 τὴν
410 1804 589 1851 διαγωγήν
614 1805 677 1842 CE

311 1942 329 1978 1
357 1942 470 1987 τιμίου
497 1952 573 1977 om-
592 1941 621 1979 C
693 1941 716 1978 4
743 1946 833 1989 post
848 1942 1062 1988 πεντήκοντα
1080 1941 1172 1976 add.
1191 1941 1251 1976 καὶ
1267 1940 1355 1985 πρὸς
1375 1937 1532 1985 prDl'
1604 1939 1627 1973 ὅ
1653 1952 1730 1974 συν-

308 1990 510 2036 εβασίλευσε
539 1988 691 2036 EwpDi
827 1990 849 2026 6
875 1990 933 2026 τὸν
959 1992 1123 2034 τζιμισκῆ
1151 1989 1180 2024 Ε
1326 1988 1346 2023 7
1374 1993 1432 2033 τῆς
1457 1987 1615 2028 ἐξουσίας
1641 1985 1673 2021 δ’
1700 1985 1730 2020 Β

310 2038 332 2073 8
357 2037 548 2083 ἀπελάβετο
576 2037 610 2072 D
720 2037 743 2073 9
767 2038 875 2073 ἔλαττ.
902 2052 930 2073 τ.
956 2039 1052 2083 ζωῆς
1079 2036 1114 2071 D
1227 2036 1268 2071 11
1297 2040 1387 2082 post
1410 2035 1491 2080 βίου
1517 2033 1608 2069 add.
1635 2033 1734 2078 ἔρρα-

309 2085 551 2130 στωνευμένου
577 2084 611 2120 τὲ
636 2085 696 2120 καὶ
724 2085 793 2121 Ow
954 2085 1136 2131 βασιλικῆς
1163 2083 1194 2120 Ο
1327 2083 1372 2118 16
1395 2082 1446 2127 μὴ
1472 2081 1658 2127 ADEwp,
1682 2081 1732 2127 μὴ

309 2131 349 2169 δὲ
373 2132 407 2169 R
501 2133 753 2180 βαρβαριοῦσιν
779 2097 821 2169 Ῑξ
915 2134 958 2171 17
984 2133 1156 2168 ἐνέδωκεν
1181 2131 1212 2166 Β
1314 2131 1357 2166 18
1380 2128 1475 2175 παρὰ
1500 2129 1536 2164 D

237 2275 450 2312 reverendi
471 2276 679 2320 attulisset,
699 2276 763 2311 illo
779 2276 911 2312 statim
928 2275 1157 2322 patriarcha
1172 2274 1384 2319 designato
1399 2271 1571 2307 Basilius
1589 2271 1732 2307 eodem
1746 2269 1793 2306 36

240 2334 408 2370 vespere
435 2327 495 2360 est
518 2327 719 2368 mortuus,
746 2324 848 2359 vixit
867 2327 906 2359 et
924 2324 1114 2369 regnavit
1131 2332 1260 2357 annos
1278 2319 1437 2364 LXXII,
1465 2319 1574 2355 solus
1599 2328 1732 2354 rerum

239 2372 390 2417 potitus
415 2376 474 2407 est
504 2382 576 2418 per
608 2382 737 2407 annos
763 2370 807 2414 L,
850 2371 1005 2417 reliquo
1043 2374 1223 2415 tempore
1259 2368 1416 2414 collega
1451 2367 1526 2403 suit
1563 2367 1734 2413 primum

239 2420 375 2466 patris,
401 2418 548 2455 deinde
574 2419 746 2462 Phocae,
773 2423 862 2465 post
888 2418 997 2454 iilum
1023 2417 1257 2453 Tzimiseae.

362 2466 415 2502 10.
465 2466 613 2503 Basilio
649 2467 725 2502 iam
759 2477 857 2502 sene
887 2469 1055 2509 mortuo,
1094 2466 1220 2500 frater
1246 2463 1565 2500 Cossa-As-rmvs
1601 2461 1733 2497 statim

239 2514 416 2560 suscepit
447 2515 670 2560 imperium,
708 2514 774 2550 illo
808 2524 888 2549 non
922 2513 1046 2549 multo
1072 2516 1170 2548 natu
1197 2513 1337 2547 minor.
1388 2511 1463 2552 Qui
1500 2520 1590 2545 cum
1630 2508 1770 2544 esset‘..)

240 2566 387 2597 natura
429 2572 566 2598 socors
604 2566 643 2597 et
682 2561 899 2597 dissolutus
938 2562 1128 2606 vitaeque
1171 2560 1324 2595 otiosae
1367 2558 1611 2594 assuevisset
1654 2560 1734 2596 (ne-

240 2619 320 2655 que
357 2609 463 2645 enim
502 2610 627 2645 frater
664 2610 880 2655 quicquam
920 2608 1036 2644 officii
1075 2608 1177 2653 regii
1212 2617 1301 2642 cum
1335 2616 1383 2641 eo
1416 2605 1616 2641 communi
1649 2614 1734 2639 sen-

241 2657 367 2693 tentia
398 2657 607 2703 gesserat),
646 2658 765 2693 etiam
806 2666 938 2692 rerum
979 2656 1129 2701 potitus
1166 2654 1284 2690 talem
1318 2654 1426 2689 vitae
1458 2653 1654 2688 rationem
1682 2654 1734 2686 te-

242 2704 375 2747 nebat,
413 2714 547 2741 rerum
579 2704 925 2740 administratione
958 2703 1045 2738 aliis
1076 2701 1267 2737 mandata
1300 2702 1439 2747 iisque,
1478 2700 1546 2745 qui
1584 2698 1733 2734 nullam

241 2761 340 2787 suae
366 2751 587 2788 industriae
606 2753 808 2798 specimen
829 2751 1112 2797 praebuerant,
1141 2749 1367 2785 hominibus
1385 2758 1465 2783 non
1485 2747 1604 2783 modo
1624 2747 1735 2790 igno-

242 2799 401 2842 bilibus,
427 2799 498 2835 sed
518 2810 570 2835 ne
593 2800 797 2845 ingenuae
816 2798 977 2844 quidem
997 2797 1250 2841 conditionis,
1277 2795 1507 2841 gentilibus,
1534 2793 1735 2830 indisertis

243 2856 291 2881 ac
317 2846 436 2892 plane
463 2847 656 2882 barbaris.
708 2847 799 2893 Ipse
825 2857 894 2881 rex
925 2845 1201 2891 voluptatibus
1227 2844 1400 2886 indulsit,
1427 2842 1580 2878 ventris
1606 2845 1645 2877 et
1663 2840 1771 2878 Vct-3

243 2895 351 2930 neris
369 2895 625 2941 mancipium,
652 2896 876 2940 insanoque
895 2893 1029 2929 studio
1048 2893 1172 2937 aleae,
1200 2892 1355 2936 theatri,
1375 2890 1602 2927 venationis
1620 2898 1734 2925 oceu—
