2054 3282
245 190 445 229 PERSAE
463 188 879 227 PROFLIGANTVR.
931 185 1223 231 CHAGANVS,
1243 185 1460 221 AVARVM
1480 184 1601 221 DVX.
1678 183 1741 219 181

245 314 386 356 κλινον
406 313 522 367 παρὰ
546 312 765 354 Ἰουστίνου
792 311 1031 366 δομηθέντα
1063 307 1472 363 προσεπεκόσμησεν.
1535 306 1745 361 Εὐτυχίου
1762 310 1806 346 15

248 383 294 426 δὲ
331 387 406 424 τοῦ
443 383 704 437 πατριάρχου
745 381 810 423 ἐπὶ
847 381 1051 434 τέσσαρας
1089 377 1302 424 ἐνιαυτοὺς
1344 376 1391 418 τὸ
1437 377 1632 430 δεύτερον
1675 375 1747 417 τὸν

246 452 408 507 θρόνον
428 456 501 507 τῆς
522 451 780 500 Βυζαντίδος
804 449 1097 504 κοσμήσαντος
1128 447 1199 489 καὶ
1231 445 1530 493 ἐκλελοιπότος,
1561 461 1746 500 χειροτο-

247 525 370 563 νεῖται
405 521 663 575 πατριάρχης
696 520 893 565 διάκονος
923 523 995 573 τῆς
1025 517 1210 572 μεγάλης
1240 515 1461 571 ἐκκλησίας
1495 514 1691 569 Ἰωάννης
1723 514 1747 555 ὁ

211 590 481 645 ὂνηστευτής,
515 589 622 643 ἀνὴρ
645 589 878 642 ἱερώτατος.
940 586 1037 633 τοὺς
1069 584 1106 628 6⁷
1137 587 1194 632 εἰς
1224 585 1299 640 τὴν
1329 584 1520 639 βασιλίδα
1553 587 1639 625 τῶν
1668 582 1746 624 πό-
1763 586 1807 621 16

249 659 358 701 λεων
389 658 657 713 εἷσαχθέντας
689 657 988 710 δορυαλώτους
1018 655 1192 710 Πέρσας
1229 656 1415 700 ἅπαντας
1453 652 1749 707 μεταμφιάσας

250 728 274 769 ό
313 727 504 782 βασιλεὺς
538 726 874 781 μεγαλοπρεπῶς
913 725 970 770 εἵς
1006 723 1054 765 τὰ
1100 724 1230 765 οἰκεῖα
1275 723 1440 777 ἀφῆκεν
1484 720 1746 763 ἐπανελθεῖν·
1761 723 1792 759 Β

250 799 325 844 οὓς
356 796 608 842 ἀνελπίστως
640 795 680 836 οἱ
709 794 995 848 προσήκοντες
1018 792 1274 846 θεασάμενοι
1296 790 1655 845 ’ὗπερεθαύμασαν
1677 789 1749 830 καὶ
1764 793 1807 828 17

38 871 149 908 DIII
164 872 236 908 290
249 867 302 908 δι’
335 866 519 908 ἐπαίνων
549 864 621 906 τὸν
652 864 823 919 βασιλέα
860 863 1095 917 πεποίηντο.
1159 860 1224 902 ἐπὶ
1255 860 1405 901 τούτου
1436 863 1510 901 τοῦ
1541 858 1749 913 βασιλέως
1763 862 1808 898 18

189 935 274 979 1οὁ
310 934 510 990 Χαγάνος
549 934 573 976 ὁ
609 937 694 975 τῶν
725 932 918 987 Ἀβάρων
956 930 1142 986 ἀρχηγὸς
1177 930 1359 985 ᾐτήσατο
1400 929 1595 983 σταλῆναι
1632 927 1750 981 αὐτῷ

248 1003 518 1058 οἰκοδόμους,
551 1003 616 1044 ἵνα
649 1003 767 1057 αὐτῷ
799 1001 1068 1056 δομ-ήσωνται
1100 998 1280 1053 λοετρόν.
1343 998 1575 1041 σταλέντων
1608 996 1653 1039 δὲ
1682 997 1748 1050 γέ-
1766 1000 1808 1035 19

247 1088 390 1127 φνραν
419 1071 535 1126 παρὰ
567 1070 639 1113 τὸν
661 1071 871 1125 Δάνουβιν
897 1069 1168 1124 ᾠκοδόμησε,
1201 1067 1458 1122 βιασάμενος
1487 1066 1596 1120 πρὸς
1627 1069 1749 1107 τοῦτο

247 1141 413 1195 αὐτούς,
447 1142 511 1182 ἵνα
546 1138 596 1182 δι’
630 1140 759 1195 αὐτῆς
787 1138 961 1185 ἀπόνως
984 1138 1291 1192 περαιούμενος
1311 1136 1386 1191 τὴν
1408 1135 1492 1177 ὑπὸ
1514 1135 1750 1189 Ῥωμαίους

247 1211 441 1266 ληίζηται.
504 1211 549 1258 ἒξ
580 1209 765 1252 ἐθνικῶν
798 1208 842 1250 δὲ
873 1207 1040 1263 πλῆθος
1072 1208 1114 1254 ἒς
1145 1206 1333 1262 χιλιάδας
1365 1206 1534 1248 δώδεκα
1560 1204 1748 1246 συνιστά-
1762 1207 1810 1242 ‘20

249 1353 264 1388 1
293 1353 372 1398 περὶ
395 1353 614 1398 πατριάρχου
633 1352 663 1387 Ε
761 1352 783 1387 9
807 1351 886 1395 περὶ
904 1350 1070 1396 Χαγάνου
1090 1349 1131 1394 Ε,
1157 1349 1237 1394 περὶ
1255 1348 1420 1394 Χαγάνου
1439 1349 1489 1383 ὅτι
1508 1347 1642 1386 σταλεὶς
1660 1346 1749 1382 κατὰ

247 1403 400 1446 Περσῶν
424 1402 445 1436 ό
468 1402 674 1445 Μαυρίκιος
699 1400 761 1436 καὶ
792 1398 984 1445 συμβαλὼν
1015 1398 1134 1437 αὐτοῖς
1162 1397 1303 1442 ἐνίκησε
1328 1396 1388 1432 καὶ
1414 1395 1572 1442 γαμβρὸς
1598 1400 1659 1431 τοῦ
1683 1397 1748 1441 βα-

246 1450 370 1488 σιλέως
394 1449 527 1494 ἐγένετο
553 1448 594 1493 C,
619 1450 669 1483 ὅτι
696 1449 862 1494 ἐνίκησαν
888 1446 968 1486 τοὺς
994 1447 1137 1491 Πέρσας
1163 1447 1199 1481 οἱ
1217 1447 1388 1490 Ῥωμαῖοι
1416 1444 1476 1480 καὶ
1502 1443 1661 1490 γαμβρὸς
1688 1448 1748 1478 τοῦ

244 1498 419 1544 βασιλέως
443 1497 575 1543 ἐγένετο
601 1496 632 1532 Ε

319 1640 342 1675 3
366 1640 571 1685 βυζαντίδος
598 1637 745 1684 Apr,
771 1637 949 1684 βασιλίδος
975 1636 1004 1673 C
1137 1635 1375 1673 ἐκλελειπότος
1402 1633 1486 1679 w*p
1514 1633 1652 1668 invitis
1679 1632 1749 1668 AR

319 1688 342 1723 6
366 1688 536 1734 ἀχθέντας
563 1687 661 1732 pr
759 1685 997 1730 δοριαλώτους
1023 1683 1090 1728 Di,
1117 1694 1154 1718 v.
1182 1683 1232 1718 ad
1261 1682 1357 1718 XIII
1383 1682 1416 1725 8,
1443 1682 1466 1716 3
1571 1682 1594 1716 8
1620 1681 1749 1726 θεησά-

319 1750 417 1781 μενοι
445 1735 480 1771 D
592 1734 638 1770 10
663 1737 753 1780 post
779 1734 799 1767 ὁ
826 1734 937 1779 prius
965 1733 1056 1768 add.
1081 1732 1196 1777 μέντοι
1225 1730 1255 1765 Ο
1370 1731 1391 1764 ὁ
1415 1730 1585 1765 alterum
1615 1740 1690 1765 om.
1718 1729 1748 1763 Β

366 1783 562 1830 βαρβάρων
588 1782 636 1826 D,
664 1793 765 1817 corr.
794 1781 874 1821 Dw,
900 1792 936 1816 V.
965 1781 1017 1815 ad
1046 1780 1137 1815 XIV
1166 1780 1221 1823 13,
1250 1779 1294 1814 14
1408 1778 1560 1823 ἠτήσατο
1586 1777 1748 1822 σταλῆναι

321 1829 497 1877 AOEwp),
523 1831 655 1869 στείλας
672 1830 825 1875 ᾐτήσατο
843 1830 900 1865 τὸν
917 1829 1069 1875 τιβέριον
1087 1828 1249 1872 σταλῆναι
1277 1826 1307 1862 Ο
1409 1827 1450 1860 11
1478 1826 1575 1871 αὐτῷ
1602 1825 1748 1871 Alsswp,

322 1880 359 1914 οἱ
381 1878 424 1921 Ο,
451 1879 522 1914 Sed
549 1889 599 1914 ex
627 1879 663 1913 οἷ
685 1877 909 1923 δομήσωνται
936 1878 977 1912 in
1004 1876 1040 1911 D
1066 1879 1265 1911 mutatum
1293 1874 1599 1919 οἱκοὸομήσωνται

325 1927 370 1961 1‘2
395 1926 581 1973 δάννουβιν
607 1925 676 1961 BD
776 1926 830 1960 1‘2.
858 1926 903 1961 13
927 1925 1016 1970 πρὸς
1041 1930 1142 1959 τοῦτο
1168 1923 1295 1962 αὐτοὺς
1320 1921 1475 1967 AF]pr
1494 1921 1574 1960 τοὺς
1598 1923 1750 1966 τεχνίτας

323 1974 411 2019 πρὸς
437 1974 500 2020 τὴν
528 1974 687 2019 τοιαύτης
715 1974 855 2019 (ταύτης
880 1973 966 2016 BD)
992 1971 1189 2016 οἰκοδομὴν
1216 1971 1246 2007 Ο
1367 1970 1411 2005 13
1436 1970 1576 2009 ἀπόνως
1605 1969 1749 2015 AEwp,

323 2023 488 2067 εὐμαρῶς
511 2022 555 2064 R,
580 2022 695 2061 ἀδεῶς
721 2021 757 2056 D
897 2021 942 2055 14
966 2021 1114 2056 ἑθνικοῦ
1141 2019 1172 2054 Β
1315 2018 1471 2062 δώδεκα]
1497 2018 1751 2053 πεντεκαίδεκα

325 2070 505 2115 Theoph.
532 2070 549 2105 I
576 2080 611 2115 p.
631 2068 711 2113 251,
725 2069 771 2105 26
797 2068 997 2111 (Anastas.
1023 2069 1237 2113 chronogr.
1266 2068 1355 2112 trip.
1384 2077 1420 2112 p.
1442 2065 1520 2110 154,
1537 2066 1606 2108 18),
1635 2064 1750 2101 Cedr.

325 2118 342 2153 1
370 2129 405 2164 p.
425 2118 504 2161 690,
527 2117 586 2162 143
616 2118 769 2163 cogitat
795 2118 920 2163 igitur
946 2115 1214 2152 Sauerbreius
1240 2116 1261 2150 l.
1291 2126 1321 2150 c.
1350 2125 1387 2160 p.
1413 2114 1459 2150 55
1487 2113 1537 2150 de
1563 2114 1661 2149 vitio
1689 2123 1751 2149 co-

326 2165 460 2201 dicum
488 2165 689 2210 Zonarae3
718 2165 790 2201 sed
816 2175 853 2199 v.
879 2165 992 2200 B-W
1012 2166 1224 2200 comment.
1251 2163 1446 2199 Fleckeis.
1474 2173 1510 2208 p.
1538 2160 1607 2196 148
1621 2171 1671 2197 ss.

254 2311 294 2343 ct
319 2317 459 2344 senum
487 2306 755 2353 receptacula,
783 2310 821 2341 et
849 2315 1017 2340 aureum
1042 2305 1256 2340 triclinium
1285 2304 1337 2339 ab
1364 2303 1517 2339 Iustino
1545 2302 1749 2338 conditum

254 2357 372 2391 novis
398 2356 513 2391 auxit
540 2355 797 2390 ornamentis.
849 2353 1046 2399 Eutychio
1086 2352 1327 2398 patriarcha,
1368 2361 1456 2386 cum
1484 2350 1750 2396 Byzantinam
1768 2347 1812 2382 15

254 2403 390 2439 sedem
410 2413 482 2450 per
500 2402 554 2438 IV
572 2413 700 2438 annos
719 2401 942 2436 secundum
962 2403 1156 2444 ornasset,
1185 2403 1356 2443 mortuo,
1384 2398 1616 2445 patriarcha
1643 2397 1752 2444 eligi-

255 2455 320 2486 tur
345 2461 520 2497 magnae
535 2450 730 2486 ecciesiae
746 2450 942 2484 diaconus
956 2448 1130 2483 Ioannes
1147 2448 1360 2491 ieiunator,
1387 2447 1449 2482 vir
1464 2446 1751 2482 sanctissimus.

254 2499 398 2535 Persas
425 2499 607 2545 captivos
634 2499 673 2533 in
701 2498 854 2544 regiam
883 2497 1024 2531 urbem
1041 2495 1258 2542 perductos
1285 2505 1356 2531 rex
1386 2493 1752 2539 omnesmagnifice
1768 2491 1812 2525 16

255 2547 422 2583 vestitos
449 2546 610 2582 domum
637 2545 771 2581 redire
794 2545 905 2587 sivit;
933 2555 1034 2590 quoa
1061 2545 1239 2589 ipsorum
1269 2543 1432 2587 cog-nati
1461 2544 1623 2588 praeter
1640 2551 1751 2587 spem
1771 2539 1812 2574 ¹7

255 2595 475 2641 conspicati
503 2605 567 2629 ma
600 2604 653 2629 na
680 2593 1057 2629 cumadmiratione
1084 2601 1222 2637 regem
1243 2590 1537 2626 collaudarunt.
1565 2588 1751 2625 Ceterum
1768 2587 1813 2622 18

255 2643 330 2678 sub
358 2652 405 2678 eo
432 2652 530 2677 reo‘e
546 2605 778 2688 cffiaganus,
806 2640 987 2675 Avarum
1016 2639 1111 2683 dux,
1140 2639 1263 2685 potiit,
1291 2642 1336 2673 ut
1362 2638 1466 2673 fabri
1486 2638 1750 2679 mitterentur,

256 2691 322 2736 qui
343 2690 417 2725 sibi
433 2670 621 2726 baineum
637 2689 910 2725 aedificarent.
938 2687 990 2722 Iis
1004 2687 1134 2722 missis
1151 2689 1313 2732 pontem
1334 2687 1373 2720 in
1390 2685 1580 2720 Danubio
1596 2688 1753 2720 strue-rc
1769 2682 1813 2717 19

255 2738 390 2783 coegit
430 2738 604 2784 opificem
650 2741 695 2772 ut
733 2737 880 2771 flumen
921 2737 1007 2771 sine
1044 2734 1222 2781 periculo
1265 2734 1436 2769 traicere
1473 2737 1512 2768 et
1550 2732 1754 2768 Romanas

256 2786 486 2832 provincias
503 2785 684 2831 populari
702 2788 847 2830 posset.
880 2783 1105 2829 Imperator
1119 2785 1254 2818 autem
1271 2782 1493 2817 exercitum
1509 2780 1586 2815 XII
1601 2780 1752 2816 milium
1768 2779 1815 2814 ‘20

254 2833 512 2869 robustorum
553 2833 745 2868 iuvenum
787 2843 835 2866 vx
864 2831 1055 2876 gentibus
1084 2830 1229 2875 coegit,
1257 2839 1374 2875 quem
1404 2839 1454 2864 ex
1491 2839 1564 2863 auo
1591 2829 1754 2870 nomine

256 2882 429 2926 vocavit,
463 2885 501 2916 et
527 2880 733 2925 Mauricio,
762 2880 905 2915 comite
934 2879 1247 2922 so(·(l(‘1·=lt01·llm‚
1276 2877 1349 2912 iilis
1378 2877 1608 2923 praeposito
1636 2877 1754 2921 cique
