2054 3282
372 204 443 242 402
776 206 957 244 ZONAR.
986 206 1116 244 EPIT.
1143 205 1235 245 XVI
1260 208 1293 255 4,
1320 206 1471 246 24—36.

373 328 397 368 ὁ
429 328 662 383 φιλόσοφος
692 329 819 371 Λέων
855 334 916 383 τῷ
953 329 1150 384 Θεοφίλῳ
1187 330 1346 384 ἐγένετο
1384 331 1455 373 καὶ
1493 332 1755 386 εὖεργετεῖται
1796 333 1868 376 καὶ

373 397 554 451 δημοσίᾳ
587 398 794 439 διδάσκειν
824 399 1109 452 προτρέπεται,
1143 398 1225 439 εἶτα
1255 399 1326 440 καὶ
1348 399 1562 455 ἀρχιερεὺς
1582 406 1867 455 χειροτονεῖται

312 471 358 506 25
377 463 694 520 Θεσσαλονίκης.
756 466 963 512 ’θανόντος
991 467 1131 520 μέντοι
1161 471 1236 508 τοῦ
1273 466 1496 522 Θεοφίλου,
1540 469 1611 510 καὶ
1641 473 1726 511 τῶν
1756 471 1865 512 εἰκο-

370 533 573 587 νομάχων
617 534 847 587 ἀρχιερέων
890 535 1132 588 καθαιρέσει
1177 535 1522 591 ὑποβληθέντων,
1569 538 1640 578 καὶ
1679 538 1703 579 ὁ
1739 538 1866 580 Λέων

371 601 508 642 οὑτοσὶ
541 601 855 656 συγκαθήρητο,
889 603 948 643 ὅτι
978 603 1038 656 μὴ
1071 603 1191 657 τιμὴν
1221 608 1309 649 ταῖς
1339 604 1472 650 θείαις
1503 605 1655 647 εἰκόσιν
1674 606 1900 661 ἀπένεμε.5

311 676 356 711 26
369 673 514 710 τοῦτον
546 669 622 710 οὖν
653 669 677 710 ὁ
708 670 884 723 Βάρδας
916 671 1170 725 σχολάζοντα
1202 672 1397 726 εὑρηκὼς
1432 676 1517 714 τῶν
1553 674 1712 715 λοιπῶν
1748 675 1863 716 διδα-

369 738 538 778 σκάλων
555 738 742 778 ἐπέκεινα
757 739 872 786 ἔταξε
888 739 958 779 καὶ
977 740 1113 784 οὕτως
1130 739 1392 795 ἀναθηλῆσαι
1408 740 1505 787 τοὺς
1519 741 1671 795 λόγους
1684 742 1864 797 ἐποίησε,

310 813 355 848 27
369 805 438 845 καὶ
461 806 517 850 εἷς
539 806 721 847 ἐπίδοσιν
741 808 1000 860 προήνεγκεν
1022 808 1072 848 οὐ
1097 807 1162 848 διὰ
1185 812 1367 861 μακροῦ.
1429 809 1500 850 καὶ
1521 809 1618 856 τοὺς
1639 810 1797 864 νόμους
1819 811 1864 852 δὲ

368 873 464 919 τοὺς
494 874 728 919 πολιτικοὺς
760 875 965 929 ἀνηβῆσαι
996 877 1211 930 πεποίηκε,
1245 880 1405 931 φοιτῶν
1436 876 1562 924 αὐτὸς
1593 879 1650 924 εἷς
1674 878 1722 919 τὰ
1745 879 1861 921 δικα-

325 942 526 996 Οστήρια,
558 943 639 996 ἤδη
673 943 743 984 καὶ
774 948 846 997 τῆς
875 944 1036 985 τούτων
1065 945 1263 997 γνώσεως
1285 945 1435 999 σχεδὸν
1457 946 1737 992 ἐκλελοιπυίας
1756 963 1860 989 παν·
1877 952 1923 988 10

366 1011 551 1052 τάπασιν.

307 1087 353 1121 98
480 1078 538 1120 ‘H
564 1079 642 1133 μὲν
680 1079 755 1121 οὖν
791 1081 884 1135 περὶ
920 1081 993 1127 τὰς
1036 1082 1263 1136 ἐπιστήμας
1306 1082 1376 1123 καὶ
1418 1082 1467 1124 τὰ
1509 1085 1745 1139 μαθήματα
1788 1089 1861 1127 τοῦ

365 1147 517 1201 Βάρδα
562 1149 724 1203 σπουδὴ
771 1150 1017 1197 ἀξιέπαινος,
1061 1150 1108 1191 τὰ
1149 1150 1184 1191 δ’
1224 1151 1326 1191 ἄλλα
1370 1151 1442 1192 καὶ
1483 1152 1574 1194 λίαν
1616 1153 1751 1206 ψεκτὰ
1791 1154 1862 1194 καὶ
2052 1161 2054 1186 l

307 1224 352 1259 ‘29
365 1216 639 1258 κατάπτυστα.
701 1222 774 1258 τοῦ
808 1217 887 1271 γὰρ
919 1219 1033 1271 ἱεροῦ
1058 1218 1280 1260 Μἐθοδίου
1308 1220 1374 1274 ἔτη
1407 1220 1482 1274 τὴν
1513 1221 1735 1275 ἐκκλησίαν
1766 1222 1860 1263 ἰθύ-

306 1293 354 1328 30
365 1300 512 1330 ναντος
533 1301 609 1322 *²*ss
631 1285 700 1327 καὶ
722 1285 830 1338 πρὸς
851 1286 923 1331 τὰς
945 1287 1104 1333 ἀϊδίους
1133 1288 1409 1341 μεταστάντος
1437 1290 1586 1343 μονάς,
1619 1290 1643 1331 ὁ
1672 1290 1861 1345 μοναχός
1876 1293 1920 1328 15

358 1352 552 1407 Ἰγνάτιος
582 1359 654 1408 τῆς
686 1354 906 1409 ἐκκλησίας
936 1356 1130 1410 προέστη,
1169 1357 1216 1401 ὃς
1247 1357 1503 1412 θυγατριδῆς
1532 1358 1610 1412 μὲν
1640 1357 1693 1412 ἦν
1723 1358 1859 1413 Νικη-

366 1512 411 1547 14
434 1513 514 1558 περὶ
539 1519 765 1559 πατριαρχῶν
790 1514 891 1550 ACE

437 1669 454 1702 1
482 1667 573 1702 λέων
600 1678 675 1703 om.
695 1665 723 1702 C
746 1668 812 1702 Wo
832 1667 896 1702 lat.
994 1667 1016 1702 3
1042 1668 1274 1713 θεσαλονίκης
1302 1667 1387 1712 (sic)
1413 1667 1448 1703 A
1545 1669 1792 1715 οἶκονομάχων
1810 1669 1857 1715 Ι),

438 1726 539 1750 corr.
555 1715 635 1759 Dw,
650 1725 687 1750 V.
702 1715 754 1749 ad
768 1715 857 1749 XVI
874 1715 907 1756 4,
922 1716 968 1750 36
1053 1716 1075 1750 5
1089 1716 1217 1750 οὑτωσὶ
1235 1715 1377 1761 W³¹⁷pDi
1391 1717 1527 1751 invitis
1543 1717 1612 1752 AR
1697 1718 1859 1762 ἀπένειμε

435 1763 565 1808 BEwp
664 1763 684 1798 7
703 1763 920 1807 ἀναθηλῆσαι
940 1763 1021 1806 AR,
1039 1763 1228 1808 ἒνανθῆσαι
1248 1763 1296 1806 D,
1314 1764 1531 1809 ἀναθαλῆσαι
1549 1765 1634 1811 W²³‘p
1729 1766 1752 1801 8
1774 1780 1857 1810 προ-

435 1811 588 1856 ήνεγκαν
614 1810 658 1852 Β,
684 1811 830 1855 ἤνεγκεν
856 1810 891 1844 D
1007 1812 1028 1845 9
1055 1811 1092 1845 τὸ
1120 1811 1347 1855 δικαστήριον
1374 1811 1404 1845 B
1520 1813 1564 1847 10
1589 1815 1679 1858 post
1707 1813 1775 1858 ἤδη
1803 1814 1858 1848 di-

435 1859 575 1894 stinxit
600 1857 630 1892 B
728 1858 980 1897 ἐπιλελοιπυίας
1007 1858 1036 1894 C
1143 1859 1360 1894 παντάπασιν
1386 1870 1460 1894 om.
1489 1859 1517 1895 C
1628 1860 1682 1895 14.
1711 1861 1754 1896 15
1780 1862 1857 1896 ἰθύ-

432 1919 554 1944 ναντος
574 1932 693 1941 .....
712 1906 771 1940 καὶ
797 1905 841 1949 A,
869 1906 1053 1945 ἵῦύναντος
1072 1932 1389 1942 ............
1410 1906 1449 1947 C,
1477 1908 1660 1946 ἴθύναντος
1685 1908 1745 1943 καὶ
1771 1909 1856 1944 Sine

434 1954 564 1999 spatio
591 1954 763 1988 lacunae
790 1953 834 1997 R,
860 1953 1044 1992 ι’-θύναντος
1070 1955 1216 1998 τέσσαρα
1241 1955 1301 1989 καὶ
1328 1953 1505 2000 prDi3
1532 1955 1693 1990 videtur
1720 1959 1855 1991 autem

434 2003 497 2035 vir
523 2001 687 2046 quidam
723 2001 866 2036 doctus
892 2000 1142 2046 Byzantinus
1169 2003 1316 2046 τέσσαρα
1342 2005 1413 2036 aut-
1439 2012 1491 2037 ex
1519 2001 1631 2038 Cedr.
1666 2003 1854 2049 (Scylitz.)

434 2048 472 2084 II
498 2060 534 2094 p.
563 2049 641 2092 171,
669 2049 714 2084 ‘23
752 2053 823 2083 aut
858 2059 908 2083 ex
949 2049 1124 2094 quodam
1166 2050 1351 2095 catalogo
1391 2050 1711 2095 patriarcharum
1745 2051 1855 2086 addi-

434 2097 550 2140 disse,
578 2107 615 2131 ν.
634 2096 725 2132 XVI
753 2096 808 2140 15,
835 2097 867 2131 7.
894 2096 1006 2132 XVII
1031 2097 1064 2141 9,
1079 2097 1125 2132 34
1224 2098 1267 2131 16
1293 2097 1502 2142 θυγατριδὰς
1520 2097 1555 2132 D
1583 2100 1641 2140 (ut
1667 2098 1854 2144 videtur),

431 2145 666 2190 ’θυγατριδοῦς
691 2143 759 2182 Dw
787 2144 900 2180 Cedr.
929 2143 1117 2190 (Seylitz.)
1142 2144 1180 2179 II
1206 2156 1243 2190 p.
1265 2145 1342 2187 172,
1370 2145 1401 2189 2,
1430 2156 1466 2180 V.
1493 2145 1583 2180 XIV
1612 2146 1641 2189 1,
1667 2146 1712 2181 29

360 2307 435 2343 hoc
468 2308 551 2343 Leo
591 2307 852 2353 philosophus
892 2307 1112 2353 Theophilo
1151 2308 1326 2342 innotuit
1365 2310 1404 2342 et
1441 2307 1646 2343 beneficiis
1684 2308 1853 2344 affectus

360 2355 520 2401 publice
559 2355 705 2391 docere
744 2357 877 2391 iussus
915 2359 994 2399 est,
1038 2358 1130 2400 post
1167 2356 1286 2390 etiam
1325 2355 1635 2390 Thessalonicae
1670 2356 1852 2400 pontifex

300 2401 345 2436 25
360 2403 599 2439 declaratus.
650 2402 797 2438 Verum
818 2402 1038 2448 Theophilo
1066 2406 1234 2446 mortuo,
1260 2404 1366 2438 inter
1395 2406 1550 2438 ceteros
1569 2403 1852 2439 iconomachos

359 2452 568 2496 pontifices
606 2451 668 2485 hic
704 2461 867 2495 quoque
893 2450 976 2486 Leo
1016 2450 1067 2485 ob
1106 2450 1298 2485 honorem
1336 2450 1461 2485 sacris
1498 2451 1743 2495 imaginibus
1769 2462 1853 2486 non

299 2496 345 2530 26
360 2499 536 2534 delatum
575 2509 624 2533 ea
663 2498 861 2543 dignitate
899 2501 959 2533 est
994 2499 1188 2544 privatus.
1250 2498 1369 2532 Hune
1405 2498 1530 2543 igitur
1569 2497 1721 2533 Bardas
1760 2509 1850 2534 eum

359 2546 483 2582 otium
523 2549 711 2591 agentem
750 2546 988 2588 invenisset,
1027 2546 1170 2581 ceteris
1206 2546 1409 2590 magistris
1446 2546 1682 2590 praeposuit
1720 2549 1759 2581 et
1795 2547 1851 2582 ita
2049 2580 2051 2591 2

358 2595 502 2639 effecit,
539 2597 584 2629 ut
609 2594 766 2629 litterae
803 2594 1108 2629 reflorescerent
1141 2593 1373 2639 exiguoque
1399 2597 1580 2638 tempore
1604 2594 1851 2631 incrementa
2043 2598 2052 2638 ς

298 2637 343 2675 27
358 2645 560 2686 caperent.
610 2641 720 2676 Idem
747 2642 867 2677 etiam
893 2641 1004 2686 leges
1030 2641 1177 2684 civiles,
1213 2651 1385 2685 quarum
1412 2642 1588 2685 cognitio
1615 2642 1695 2676 iam
1720 2653 1850 2688 paene
2047 2639 2052 2682 ἶ

358 2690 519 2724 omnino
547 2689 812 2733 obsoleverat,
839 2689 1059 2732 revocavit,
1087 2698 1177 2723 cum
1203 2689 1288 2733 ipse
1314 2689 1464 2723 iudicia
1490 2690 1776 2733 frequentaret.
2046 2689 2053 2721 ῖῖ

297 2735 344 2769 28
476 2736 534 2772 Ob
574 2736 684 2781 quod
722 2736 1023 2781 disciplinarum
1061 2739 1100 2771 et
1137 2737 1373 2771 eruditionis
1411 2736 1587 2771 studium
1625 2740 1670 2771 ut
1695 2736 1849 2772 Bardas

357 2783 476 2818 laude
509 2784 658 2828 dig-nus
689 2787 759 2828 est,
798 2785 855 2818 sic
882 2784 932 2819 ob
959 2784 1038 2819 alia
1064 2793 1188 2829 supra
1213 2784 1375 2818 modum
1404 2784 1695 2828 vituperandus
1720 2787 1760 2820 et·
1785 2785 1849 2821 de-

296 2829 343 2864 29
357 2831 573 2876 spuendus.
623 2831 724 2867 Nam
752 2841 842 2866 cum
861 2830 899 2867 S.
917 2831 1142 2867 Methodius
1169 2832 1339 2866 eeclesia
1366 2842 1437 2877 per
1463 2841 1591 2866 annos
1609 2843 1684 2865 *ae*
1703 2832 1849 2877 guber—

297 2877 344 2913 30
357 2881 452 2913 nata
479 2879 518 2913 in
546 2879 740 2914 caelestes
765 2880 994 2915 mansiones
1020 2880 1244 2924 migrasset,
1271 2878 1456 2925 Ignatius
1482 2879 1713 2925 inonachus,
1740 2880 1848 2926 regis
