2054 3282
353 233 424 271 628
730 232 912 272 ZONAR.
938 232 1068 271 EPIT.
1096 232 1206 271 XVII
1232 232 1289 280 23,
1317 234 1466 272 19—33.

353 356 426 403 τὰς
457 357 702 411 Βλαχέρνας
741 357 903 404 ἀνοῖξαί
939 357 978 397 οἱ
1014 356 1087 402 τὰς
1122 357 1256 403 πύλας
1287 357 1406 411 ἠξίου
1438 356 1535 403 τοὺς
1566 357 1700 412 ἔνδον,
1740 358 1845 400 ὑπο-

311 427 514 480 Οσχέσεσι
556 426 728 470 τούτους
770 424 878 477 πρὸς
920 424 994 479 τὴν
1037 427 1187 479 πρᾶξιν
1229 426 1580 479 παραθαρρύνων
1623 426 1846 481 λαμπραῖς.

294 499 341 533 20
353 497 438 535 τῶν
483 494 527 535 δὲ
566 493 666 548 μηδ’
708 493 1073 547 ἐπιστρεφομένων
1117 494 1257 541 αὐτοῦ,
1302 493 1404 534 ἀλλὰ
1448 495 1519 535 καὶ
1562 494 1849 549 χλευαζόντων

295 568 336 602 21
354 562 423 603 καὶ
444 561 552 616 πρὸς
574 562 732 602 ἐκεῖνον
754 561 1134 611 ἀποσκωπτόντων,
1165 563 1360 617 ἐπεχείρει
1381 568 1430 618 τῇ
1451 564 1679 619 προσβολῇ.
1741 564 1847 605 ἀντι-

353 631 621 684 παρετάττετο
661 628 705 669 δὲ
737 628 808 669 καὶ
839 629 863 670 ὁ
894 630 1085 684 βασιλεὺς
1122 632 1388 685 στρατιώταις
1428 632 1578 686 ὀλίγοις
1618 631 1688 672 καὶ
1733 632 1884 686 ὄχλῳῦ

355 698 570 752 δημοτικῷ
608 698 681 738 καί
714 713 813 738 τισιν
851 698 989 745 ἄλλοις
1029 700 1227 754 ἀνδράσιν
1259 701 1382 741 ἐνίων
1412 704 1496 742 τῶν
1527 706 1599 755 τῆς
1631 701 1849 755 γερουσίας

352 766 649 820 θεραπεύουσι,
693 769 778 806 τῶν
816 766 986 808 πάντων
1022 768 1114 809 οὐδ’
1153 769 1209 814 εἷς
1248 769 1402 823 ἀκριβῆ
1441 769 1850 823 συναριθμουμένων

294 841 340 876 22
353 834 572 888 χιλιοστύν·
619 834 689 875 καὶ
719 834 891 880 τούτους
921 835 1006 889 πρὸ
1036 840 1109 877 τοῦ
1141 836 1366 891 περιβόλου
1399 838 1551 891 στήσας
1581 842 1654 892 τῆς
1684 837 1849 883 πόλεως

354 903 663 956 ἄντιμετώπους
699 907 783 948 τοῖς
818 907 892 944 τοῦ
929 904 1134 958 τυράννου
1174 906 1280 958 ᾠέτο
1321 906 1595 960 καταπλήξειν
1632 905 1772 952 αὐτοῖς
1801 905 1848 947 τὸ

295 975 341 1010 23
354 971 585 1012 ἀντίπαλον.
646 971 718 1012 καὶ
739 971 864 1017 αὐτὸς
891 972 935 1013 δὲ
967 972 990 1013 ὁ
1023 973 1298 1027 αὐτοκράτωρ
1330 974 1374 1014 ἔν
1404 990 1476 1015 τινι
1506 977 1590 1015 τῶν
1621 974 1848 1028 βασιλικῶν
1864 981 1910 1016 10

304 1038 564 1092 Βθαλάμων
602 1039 936 1094 προβεβλημένῳ
974 1044 1058 1082 τῶν
1097 1041 1234 1082 ἄλλων
1272 1041 1343 1082 καὶ
1380 1042 1446 1082 ἐπὶ
1476 1041 1521 1083 τὸ
1553 1042 1637 1096 πρὸ
1668 1047 1741 1097 τῆς
1770 1043 1848 1084 πό-

353 1107 460 1153 λεως
496 1107 772 1161 ἐστραμμένῳ
810 1108 953 1149 πεδίον
990 1109 1180 1164 καθῆστο
1224 1110 1462 1164 βασιλικῶς,
1507 1109 1556 1169 ἵν’
1596 1110 1715 1165 ὁρῴη
1753 1111 1850 1157 τοὺς

295 1181 342 1216 24
355 1176 564 1220 ἐναντίους
606 1175 678 1216 καὶ
721 1175 860 1229 ὁρῷτο
904 1177 1053 1222 αὐτοῖς.
1117 1178 1156 1225 οἱ
1200 1177 1244 1218 δὲ
1288 1177 1537 1224 ,Μακεδόνες
1580 1179 1851 1234 βωμολοχίας

355 1244 469 1289 ὄντες
501 1243 664 1291 ἐθάδες,
708 1244 864 1289 ἰδόντες
895 1244 966 1285 τὸν
1004 1246 1185 1299 βασιλέα,
1231 1247 1271 1287 οἳ
1299 1246 1378 1300 μὲν
1409 1247 1601 1302 ἄντικρυς
1633 1248 1851 1302 ἐξύβριζον

355 1313 411 1358 εἷς
450 1312 590 1365 αὐτόν,
635 1313 675 1353 οἷ
712 1312 757 1353 δὲ
794 1313 866 1354 καὶ
901 1313 1058 1367 χοροὺς
1089 1318 1355 1361 συνιστῶντες
1385 1315 1490 1370 μέλη
1524 1316 1565 1357 τέ
1594 1331 1681 1356 τινα
1714 1316 1847 1370 σχεδι-
1866 1324 1910 1359 15

149 1389 338 1425 W111201
355 1381 522 1429 άζοντες
552 1381 787 1435 κωμῳδίας
819 1382 1037 1435 ὠρχοῦντο
1069 1382 1139 1423 καὶ
1169 1382 1275 1438 ᾖδον
1310 1387 1451 1438 ταῦτα,
1495 1388 1579 1430 τοῖς
1610 1383 1732 1426 ποσὶν
1763 1385 1848 1426 ἐπι-

295 1458 341 1493 25
354 1453 600 1503 κροτοῦντες
621 1449 695 1503 τὴν
717 1454 805 1504 γῆν.
869 1450 951 1491 εἶτα
973 1455 1057 1496 τοῖς
1083 1452 1166 1499 ἔξω
1197 1455 1271 1492 τοῦ
1302 1452 1462 1506 τείχους
1492 1453 1851 1507 προβεβλημένοις

354 1518 581 1572 βασιλικοῖς
610 1518 763 1572 μοίρας
792 1517 901 1564 τινὸς
932 1519 1192 1574 ἐπελθούσης
1222 1523 1307 1561 τῶν
1339 1521 1547 1575 ἐναντίων,
1594 1521 1634 1562 οῖ
1669 1521 1748 1575 μὲν
1784 1520 1850 1562 ἐπὶ

354 1585 426 1631 τὰς
446 1586 581 1631 πύλας
601 1586 821 1640 ὥρμησαν,
857 1587 897 1628 οἱ
918 1584 955 1628 δ’
980 1587 1044 1628 ἐπὶ
1064 1587 1138 1641 τὴν
1164 1588 1327 1643 τάφρον
1359 1589 1572 1631 ἐνέπιπτον
1602 1589 1673 1630 καὶ
1704 1589 1847 1630 ἀπώλ-

296 1665 342 1699 26
355 1655 486 1696 λυντο.
548 1659 747 1696 τοσοῦτον
779 1655 816 1696 δ’
850 1656 977 1696 ἅπασι
1008 1655 1054 1697 τὸ
1087 1656 1182 1702 δέος
1213 1657 1373 1711 ἐγένετο
1387 1658 1517 1699 -.ὥστε
1554 1658 1650 1704 τούς
1687 1674 1730 1698 τε
1765 1662 1849 1704 τοῖς
1863 1667 1911 1702 20

430 1782 448 1815 1
475 1781 576 1826 ἠξίου
595 1780 762 1827 prDi,
781 1782 904 1827 ἠξίουν
921 1780 957 1816 Α
1054 1783 1076 1817 2
1095 1783 1269 1828 λαμπραῖς
1286 1784 1544 1828 ἐκκαλούμενος
1562 1784 1625 1820 BC
1721 1784 1745 1819 4
1762 1785 1851 1819 ἀντι-

427 1830 653 1873 παρετάττετο
679 1828 847 1874 prDi‚
874 1830 1178 1875 ἀντεπαρετάττετο
1204 1830 1271 1866 ΑΒ
1427 1833 1446 1867 7
1473 1833 1666 1876 θεράπουσι
1692 1831 1851 1878 prDl'

476 1878 744 1921 συναριθμένων
771 1877 818 1921 D,
844 1877 1118 1922 ἀριθμουμένων
1148 1879 1176 1915 C
1305 1881 1327 1914 8
1352 1880 1529 1925 χιλιοστύν
1554 1878 1722 1925 prDi,
1747 1881 1851 1925 χιλιο-

428 1924 512 1969 στήν
531 1928 570 1959 et
588 1925 687 1959 -στύν
706 1935 778 1969 per
798 1925 961 1971 dittogr.
980 1925 1026 1969 A,
1052 1927 1228 1972 χιλιοστήν
1247 1926 1282 1961 D
1381 1928 1402 1962 9
1428 1934 1497 1966 τοῖς
1526 1938 1600 1963 om.
1616 1927 1651 1961 D
1749 1942 1851 1963 κατα-

426 1972 548 2017 πλήξει
575 1972 612 2006 D
727 1973 771 2007 lO
796 1987 826 2006 τι
852 1973 895 2017 Β,
923 1984 1023 2009 corr.
1050 1974 1113 2011 Bw
1232 1975 1271 2009 ll
1300 1975 1348 2019 τὸ]
1377 1981 1426 2020 τῷ
1455 1975 1490 2009 D
1609 1975 1653 2010 12
1677 1976 1788 2010 πεδίω
1816 1975 1850 2009 D

429 2020 474 2055 15
499 2021 571 2055 τίνα
597 2019 849 2102 W*p1i)nvitis
875 2021 946 2056 AR
1069 2023 1112 2057 18
1136 2023 1320 2068 βασιλικῆς
1345 2023 1415 2057 BD
1535 2023 1578 2058 19
1604 2023 1789 2058 ἀνέπιπτον
1815 2023 1850 2057 D

428 2068 475 2102 20
499 2074 568 2107 τοῖς
596 2079 670 2103 om.

298 2187 345 2223 20
358 2188 580 2222 tationibus
617 2188 809 2223 invitatis.
861 2188 936 2230 Qui
976 2199 1065 2224 cum
1105 2199 1196 2224 eum
1236 2193 1275 2225 et
1313 2190 1579 2235 neglegerent
1614 2200 1779 2236 prorsus
1811 2193 1851 2226 et

298 2235 342 2270 21
359 2235 590 2270 deriderent
617 2240 655 2270 et
681 2235 857 2271 dicteriis
875 2237 1134 2280 incesserent,
1162 2239 1507 2283 oppugnationem
1531 2239 1712 2273 instituit.
1761 2238 1850 2274 Rex

359 2293 456 2318 vero
491 2293 581 2317 cum
614 2284 754 2328 paucis
787 2284 978 2319 militibus
1014 2285 1254 2330 urbanaque
1285 2286 1540 2321 multitudine
1576 2289 1614 2321 et
1647 2285 1734 2321 aliis
1767 2287 1850 2331 qui—

358 2330 529 2365 busdam
557 2331 663 2375 viris,
691 2335 855 2366 senatus
883 2332 1084 2376 ministris,
1111 2334 1179 2377 qui
1204 2343 1341 2368 omnes
1367 2334 1436 2367 vix
1463 2334 1689 2368 milliarium
1715 2344 1850 2369 nume-

298 2379 344 2414 22
358 2388 447 2412 rum
486 2378 716 2423 explebant,
759 2379 1034 2414 defensionem
1072 2383 1200 2425 parat.
1253 2380 1361 2422 Quos
1400 2391 1490 2415 cum
1528 2392 1600 2426 pro
1638 2382 1849 2416 moenibus

358 2426 521 2469 tyranni
559 2425 750 2462 militibus
789 2427 1054 2472 opposuisset,
1093 2429 1264 2473 putabat
1301 2438 1343 2463 se
1378 2431 1571 2463 terrorem
1603 2428 1848 2463 adversariis

299 2474 632 2519 23incussurum3
676 2476 799 2519 atque
839 2476 925 2519 ipse
963 2475 1181 2520 imperator
1219 2476 1258 2510 in
1299 2476 1473 2520 quodam
1511 2476 1624 2521 regio
1665 2476 1848 2511 conclavi

358 2521 612 2566 prominente
652 2524 746 2556 ante
785 2525 920 2557 cetera
959 2527 997 2557 et
1035 2526 1242 2568 spectante
1280 2523 1331 2557 ad
1362 2533 1547 2568 campum
1580 2530 1673 2558 ante
1705 2524 1847 2558 urbem

360 2569 478 2603 situm
518 2579 590 2614 pro
629 2569 838 2604 maiestate
877 2570 1055 2615 sedebat,
1095 2573 1140 2605 ut
1173 2571 1306 2605 hostes
1339 2574 1522 2606 cerneret
1548 2575 1587 2606 et
1615 2577 1848 2606 cerneretur

298 2618 345 2653 24
359 2617 410 2650 ab
446 2616 503 2650 iis.
554 2615 796 2652 Macedones
831 2627 928 2652 vero
964 2618 1194 2653 scurrilitati
1230 2619 1377 2653 assueti
1415 2622 1673 2663 conspectum
1710 2629 1848 2664 regem

358 2664 503 2709 partim
531 2664 662 2709 palam
691 2665 941 2700 contumeliis
967 2666 1282 2709 insectabantur,
1321 2666 1466 2710 partim
1497 2667 1627 2701 choris
1658 2667 1848 2701 institutis

359 2711 531 2746 comicas
565 2711 761 2756 quasdam
795 2712 1016 2748 cantilenas
1049 2723 1099 2747 ex
1132 2717 1312 2758 tempore
1344 2714 1544 2748 canebant
1577 2717 1616 2748 et
1647 2714 1848 2749 saltabant

299 2761 344 2795 25
359 2759 530 2804 pedibus
556 2762 704 2793 terram
731 2760 948 2804 pulsantes.
998 2760 1100 2795 Tum
1128 2761 1304 2795 immissa
1329 2761 1501 2795 hostium
1529 2761 1692 2796 cohorte
1718 2762 1758 2796 in
1790 2772 1848 2796 re-

359 2807 459 2852 gios,
488 2807 554 2851 qui
583 2809 699 2842 extra
726 2808 884 2842 moenia
912 2808 1055 2843 obiecti
1085 2811 1211 2851 erant,
1242 2808 1421 2843 homines
1449 2810 1592 2853 partim
1620 2809 1672 2843 ad
1699 2813 1846 2854 portas,

359 2855 505 2899 partim
537 2854 589 2888 ad
621 2855 750 2890 fossas
783 2856 977 2901 compulsi
1008 2859 1113 2900 sunt,
1152 2857 1192 2890 in
1218 2866 1319 2901 quas
1350 2857 1602 2901 praecipitati
1629 2857 1847 2902 perierunt.

300 2903 346 2938 26
360 2901 448 2944 Qua
474 2912 517 2936 re
543 2904 657 2937 tanta
684 2903 854 2939 formido
883 2903 1067 2939 omnibus
1094 2904 1266 2949 incessit,
1301 2906 1345 2939 ut
1371 2904 1490 2939 etiam
1517 2904 1554 2950 ii,
1583 2905 1650 2951 qui
1677 2905 1717 2939 in
1743 2914 1846 2940 moe-
