2054 3282
372 267 442 306 304
783 267 963 308 ZONAR.
991 265 1120 306 EPIT.
1149 265 1221 308 XV
1247 267 1303 316 14,
1330 271 1457 309 9-19.

372 392 497 432 [θέντα
538 392 608 432 καὶ
645 392 794 438 πίστεις
835 392 1041 437 ἀπαθείας
1081 389 1180 444 παρ’
1215 393 1344 434 αὐτοῦ
1382 393 1577 448 εἰληφότα
1608 396 1798 451 μοναχόν
1828 413 1869 438 τε

373 460 595 514 γενόμενον
626 460 697 501 καὶ
728 461 784 505 εἰς
815 460 888 513 τὴν
917 464 1044 514 νῆσον
1066 460 1139 514 τὴν
1160 460 1386 515 λεγομένην
1407 460 1595 516 ΙΪρώτην
1618 464 1868 517 διαπεραιω-

372 528 512 580 θέντα,
546 528 654 568 ὅπου
687 527 738 581 ἧν
762 528 1009 581 δειμάμενος
1030 530 1324 583 μοναστήριον,
1357 530 1512 576 στείλας
1533 532 1728 585 κρυφίως
1748 534 1869 582 τινάς,

372 595 434 641 ὡς
466 596 605 636 δοκεῖν
636 596 886 648 ἀγνοοῦντος
918 596 1046 637 αὐτοῦ
1078 598 1320 651 πεπρᾶχθαι
1349 597 1395 639 τὸ
1418 599 1552 652 ἔργον,
1586 600 1776 655 ἐστέρησε
1797 605 1869 643 τοῦ

326 663 516 718 Βφωτός
555 663 624 704 καὶ
665 663 882 704 λυπεῖσθαι
927 664 1218 718 ἐσχηματίζετο
1264 666 1333 706 καὶ
1378 667 1593 720 ἐξώμνυτο
1637 669 1905 723 ἀμέθεκτοςὸ

314 738 359 773 10
372 731 471 773 εἶναι
510 735 582 772 τοῦ
618 732 805 772 τοιούτου
838 731 1116 785 τολμήματος.
1179 732 1250 774 τὸν
1283 734 1327 775 δὲ
1358 739 1430 789 τῆς
1460 734 1646 790 Εἰρήνης
1677 736 1768 778 υἱὸν
1798 737 1869 779 τὸν

375 799 688 841 Κωνσταιῆῖνον
719 800 999 854 προσελάβετο
1038 801 1108 842 καὶ
1148 802 1395 856 ὑπεποιεῖτο,
1440 801 1488 844 ἵν’
1523 805 1639 858 αὐτῷ
1670 805 1867 860 ὑποδείξῃ

314 875 355 909 11
371 868 637 922 κρυπτόμενα
677 868 885 922 χρήματα.
948 869 1141 915 κάκεῖνος
1179 870 1390 918 ὑπέδειξεν
1431 872 1475 912 ἐν
1517 872 1644 926 τοίχῳ
1688 888 1867 914 συνεκτι-

313 943 357 977 12
371 937 500 990 σμένα
526 936 669 978 πολλά.
709 936 842 983 συνεὶς
865 937 909 978 δὲ
931 937 955 977 ὁ
976 937 1167 991 βασιλεὺς
1188 938 1442 993 Μκηφόρος
1463 940 1731 994 ἀχθομένους
1752 942 1869 996 αὐτῷ

369 1005 554 1050 ἅπαντας
591 1005 661 1045 καὶ
701 1005 838 1051 δείσας
875 1006 934 1060 μὴ
974 1006 1048 1060 τὴν
1082 1006 1266 1061 Εἰρήνην
1304 1006 1428 1054 αὖθις
1467 1008 1588 1062 ἐγγὺς
1626 1008 1757 1051 οὖσαν
1792 1010 1864 1051 λα·
1882 1018 1927 1054 10

369 1073 511 1127 βάντες
543 1073 600 1119 εἷς
631 1073 704 1128 τὴν
727 1074 936 1128 βασιλείαν
958 1075 1289 1129 ἐπαναγάγωσιν,
1323 1077 1379 1122 εἷς
1400 1075 1567 1131 Λέσβον
1588 1077 1716 1132 αὐτὴν
1737 1078 1863 1132 ὑπερ-

369 1141 486 1194 όριον
518 1142 637 1183 ἔθετο
669 1142 739 1183 καὶ
771 1143 988 1196 φρουροὺς
1019 1144 1238 1197 ἐπιστήσας
1270 1144 1388 1198 αὐτῇ,
1429 1145 1533 1186 ἔνθα
1565 1149 1614 1199 τῇ
1645 1145 1753 1199 λύπῃ
1785 1161 1862 1187 κα·

312 1217 355 1252 13
369 1211 597 1251 ταποθέῖσα
644 1211 718 1265 τὴν
764 1211 881 1265 ζωὴν
927 1212 1205 1266 ἐξεμέτρησεν.
1267 1213 1412 1267 ἔστεψε
1460 1213 1505 1254 δὲ
1548 1213 1618 1254 καὶ
1660 1213 1731 1255 τὸν
1773 1214 1913 1256 υῖόνΙ)
1933 1222 2054 1260 11137<

369 1278 498 1319 αὐτοῦ
538 1278 804 1333 Σταυράκιον
848 1280 871 1320 ὁ
910 1279 1177 1335 Νικηφόρος,
1221 1280 1392 1335 εἰδεχθῆ
1435 1297 1476 1322 τε
1518 1281 1608 1322 λίαν
1652 1282 1750 1323 ὄντα
1793 1282 1864 1323 καὶ

326 1354 354 1390 C
370 1346 505 1402 ἀφελῆ
535 1346 606 1388 καὶ
636 1348 742 1401 μήτε
766 1347 876 1394 εἶδος
895 1349 999 1402 μήτε
1020 1348 1105 1402 μὴν
1127 1349 1387 1403 γενναιότητα
1410 1349 1514 1403 μήτε
1535 1350 1696 1391 σύνεσιν
1717 1351 1862 1404 ἔχοντα
1878 1359 1923 1395 15

366 1415 610 1468 τυραννίδος
641 1416 799 1464 ἐπάξια.

367 1575 389 1610 6
414 1575 464 1610 ὅτι
489 1574 676 1611 ὠκειοῢται
703 1576 789 1620 (Sic)
815 1575 873 1612 τὸν
898 1575 974 1612 υἱὸν
999 1582 1059 1623 τῆς
1084 1577 1240 1623 Εἰρήνης
1271 1577 1330 1613 τὸν
1355 1578 1636 1613 Κωνσταντῒνον·
1675 1578 1696 1612 ὅ
1725 1577 1764 1613 δὲ
1793 1578 1858 1614 ὖπ-

365 1623 497 1665 ἔδειξεν
522 1623 619 1668 αὐτῷ·
644 1624 808 1670 χρήματα
833 1624 869 1659 ἐν
895 1626 1004 1670 τοίχῳ
1031 1626 1062 1660 Ε
1160 1626 1182 1660 9
1208 1626 1346 1672 τελευτὴ
1365 1631 1424 1671 τῆς
1442 1628 1533 1668 (om.
1549 1625 1592 1670 C)
1621 1626 1776 1672 Εἰρήνης
1795 1625 1858 1662 CE

368 1671 412 1706 13
437 1671 629 1717 ἀνάρρησις
657 1673 882 1716 Σταυρακιόυ
915 1674 1147 1719 (σταβρακίου
1173 1673 1219 1718 Ε)
1251 1679 1311 1709 τοῦ
1343 1675 1422 1709 υἱοῦ
1448 1675 1665 1719 Νικηφόρον
1692 1676 1767 1716 (τοῦ
1791 1675 1858 1720 βα-

365 1718 488 1759 σιλέως
514 1719 560 1764 Ε)
588 1718 651 1756 CE

437 1875 459 1910 2
484 1874 543 1911 καὶ
571 1886 646 1911 om.
662 1874 698 1910 D
796 1878 818 1911 3
843 1877 930 1912 ἔνθα
958 1877 988 1914 Ο
1085 1877 1109 1912 4
1134 1877 1240 1913 αὐτοῦ
1263 1887 1337 1912 om.
1353 1877 1382 1912 Ε
1478 1878 1681 1923 πεπραχθαι
1701 1879 1744 1920 (S.
1760 1882 1857 1921 acc.)

436 1922 483 1967 A,
507 1924 711 1968 πεπρᾶχθαι
737 1923 847 1970 pr‚
876 1935 978 1961 corr.
1005 1923 1062 1961 Di
1172 1925 1204 1960 6.
1232 1926 1253 1961 7
1278 1925 1511 1971 προςελάβετο
1537 1925 1576 1960 δὲ
1601 1925 1659 1960 τὸν
1683 1939 1859 1961 κωνσταν-

437 1976 529 2006 τῖνον
554 1971 612 2006 τὸν
636 1976 696 2016 τῆς
719 1972 862 2017 εἰρήνης
887 1973 963 2007 υἱὸν
993 1973 1023 2008 O
1165 1974 1187 2008 8
1213 1973 1461 2018 συνεκτισμένα
1485 1972 1565 2016 ΑΕ,
1590 1974 1858 2019 περιῳκοδομη-

435 2018 523 2063 μένα
549 2018 624 2063 BC,
650 2021 1002 2066 περιωκοδομημένω
1030 2021 1077 2064 Ι),
1102 2021 1465 2066 περιῳκοδομημένου
1494 2020 1578 2067 Wssp
1615 2021 1759 2065 (voluit
1790 2023 1857 2058 Wo

435 2067 801 2112 περιῳκοδομημένῳ,
827 2073 872 2102 ut
890 2072 1061 2114 apparet
1079 2079 1130 2104 ex
1150 2070 1356 2114 interpret.
1376 2069 1439 2103 lat.
1460 2068 1530 2103 “in
1551 2079 1665 2104 muro
1682 2069 1858 2114 quodam

437 2114 630 2149 aedificiis
651 2115 863 2160 obsepto'‘)
940 2117 980 2150 11
1002 2120 1093 2162 post
1109 2118 1158 2155 εἷς
1176 2116 1346 2151 alterum
1365 2116 1456 2151 add.
1475 2115 1536 2162 τὴν
1554 2117 1650 2161 Ewp
1725 2117 1768 2151 12
1784 2117 1858 2152 ἐπι-

435 2162 561 2207 στήσας
579 2162 666 2207 αὐτῇ
683 2161 828 2208 AEwp‚
848 2163 935 2209 αὐτῆ
951 2164 1198 2209 ἐγκατέστησεν
1219 2163 1250 2199 Ο
1326 2163 1371 2198 14
1388 2164 1494 2199 αὐτοῦ
1514 2174 1588 2199 om.
1604 2164 1639 2198 D
1713 2165 1857 2210 σταβρά-

434 2223 514 2245 κιον
539 2210 570 2245 Ε
669 2210 713 2246 15
737 2210 825 2256 μήτε
851 2212 990 2247 σύνεσιν
1015 2212 1104 2258 μήτε
1128 2211 1200 2257 μὴν
1225 2213 1447 2256 γενναιότητα
1474 2211 1505 2247 O

363 2369 497 2402 aetum
525 2370 564 2402 et
590 2368 786 2413 promissa
811 2368 1049 2414 impunitate
1076 2370 1228 2404 factum
1253 2368 1494 2404 monachum
1513 2368 1551 2402 in
1573 2367 1745 2403 insulam
1763 2366 1856 2402 Pro-

363 2418 445 2449 tam
471 2419 758 2459 transvectum,
786 2417 856 2451 ubi
883 2417 1171 2452 monasterium
1198 2419 1413 2460 struxerat,
1439 2415 1529 2450 luce
1557 2415 1743 2459 privavit,
1771 2416 1855 2459 qui-

364 2461 533 2497 busdam
573 2463 674 2498 clam
711 2464 850 2508 missis,
889 2468 934 2499 ut
971 2465 1058 2509 ipso
1096 2464 1223 2498 invito
1259 2463 1298 2498 id
1333 2464 1483 2498 factum
1516 2473 1603 2497 esse
1638 2462 1855 2506 videretur,

363 2519 669 2555 maeroremque
695 2521 794 2556 prae
820 2521 863 2546 se
890 2514 1023 2546 ferens
1050 2511 1311 2547 iureiurando
1331 2511 1468 2545 addito
1487 2510 1666 2555 negabat
1691 2520 1733 2545 se
1752 2510 1856 2545 illius

307 2557 554 2591 lofaeinoris
582 2568 669 2593 esse
696 2559 912 2594 conscium.
963 2558 1279 2602 Constantinum,
1307 2558 1450 2593 Irenae
1473 2557 1607 2601 filium,
1635 2558 1778 2592 aseivit
1804 2558 1855 2592 ab

306 2605 496 2649 lleoque
523 2605 726 2650 obsequiis
757 2606 921 2642 delinito
955 2607 1197 2652 impetravit,
1235 2611 1280 2640 ut
1312 2606 1387 2640 sibi
1419 2615 1609 2651 magnam
1643 2606 1855 2650 pecuniam

306 2651 403 2685 12in
438 2662 552 2686 muro
587 2653 761 2698 quodam
798 2654 999 2688 conditam
1031 2658 1285 2689 monstraret.
1342 2653 1439 2688 Cum
1475 2657 1609 2687 autem
1641 2663 1713 2687 rex
1745 2652 1856 2688 Nice-

366 2698 516 2743 phorus
542 2710 585 2735 se
612 2701 797 2736 omuibus
823 2702 998 2736 invisum
1025 2711 1112 2736 esse
1139 2704 1331 2744 cerneret,
1371 2702 1535 2743 veritus,
1567 2710 1617 2734 ne
1643 2700 1788 2735 Irenen
1814 2701 1856 2734 in

365 2748 593 2791 propinquo
621 2747 836 2793 degentem
862 2749 914 2783 ad
940 2759 1112 2794 regnum
1142 2748 1393 2792 reducerent,
1421 2758 1509 2782 eam
1537 2747 1771 2783 custodibus
1789 2747 1855 2782 ad-

365 2793 498 2828 hibitis
530 2793 705 2829 Lesbum
745 2796 954 2841 relegavit,
993 2797 1063 2831 ubi
1099 2806 1282 2831 maerore
1320 2799 1556 2840 consumpta
1592 2801 1750 2830 mortua
1784 2800 1854 2829 est.

307 2840 352 2875 13
366 2839 506 2875 Filium
542 2840 808 2887 Stauraeium,
846 2844 1046 2879 hominem
1086 2844 1359 2879 foedissimum
1395 2849 1434 2878 et
1473 2843 1689 2888 simplicem
1721 2853 1854 2888 neque

366 2889 495 2923 forma
533 2899 666 2934 neque
704 2891 854 2926 virtute
892 2901 1025 2937 neque
1057 2891 1274 2938 prudentia
1306 2901 1434 2937 regno
1468 2891 1593 2936 dig-na
1626 2890 1854 2936 praeditum

365 2933 614 2981 Nicephorus
642 2937 792 2974 coz-bna
821 2939 990 2976 ornavit.
