2054 3282
358 223 428 265 384
759 225 940 269 zoNAR.
968 228 1098 267 EPIT.
1125 224 1216 268 XVI
1244 233 1276 277 1,
1303 229 1452 270 15—29.

301 357 345 392 16
360 351 518 405 δέχεται
548 352 619 393 καὶ
648 353 884 393 πιστεύεται.
948 354 1155 406 ἀπιστήσει
1189 354 1268 408 γὰρ
1301 356 1439 402 οὐδεὶς
1471 359 1495 411 ἢ
1529 358 1637 404 ὅστις
1669 359 1720 400 οὗ
1742 361 1850 414 μέγα

358 421 481 460 οἴεται
514 420 720 461 δύνασθαι
751 420 824 466 τὰς
855 425 938 461 τῶν
972 422 1102 474 ἁγίων
1135 423 1330 470 ἐντεύξεις
1361 423 1432 470 τὰς
1463 425 1570 478 πρὸς
1601 427 1716 480 θεόν,
1758 427 1849 470 οὐδ’

357 487 605 541 ἀντιμετρεῖν
644 487 730 528 οἶδε
765 489 838 541 τὴν
869 493 942 529 τοῦ
975 490 1079 530 θεοῦ
1112 490 1350 545 ἅγαθότητα
1383 492 1491 546 πρὸς
1521 493 1569 534 τὰ
1602 495 1851 549 ἀνθρώπινα

298 563 342 598 17
357 556 610 609 ἀγνοήματα.
674 556 698 609 ἡ
730 555 808 609 μὲν
841 555 916 596 οὖν
947 561 1032 597 τῶν
1064 557 1195 611 ἁγίων
1227 559 1404 600 εἰκόνων
1426 562 1538 602 οὕτω
1562 563 1727 616 γέγονεν
1749 564 1850 604 ἀνα-

298 631 342 666 18
356 623 567 677 στήλωσις.
630 623 653 663 ὁ
686 623 731 664 δὲ
762 624 1034 678 καθαιρεθεὶς
1064 627 1322 682 πατριάρχης
1342 628 1541 683 Ἰωάννης
1569 632 1594 684 ἢ
1617 631 1776 686 Ἰαννῆς
1807 633 1887 678 ἐν5

354 696 466 745 μονῇ
498 707 569 732 τινι
600 692 878 745 περιορισθεὶς
908 693 980 733 καὶ
1011 694 1205 748 εὑρηκὼς
1242 696 1328 737 ἐκεῖ
1363 697 1503 738 εἰκόνα
1543 702 1616 740 τοῦ
1660 704 1850 754 σωτῆρος

141 769 221 806 PII
231 768 341 804 154A
354 759 540 813 Χριστοῦ
572 759 643 799 καὶ
676 764 746 813 τῆς
777 760 903 801 αὐτὸν
935 761 1136 815 (Ξσπόρακ
1168 764 1381 818 τεκούσης,
1414 765 1461 805 τοὶ
1486 767 1654 820 ὄμματα
1677 771 1761 808 τῶν
1782 783 1848 809 σε-

297 838 341 872 19
353 828 548 882 βασμίων
585 828 901 881 ἐκτυπωμάτων
940 830 1160 883 ἐξώρυξεν.
1230 833 1254 872 ὃ
1284 833 1487 885 μαθοῦσα
1525 835 1550 887 ἡ
1583 835 1740 889 βασιλὶς
1778 836 1848 877 καὶ

355 896 480 950 ζῆλον
518 896 636 936 θεῖον
674 896 897 950 ζηλώσασα
936 897 1033 944 τοὺς
1071 903 1144 940 τοῦ
1190 900 1369 954 ἀσεβοῦς
1413 902 1573 943 ἐκείνου
1618 904 1847 958 ἐκκοπῆναι

353 964 606 1018 προσέταξεν
633 964 904 1018 ὀφθαλμούς·
939 964 1025 1007 ἀλλ’
1050 968 1129 1008 οὐκ
1152 969 1208 1013 εἷς
1230 969 1352 1022 ἔργον
1374 970 1494 1024 ἐξέβη
1517 970 1563 1011 τὸ
1584 971 1846 1028 πρόσταγμα,
1861 982 1897 1018 D
1917 983 1969 1020 IV
1987 984 2010 1020 3

293 1043 340 1078 20
352 1037 401 1087 τῇ
433 1033 609 1087 βασιλίδι
639 1033 714 1087 τὴν
751 1034 914 1075 δικαίαν
954 1035 1084 1090 ὀργὴν
1122 1038 1508 1091 καταπραϋνάντων
1546 1043 1678 1082 τινῶν.
1739 1042 1845 1096 πέμ-

352 1117 471 1156 ψασα
505 1101 550 1143 δὲ
581 1102 761 1156 σκυτάλῃ
793 1107 940 1144 τοῦτον
964 1104 1150 1158 ᾐκίσατο,
1182 1109 1267 1147 τῶν
1288 1107 1495 1160 αἰκισμῶν
1515 1109 1846 1162 παραταθέντων

350 1171 497 1225 μέχρις
528 1171 803 1217 ἑκατοντάδος
836 1171 991 1227 διπλῆς.

291 1250 335 1285 21
463 1238 586 1280 Ἀλλὰ
618 1239 689 1280 καὶ
721 1241 857 1286 οὕτως
888 1242 1000 1295 ἔχων
1031 1242 1055 1282 ὁ
1087 1242 1189 1297 γόης
1220 1243 1290 1284 καὶ
1322 1245 1362 1285 οἳ
1392 1244 1696 1298 ὁμοδοξοῦντες
1729 1247 1846 1302 αὗτῴ·

350 1307 422 1349 καὶ
451 1312 501 1363 τῇ
533 1309 638 1363 αὕτῇ
669 1309 911 1363 καθαιρέσει
947 1310 1255 1365 ὑποβληθέντες
1291 1313 1459 1366 ἠρεμεῖν
1499 1314 1578 1355 οὐκ
1622 1315 1844 1369 ἠνείχοντο.
1861 1324 1904 1360 15

291 1387 338 1422 22
352 1377 654 1426 συσκευάζουσι
686 1377 731 1418 δὲ
762 1377 868 1418 κατὰ
899 1382 972 1419 τοῦ
1005 1379 1119 1432 ἱεροῦ
1142 1381 1364 1422 Μεθοδίου
1387 1382 1640 1436 σκαιώρημα
1665 1387 1738 1438 τῆς
1768 1385 1843 1426 αὒ-

235 1456 266 1492 Β
291 1457 338 1492 23
351 1450 436 1488 τῶν
472 1447 673 1492 ἀπονοίας
708 1448 734 1500 ἢ
772 1447 1000 1492 κακονοίας
1041 1448 1200 1501 μᾶλλον
1244 1450 1423 1497 ἐπάξιον.
1486 1451 1654 1503 γύναιον
1693 1452 1772 1507 γάρ
1810 1469 1845 1495 τι

350 1564 372 1599 5
397 1564 445 1599 ἔτι
470 1564 549 1609 περὶ
575 1568 636 1598 τοῦ
663 1564 939 1609 καθαιρεθέντος
960 1564 1128 1600 Ἰωάννου
1160 1571 1221 1601 τοῦ
1253 1567 1471 1612 πατριάρχου
1498 1570 1541 1610 (τ.
1566 1582 1668 1614 πατρ.
1696 1580 1772 1605 om.
1797 1570 1843 1614 Ε)

351 1611 414 1647 ΟΕ
582 1612 627 1647 16
650 1612 730 1656 περὶ
755 1617 815 1656 τῆς
840 1615 1048 1657 κατηγορίας
1074 1619 1135 1649 τοῦ
1161 1615 1260 1649 θειόυ
1287 1615 1327 1659 (τ.
1354 1616 1455 1650 θείου
1482 1626 1557 1651 om.
1584 1617 1628 1659 Ε)
1654 1618 1843 1654 ᾹΙεθοδίου

349 1664 411 1695 τοῦ
436 1659 653 1705 πατριάρχου
680 1662 756 1702 (τοῦ
779 1673 879 1704 πατρ.
905 1661 1002 1696 Meu.
1031 1661 1076 1705 E)
1102 1661 1162 1696 καὶ
1187 1663 1283 1701 ὅπως
1308 1662 1464 1708 ἠλέγχθη
1491 1664 1629 1709 ψευδής
1656 1664 1719 1700 ΟΕ

422 1779 440 1814 1
469 1778 533 1825 γὰρ
556 1778 637 1824 ΑΕ,
664 1778 702 1814 δὲ
722 1778 818 1825 pr
917 1780 939 1814 2
963 1780 1142 1822 ἐν’θεύξεις
1169 1780 1216 1826 pss
1316 1785 1410 1818 ante,
1435 1782 1519 1818 θεὸν
1545 1783 1636 1819 add.
1662 1783 1719 1819 τὸν
1744 1785 1840 1832 Ewp

420 1828 453 1862 3.
479 1827 503 1862 4
527 1827 614 1871 πρὸς
639 1841 667 1862 τ.
693 1827 796 1871 ἀνθρ.
823 1827 1055 1873 ἁμαρτήματα
1081 1828 1182 1872 (Dwz
1208 1829 1423 1875 ἀγνοήματα)
1450 1830 1512 1876 τὴν
1528 1845 1556 1866 τ.
1574 1832 1662 1867 θεοῦ
1680 1832 1784 1878 ἀγαθ.
1804 1833 1840 1867 D

419 1875 443 1910 4
467 1875 668 1920 ἀγνοήματα
686 1874 902 1920 AEwap‚
929 1876 1158 1921 ἁμαρτήματα
1180 1876 1210 1912 Ο
1308 1877 1370 1912 οὗν
1398 1888 1472 1913 oln-
1500 1878 1535 1912 D
1633 1880 1655 1914 5
1679 1881 1840 1926 πατριάρ-

418 1937 486 1968 χης
505 1933 580 1958 om.
596 1922 625 1958 C
699 1923 834 1967 Ἰάννης
854 1922 959 1968 ρ*Βτ’
984 1925 1121 1959 invitis
1147 1924 1266 1968 ARw,
1294 1936 1330 1959 v.
1347 1926 1398 1960 ad
1412 1925 1483 1961 XV
1499 1926 1555 1970 28,
1570 1927 1616 1961 32
1689 1927 1711 1962 9
1736 1929 1840 1973 ζῆλον

419 1970 606 2015 ζηλώσασα
631 1970 752 2005 ἔνθεον
778 1969 809 2005 O
933 1972 978 2006 10
1002 1972 1213 2007 κεκέλευκεν
1240 1973 1270 2007 O
1387 1979 1530 2019 πρᾶγμα
1555 1974 1591 2008 D
1711 1976 1755 2010 14
1779 1977 1840 2011 καὶ

418 2017 587 2064 prDi‚
615 2028 691 2053 om.
716 2017 752 2052 A
885 2018 929 2053 15
954 2019 1043 2064 αὐτῇ
1067 2019 1149 2065 AR,
1175 2020 1280 2055 αὐτοῦ
1306 2020 1441 2067 DEwp
1567 2022 1633 2057 οὐκ
1659 2023 1838 2068 ἠνείχοντο

418 2065 560 2111 ἠρεμεῖν
585 2066 682 2111 Ewp
779 2066 935 2112 ἠνείχετο
962 2067 991 2101 Β
1091 2068 1134 2102 16
1160 2067 1198 2102 δὲ
1226 2078 1300 2103 om.
1320 2068 1348 2104 C
1448 2069 1491 2104 17
1517 2069 1838 2109 ἀπονοιάς--κακο-

417 2113 525 2159 νοίας]
554 2124 590 2149 v.
618 2115 670 2149 ad
696 2113 791 2149 xm
818 2115 850 2155 5,
873 2115 918 2150 29
1015 2115 1099 2160 γύνα
1126 2116 1280 2151 extritis
1306 2130 1358 2151 ιον
1385 2127 1507 2152 versu
1533 2122 1713 2154 extremo
1740 2121 1781 2154 in
1809 2119 1838 2156 C

288 2238 333 2273 16
347 2238 424 2278 tur,
452 2237 491 2270 et
508 2235 760 2280 recipiuntur
778 2238 817 2269 et
836 2234 1067 2270 creduntur.
1118 2234 1259 2280 Neque
1277 2245 1375 2271 vero
1404 2236 1617 2281 quisquam
1643 2238 1690 2273 iis
1717 2238 1836 2274 fidem

347 2283 568 2329 abrogarim,
607 2282 683 2317 nisi
722 2283 791 2327 qui
817 2292 961 2327 parum
987 2292 1106 2327 posse
1132 2284 1441 2319 intercessiones
1467 2289 1700 2321 sanctorum
1725 2287 1835 2332 apud

348 2330 467 2366 deum
494 2330 664 2366 senserit
690 2334 729 2365 et
757 2330 821 2365 dei
847 2330 1068 2365 bonitatem
1095 2340 1186 2365 eum
1213 2331 1397 2366 humanis
1424 2334 1566 2367 erratis
1593 2343 1834 2378 componere

204 2381 260 2417 17.
288 2381 333 2416 18
346 2379 555 2424 ignorarit.
605 2378 667 2412 Ita
704 2378 830 2422 igitur
867 2387 1008 2413 sacrae
1042 2378 1241 2423 imagines
1267 2379 1476 2414 restitutae
1510 2384 1622 2425 sunt3
1659 2380 1834 2417 Ioannes

346 2436 443 2461 vero
478 2425 708 2471 patriarcha
739 2430 810 2460 aut
843 2425 990 2460 Iannes
1028 2427 1162 2470 potius
1201 2426 1352 2461 eiectus
1391 2430 1430 2461 et
1467 2427 1508 2461 in
1547 2430 1832 2464 monasterium

347 2473 551 2518 quoddam
585 2474 802 2518 relegatus,
842 2483 932 2507 eum
970 2473 1049 2507 illie
1076 2472 1219 2509 Christi
1256 2474 1473 2519 imaginem
1513 2479 1552 2510 et
1590 2476 1686 2520 eius,
1727 2486 1833 2521 quae

346 2531 438 2555 eum
464 2523 550 2556 sine-
576 2521 727 2556 semine
753 2521 920 2566 peperit,
947 2522 1200 2566 repperisset,
1228 2522 1366 2556 oeulos
1385 2532 1590 2557 sacrarum
1611 2524 1832 2569 imaginum

287 2571 331 2606 19
346 2569 496 2604 effodit.
566 2568 654 2610 Quo
693 2569 836 2613 regina
876 2569 1038 2613 cognito
1078 2568 1199 2603 studii
1237 2569 1365 2603 saneti
1401 2570 1580 2605 studiosa
1618 2571 1740 2616 impio
1778 2572 1833 2606 1111

345 2617 494 2651 homini
522 2616 659 2651 oeulos
686 2617 773 2650 erui
805 2616 938 2660 iussit3
977 2625 1110 2661 neque
1136 2626 1233 2651 vero
1261 2617 1346 2651 eius
1373 2617 1606 2652 mandatum
1633 2623 1692 2653 est
1722 2629 1833 2664 pera-

285 2665 464 2708 200tu1n,
490 2665 597 2699 iusta
622 2665 791 2708 reginae
817 2664 878 2698 ira
904 2674 928 2698 a
954 2663 1156 2698 nonnullis
1181 2665 1382 2709 lnitigata3
1417 2665 1673 2701 nihilominus
1698 2669 1832 2702 tamen

345 2721 437 2746 eum
464 2712 602 2757 flagris
630 2711 743 2746 caedi
770 2711 895 2755 iussit,
924 2711 1054 2757 plagis
1081 2711 1266 2746 ducentis
1291 2713 1419 2747 illatis.

285 2760 329 2796 21
465 2758 544 2795 Sed
582 2769 634 2794 ne
671 2762 756 2793 tum
797 2759 958 2804 quidem
995 2759 1189 2804 impostor
1231 2759 1296 2793 ille
1336 2761 1505 2805 eiusque
1540 2761 1831 2807 suffragatores

345 2805 569 2852 eodemque
595 2806 714 2842 modo
741 2807 825 2842 suis
864 2807 1013 2852 privati
1051 2806 1316 2852 dignitatibus
1355 2808 1562 2853 quiescere
1600 2813 1830 2855 potuerunt,

285 2854 331 2891 22
345 2854 416 2889 sed
444 2857 601 2890 facinus
634 2859 774 2890 eontra
793 2853 830 2890 S.
850 2854 1096 2890 Methodium
1123 2855 1338 2890 machinati
1366 2859 1459 2891 sunt
1483 2866 1557 2891 sua
1583 2856 1740 2892 insania
1766 2858 1831 2893 vel

285 2903 331 2942 23
345 2902 480 2949 potius
514 2903 771 2949 improbitate
809 2903 988 2949 dignum.
1039 2902 1315 2939 Mulierculam
1356 2904 1560 2951 quandam
1587 2905 1692 2940 enim
1721 2905 1830 2943 inho-
