2054 3282
321 238 391 275 584
672 239 852 277 ZONAR.
880 240 1010 275 EPIT.
1038 240 1148 275 XVII
1178 239 1232 285 13,
1258 238 1409 284 20-14,
1435 237 1470 275 4.

108 362 308 399 ΡΙΙ234Α
321 360 545 414 περιόδους
588 362 705 415 αὐτῷ
746 360 976 414 παρακοπὴ
1015 364 1088 401 τοῦ
1128 360 1226 406 νοὸς
1264 363 1349 402 τῶν
1381 360 1623 414 ὀφθαλμῶν
1653 375 1694 401 τε
1726 359 1814 401 δια-

324 429 484 483 στροφὴ
517 429 587 470 καὶ
619 428 769 474 κλόνος
799 432 872 468 τοῦ
905 429 1102 482 σώματος
1133 428 1203 470 καὶ
1235 429 1497 474 κατάπτωσις
1529 428 1594 469 ἐπὶ
1626 432 1713 482 γῆς,
1746 426 1814 469 εἶτ’

264 500 308 535 21
325 497 492 551 ἐπανῄει
523 498 579 542 εἷς
611 496 758 537 ἑαυτὸν
789 495 860 536 καὶ
892 497 1217 540 ἀποκαθίστατο.
1280 501 1401 538 τοῦτο
1432 497 1630 542 πολλάκις
1650 496 1721 538 καὶ
1741 500 1815 537 τοῦ

322 566 528 619 βασιλέως
560 566 740 606 ἐνώπιον
771 565 948 605 ἔπαθεν·
983 565 1007 605 ὁ
1039 565 1083 606 δὲ
1114 569 1186 606 τοῦ
1218 566 1387 611 πάθους
1414 564 1618 618 οἰκτείρας
1637 564 1709 606 τὸν
1731 566 1815 606 Μι-

323 633 431 688 χαὴλ
463 635 516 674 ἔτι
546 633 706 687 μᾶλλον
735 633 876 687 ’ψευδῆ
907 634 1013 686 ᾤετο
1044 633 1092 674 τὰ
1125 634 1325 687 λεγόμενα
1358 634 1428 675 καὶ
1458 631 1553 688 μήτ’
1588 634 1688 688 ἐρᾶν
1717 630 1813 688 μήτ’
1831 639 1854 675 5

264 705 310 740 22
324 702 501 756 ἐρᾶσθαι
544 705 691 742 τοῦτον
734 703 870 748 οὕτως
909 703 1054 756 ἔχοντα
1095 703 1228 743 ἔθετο.
1291 703 1365 743 εἶσὶ
1406 703 1442 744 δ’
1479 704 1524 744 οἳ
1556 702 1720 756 λέγουσι
1756 701 1816 756 μὴ

324 771 524 824 ἀγνοῆσαι
560 769 632 811 τὸν
668 770 838 825 βασιλέα
877 770 949 812 τὸν
989 771 1138 825 ἔρωτα,
1183 786 1259 808 *ηε*
1293 768 1329 812 δ’
1365 771 1424 811 ὅτι
1456 775 1612 824 σφριγᾷ
1643 771 1668 824 ῆ
1701 770 1819 825 βασί-

324 839 440 880 λισσα
472 838 543 879 καὶ
581 838 676 892 περὶ
713 838 762 879 τὰ
803 839 1027 893 ἀφροδίσια
1066 839 1240 893 μέμηνε,
1286 843 1358 893 τῆς
1400 838 1508 893 πρὸς
1546 838 1617 879 τὸν
1649 837 1821 893 Μιχαὴλ

325 908 453 962 αὐτῆς
484 907 620 961 ῥοπῆς
651 907 846 962 ἠνείχετο,
881 907 1211 961 ὑποκρινόμενος
1242 907 1425 961 ἄγνοιαν,
1459 908 1522 948 ἵνα
1550 906 1609 961 μὴ
1642 906 1822 948 πλείοσιν

325 976 499 1030 ὄμιλοίῆ.
1837 980 1883 1015 10

265 1046 312 1081 23
449 1044 620 1086 Τούτων
653 1044 698 1086 δὲ
730 1045 866 1090 οὕτως
898 1043 1082 1098 ἑχόντων
1113 1044 1137 1085 ὁ
1170 1043 1445 1098 αὐτοκράτωρ
1475 1042 1658 1098 ε’νόσησε,
1691 1043 1766 1084 καί
1784 1044 1824 1085 οἳ

280 1113 526 1167 Βὸιῳόήκει
562 1112 609 1154 τὸ
649 1113 883 1167 πρόσωπον
920 1112 991 1154 καὶ
1026 1112 1072 1154 τὸ
1105 1112 1252 1167 ἆσθμα
1284 1112 1336 1166 ἦν
1367 1112 1535 1166 συνεχὲς
1565 1110 1636 1153 καὶ
1667 1112 1692 1166 ἡ
1726 1112 1824 1166 ὄψις

327 1182 444 1236 αὑτῷ
475 1181 598 1236 ἐῴκει
629 1186 782 1235 νεκροῦ
815 1182 885 1222 καὶ
916 1186 988 1236 τῆς
1019 1182 1206 1236 κεφαλῆς
1238 1181 1366 1222 αὐτοῦ
1397 1180 1443 1222 τὸ
1474 1180 1601 1222 πλέον
1623 1180 1823 1234 ἕψίλωτο·

327 1251 370 1291 αἱ
413 1249 492 1304 γὰρ
536 1250 669 1304 τρίχες
713 1250 840 1304 αὐτῆς
883 1249 1164 1304 ἀπερρύησαν.
1238 1250 1392 1303 λέγεται
1437 1253 1538 1303 γοῦν
1581 1248 1825 1303 φαρμάκοις

268 1321 314 1356 24
326 1319 678 1373 περιεργασθῆναι
710 1319 734 1360 ὁ
766 1319 1009 1371 ἄνθρωπος.
1072 1319 1184 1359 οὕτω
1224 1315 1260 1359 δ’
1295 1319 1406 1372 ἔχων
1444 1316 1566 1372 ἀπῄει
1601 1317 1709 1371 πρὸς
1745 1318 1822 1371 βα-
1841 1319 1884 1355 15

327 1387 489 1428 λανεῖον
519 1390 605 1428 τῶν
637 1387 680 1427 ἒν
711 1390 796 1433 τοῖς
826 1387 1044 1441 βασιλείοις
1076 1387 1344 1441 λουσόμενος,
1377 1386 1448 1428 καὶ
1479 1385 1601 1441 ἀπῄει
1627 1386 1721 1427 οὔτε
1741 1401 1823 1440 χει-

268 1467 314 1503 25
329 1454 658 1509 ραγωγούμενος
703 1453 789 1496 οὔτ’
830 1455 976 1496 αὐτίκα
1016 1455 1292 1509 τεθνήξεσθαι
1328 1455 1700 1508 προσδοκώμενος.
1764 1454 1826 1500 ὥς

109 1527 158 1563 W
177 1527 235 1562 III
251 1528 319 1563 187
335 1523 380 1565 δὲ
410 1523 456 1565 τὸ
489 1526 615 1577 σῶμα
647 1524 870 1578 ἐκάθηρεν,
902 1524 1036 1565 εἷσέὸυ
1067 1524 1141 1578 τὴν
1173 1525 1261 1565 ἐκεῖ
1286 1524 1608 1579 κολυμβήθραν,
1641 1524 1744 1565 ἔνθα
1772 1522 1823 1578 δὴ

273 1596 320 1632 26
332 1591 379 1633 τὸ
415 1595 500 1633 πᾶν
539 1592 680 1646 ᾅδεται
718 1593 910 1646 γενέσθαι
946 1596 1019 1634 τοῦ
1058 1592 1290 1646 δράματος·
1336 1593 1556 1646 συμπιέσαι
1599 1592 1678 1647 γάρ
1714 1607 1827 1638 τινας

406 1698 424 1732 1
451 1697 664 1743 παρακοπὴν
693 1698 720 1732 Β
872 1699 895 1733 2
921 1701 1014 1734 ante
1040 1704 1102 1744 γῆς
1128 1698 1220 1734 add.
1246 1703 1306 1743 τῆς
1331 1698 1367 1732 D
1517 1698 1539 1733 3
1564 1698 1826 1734 ἀποκαθίστατο

405 1744 573 1791 prDi,
600 1746 876 1782 ἀποκαθίσταται
902 1745 938 1780 Α
1088 1746 1111 1781 4
1136 1747 1359 1791 οἰκτειρήσας
1383 1745 1546 1791 BCEwp
1691 1746 1713 1781 5
1739 1746 1826 1780 ὥετο

404 1794 525 1838 ψευδῆ
549 1793 612 1829 ΒΟ
710 1794 731 1828 6
757 1795 846 1838 ᾤετο
872 1793 1000 1839 Bcwp
1097 1794 1183 1838 μηδ’
1202 1794 1298 1839 Ewp
1397 1795 1418 1829 ’ἶ
1444 1795 1558 1838 ἔρωτα
1583 1793 1615 1829 δ’
1641 1792 1687 1837 Α,
1713 1794 1827 1838 ἔρωτα

405 1841 519 1876 εἰδότα
538 1841 570 1876 δ’
589 1840 699 1886 pr,
726 1846 817 1885 post
843 1842 957 1886 ἔρωτα
983 1842 1235 1877 intercidisse
1263 1841 1327 1876 vel
1353 1841 1458 1880 εἰδὼς
1485 1842 1548 1876 vel
1575 1841 1701 1877 simile
1729 1841 1826 1885 quid

406 1889 635 1934 suspicatur
662 1889 776 1924 B-W
798 1890 884 1924 coll.
910 1889 1025 1923 Psell.
1054 1901 1089 1934 p.
1116 1889 1173 1930 44,
1200 1889 1247 1924 20
1343 1895 1496 1934 σφριγγᾷ
1525 1889 1570 1934 p*
1667 1889 1689 1924 9
1714 1889 1826 1933 ῥοπῆς

436 1936 446 1948 2
476 1941 493 1948 u
783 1936 790 1949 9
879 1948 886 1958 7
969 1935 976 1943 ⁸
1217 1938 1226 1948 Ι
1385 1937 1403 1957 >ig
1523 1938 1539 1948 Ἰ
1743 1934 1750 1942 ⁰

405 1936 609 2018 33st
627 1937 778 2026 251¹?
820 1937 1035 2029 Rspiizff
1054 1937 1140 2029 αἱ
1154 1948 1383 2019 sareas
1480 1935 1826 2029 „sm-{3222

407 2041 481 2066 om.
497 2031 532 2065 D
629 2031 724 2066 αὐτῶ
751 2031 814 2067 BC
914 2032 957 2066 15
983 2033 1263 2077 κατεργασθῆναι
1290 2032 1324 2066 D
1421 2032 1603 2076 βαλανεῖον
1621 2030 1826 2076 DEwpDi,

405 2079 601 2123 βαλανείων
626 2078 661 2113 Α
760 2079 814 2115 15.
843 2079 887 2114 16
912 2080 999 2123 πρός
1025 2094 1053 2113 τι
1081 2084 1150 2114 τῶν
1175 2080 1212 2114 ἕν
1237 2085 1305 2118 τοῖς
1330 2080 1517 2124 βασιλείοις
1542 2079 1737 2125 βαλανείων
1762 2078 1826 2114 BC

408 2126 451 2161 16
475 2127 790 2172 χειραγογούμενος
816 2127 863 2172 p*
938 2127 983 2162 18
1009 2126 1053 2172 δὴ
1084 2138 1157 2162 om.
1174 2126 1203 2162 C
1279 2127 1333 2161 19.
1362 2139 1398 2172 p.
1412 2127 1492 2171 585,
1510 2127 1527 2161 1
1546 2127 1641 2162 αὐτῶ
1655 2140 1748 2165 τινας
1762 2125 1826 2162 BC

275 2232 319 2267 21
336 2234 487 2279 quebat
513 2236 553 2269 et
578 2237 753 2269 tremore
780 2234 1074 2279 corripiebatur
1101 2237 1139 2268 et
1165 2234 1273 2268 humi
1301 2234 1555 2279 procidebat3
1590 2233 1713 2278 idque
1743 2243 1826 2269 sae-

335 2282 425 2327 pius
445 2282 481 2316 ei
500 2282 620 2316 etiam
639 2292 773 2317 eoram
792 2292 891 2327 rege
909 2281 1131 2325 accidebat,
1159 2282 1229 2326 qui
1246 2281 1449 2316 Michaelis
1475 2281 1660 2316 morbum
1687 2281 1826 2316 dolens

336 2329 465 2374 magis
500 2329 621 2364 etiam
656 2329 925 2374 suspicionem
959 2329 1101 2363 falsam
1136 2329 1360 2372 iudicabam
1399 2339 1532 2374 neque
1567 2329 1670 2363 enim
1706 2329 1825 2363 talem

275 2375 322 2410 22
335 2377 400 2412 vel
426 2386 563 2411 amare
590 2376 655 2412 vel
682 2377 807 2411 amari
827 2387 945 2421 posse
971 2377 1139 2422 putavit.
1191 2375 1292 2412 Sunt
1317 2377 1448 2421 etiam,
1476 2377 1544 2421 qui
1562 2376 1696 2410 dicant
1721 2386 1827 2410 amo-

334 2434 417 2459 rem
437 2424 546 2458 illum
565 2434 645 2459 non
664 2423 829 2459 latuisse
847 2434 1002 2469 regem3
1030 2424 1099 2458 sed
1119 2434 1208 2458 eum
1231 2424 1391 2467 <seiret>
1412 2424 1617 2458 mulierem
1640 2423 1826 2458 lascivire

335 2475 458 2516 atque
495 2472 673 2506 insanire
707 2471 883 2515 libidine,
921 2471 1120 2506 tolerabat
1155 2472 1465 2516 propensionem
1505 2471 1590 2506 eius
1629 2481 1728 2516 erga
1759 2470 1826 2505 Mi-

336 2519 525 2563 ehafflem,
553 2519 739 2554 simulata
765 2519 1009 2564 ignorantia,
1035 2529 1086 2554 ne
1110 2519 1176 2553 illa
1203 2529 1293 2554 eum
1320 2518 1500 2563 pluribus
1526 2529 1610 2553 rem
1628 2517 1806 2553 haberet.

275 2565 321 2600 23
455 2566 567 2608 Quae
595 2577 684 2601 cum
712 2567 768 2601 ita
795 2569 939 2610 essent,
976 2567 1195 2611 imperator
1220 2566 1260 2600 in
1288 2566 1470 2600 morbum
1497 2565 1647 2609 incidit,
1685 2565 1825 2600 inflata

336 2614 449 2656 faeie,
477 2624 583 2658 quae
602 2613 762 2659 quidem
782 2615 929 2648 mortui
948 2614 1084 2649 similis
1103 2616 1201 2656 erat,
1229 2615 1267 2648 et
1285 2614 1426 2648 erebro
1446 2613 1624 2648 anhelitu
1642 2613 1824 2657 spiritum

335 2671 459 2706 aegre
491 2662 688 2706 trahebat,
726 2662 902 2696 maxima
937 2665 1051 2706 parte
1087 2661 1228 2706 capitis
1263 2660 1411 2703 calvus,
1452 2660 1604 2705 capillis
1640 2660 1823 2705 delapsis.

275 2707 322 2742 24
335 2708 452 2750 Quod
484 2709 633 2743 malum
667 2709 702 2744 ei
736 2709 903 2744 venenis
938 2709 1084 2743 dicitur
1118 2718 1204 2743 esse
1237 2708 1505 2742 conciliatum.
1556 2706 1620 2743 Sie
1655 2707 1824 2742 affectus

334 2756 375 2790 in
409 2756 613 2801 quoddam
647 2757 786 2802 regiae
817 2756 1006 2791 balneum
1038 2756 1219 2791 lavatum
1245 2756 1340 2796 abit,
1379 2765 1403 2789 a
1435 2755 1544 2790 nullo
1577 2757 1825 2790 sustentatus

275 2802 320 2837 25
335 2813 468 2848 neque
495 2813 699 2848 quoquam
726 2806 895 2849 putante
921 2813 1012 2838 eum
1040 2803 1170 2838 statim
1197 2803 1447 2838 moriturum.
1497 2802 1550 2838 Ut
1574 2806 1707 2836 autem
1734 2812 1824 2847 pur-

335 2853 431 2895 gato
459 2861 629 2896 corpore
653 2851 694 2885 in
721 2851 882 2886 alveum
910 2851 1127 2895 descendit,
1165 2850 1221 2884 ibi
1252 2853 1337 2884 tota
1370 2850 1510 2884 fabula
1541 2852 1706 2894 peraeta
1737 2859 1824 2884 esse

275 2896 320 2931 26
336 2898 480 2942 fertur3
520 2909 612 2933 nam
652 2898 847 2943 quosdam
887 2899 973 2934 eius
1004 2901 1127 2943 caput
1159 2897 1228 2932 diu
1259 2897 1299 2931 in
1335 2907 1483 2942 aquam
1514 2897 1758 2942 depressisse
1784 2899 1824 2932 et
