1968 3302
272 188 624 230 CONSTANTINI
649 189 954 236 BAPTISMVS,
982 190 1257 230 SILVESTRI
1282 190 1607 230 MIRACVLVM.
1675 191 1697 229 7

188 315 495 370 στρατεύματος
525 315 706 370 χάρακα.
770 315 817 357 ἐκ
848 314 1010 357 τούτων
1042 313 1119 357 οὖν
1151 316 1209 362 εἷς
1241 316 1405 358 ἔννοιαν
1432 316 1601 371 ἕνήγετο
1622 319 1696 359 τοῦ
1711 318 1758 355 29

187 384 346 427 θεόθεν
377 385 495 438 αὐτῷ
525 383 599 431 τὰς
630 384 821 440 εὐτυχίας
851 384 924 426 καὶ
953 383 1027 431 τὰς
1058 383 1178 431 νίκας
1208 385 1522 439 προσγίνεσθαι.

314 456 439 499 Οὕτω
474 456 519 499 δὲ
549 457 826 512 μοναρχήσας
857 457 882 498 ὅ
912 455 1231 504 Κωνσταντῒνος
1262 457 1334 498 καὶ
1369 456 1554 512 Φλάβιος
1586 458 1696 499 ὠνο-
1712 451 1739 494 2

188 526 336 581 μάσθη
372 525 443 567 καὶ
483 526 595 568 οὕτω
633 541 729 572 πως
767 525 1015 581 ἐχρημάτιζε
1052 524 1237 581 Φλάβιος
1267 525 1588 572 Κωνσταντῒνος
1627 525 1699 568 καὶ

151 595 235 640 ὅέν
255 593 396 650 Ῥώμῃ
420 595 547 650 διῆγε,
579 598 652 650 τῆς
681 594 760 650 μὲν
790 598 877 637 τῶν
907 594 1100 638 εἷδώλων
1129 595 1364 652 ’θρησκείας
1395 596 1475 637 οὐκ
1498 595 1696 644 ἀποστάς,
1711 596 1747 632 D

191 663 240 706 τὰ
270 663 366 718 περὶ
396 663 582 718 Χριστοῦ
616 663 662 707 δὲ
691 665 935 718 μυούμενος
965 663 1038 706 καὶ
1068 663 1152 719 ἤδη
1184 663 1546 719 παραδεχόμενος.
1609 664 1733 707 oco-2

190 749 324 788 ματος
356 733 401 775 δὲ
432 737 609 787 νοσεροῦ
641 733 712 775 καὶ
742 733 909 775 πλεῖστα
939 732 1123 787 φ’ύοντος
1144 734 1192 775 ἕκ
1214 733 1483 788 κακοχυμίας
1503 732 1576 775 καὶ
1595 733 1698 788 ὕλης

188 803 418 858 μοχθηρᾶς
461 804 734 858 ἐξανθήματα
778 804 931 858 τυχών,
979 803 1042 850 ὡς
1084 803 1231 858 λώβην
1276 806 1405 844 ταῦτα
1451 802 1569 858 παρὰ
1611 805 1699 845 τῶν

29 873 89 910 111
105 874 176 910 176
190 873 346 927 ἰατρῶν
378 871 664 926 ὀνομάζεσθαι
695 873 766 914 καὶ
797 873 931 927 λέπρᾳ
961 872 1294 927 παρεικάζεσθαι
1324 871 1396 914 καὶ
1427 871 1502 927 τὴν
1532 872 1698 915 τούτων

70 953 75 956 ·
129 944 176 980 10
189 941 420 995 θεραπείαν
451 941 803 995 ἀπαγορεύεσθαι,
836 940 932 996 εὗρε
963 940 1060 988 τοὺς
1092 942 1213 996 ἱερεῖς
1243 944 1317 982 τοῦ
1347 941 1391 983 ἕν
1412 945 1474 995 τῷ
1497 940 1695 983 Καπιτω-

189 1010 266 1065 λίῳ
298 1010 397 1057 Διὸς
428 1011 508 1052 οὐκ
540 1010 679 1057 ἄλλως
709 1011 905 1065 λέγοντας
935 1010 1154 1059 τεύξεσθαι
1179 1010 1410 1064 θεραπείας
1431 1009 1559 1052 αὐτὸν
1581 1011 1620 1052 εἰ
1634 1009 1869 1066 μὴΨΙΙΙῦ

189 1080 234 1122 ἕν
263 1080 431 1122 παίδων
462 1080 624 1134 νηπίων
655 1080 711 1121 ἔτι
742 1080 951 1134 ἀτμίζοντι
971 1079 1166 1121 λούσαιτο
1189 1079 1340 1133 αἱματι.
1389 1078 1538 1120 αὐτίκα
1559 1079 1733 1121 τοίνυν3

189 1149 236 1190 ἐκ
267 1149 406 1204 πάσης
436 1153 508 1204 τῆς
538 1145 610 1190 ὑπ’
644 1149 803 1190 ἐκεῖνον
834 1149 982 1204 χώρας
1014 1153 1196 1203 συνῆκτο
1217 1146 1267 1189 τὰ
1288 1148 1430 1202 νήπια,
1462 1147 1535 1189 καὶ
1556 1149 1696 1203 ἡμέρα

188 1218 343 1272 ὥριστο
386 1222 459 1273 τῆς
501 1216 663 1259 τούτων
707 1222 884 1273 σφαγῆς.
946 1218 1018 1260 καὶ
1055 1217 1080 1259 ὁ
1116 1215 1310 1272 βασιλεὺς
1347 1215 1472 1271 ἀπῄει
1507 1215 1598 1259 τότε
1634 1215 1733 1271 τῷ4

128 1290 174 1326 15
188 1286 328 1341 αἵματι
358 1290 444 1328 τῶν
474 1286 641 1329 παίδων
671 1286 930 1342 λουσόμενος
961 1287 1018 1333 εἷς
1038 1285 1086 1328 τὸ
1108 1284 1391 1327 Καπιτώλιον.
1445 1286 1490 1327 αἱ
1523 1285 1569 1328 δὲ
1598 1285 1732 1328 τού-5

187 1428 210 1464 6
234 1429 285 1463 ὅτι
311 1429 490 1475 λελώβητο
517 1429 699 1475 (λελόβητο
718 1429 764 1474 Ε)
791 1429 830 1465 τὸ
855 1434 960 1475 σῶμα
984 1429 1086 1468 οὗτος
1111 1428 1133 1462 ὅ
1155 1427 1322 1474 βασιλεὺς
1347 1428 1408 1463 καὶ
1434 1429 1532 1468 ὅπως
1565 1429 1630 1472 (ὅτι
1648 1428 1694 1474 Ε)

186 1477 324 1512 παίδων
349 1478 466 1522 αἵματι
491 1477 686 1514 λούσασθαι
711 1477 921 1524 προτραπεὶς
946 1477 1015 1513 οὐκ
1041 1476 1219 1524 ἠθέλησεν
1247 1474 1312 1512 GE

261 1606 281 1641 1
306 1606 452 1653 ἀνήγετο
467 1606 497 1641 Ε
577 1607 600 1642 6
624 1608 867 1652 παρεχόμενος
882 1607 912 1642 Ε
995 1607 1018 1642 8
1043 1605 1162 1651 τυχὼν
1181 1608 1273 1652 post
1288 1605 1518 1651 ἕξάνθήματα
1545 1606 1631 1647 (Sic)
1648 1603 1695 1650 A,

259 1658 351 1700 post
375 1655 537 1700 σώματος
563 1654 602 1691 δὲ
628 1665 685 1691 vs.
713 1655 773 1691 6s.
799 1655 898 1701 pr
1019 1654 1052 1690 8.
1081 1654 1104 1690 9
1127 1654 1252 1700 λώβην
1269 1667 1297 1689 τ.
1314 1667 1350 1689 π,
1371 1666 1400 1688 τ.
1420 1654 1551 1699 ἰατρῶν
1569 1653 1696 1699 ὀνομά-

259 1703 383 1743 ζεσθαι
417 1702 478 1738 καὶ
508 1703 618 1749 λέπρᾳ
650 1703 690 1739 δὲ
717 1703 999 1748 παρεικάζεσθαι
1026 1702 1069 1747 R,
1121 1703 1245 1748 λώβην
1272 1715 1300 1737 τ.
1326 1715 1362 1737 π.
1390 1715 1418 1737 τ.
1444 1702 1595 1747 ἰατρῶν·
1634 1701 1695 1737 καὶ

258 1751 368 1796 λέπρᾳ
393 1751 433 1786 δὲ
455 1751 732 1797 παρεικάζεσθαι
759 1751 807 1796 Ι),
851 1751 947 1787 inde
971 1750 1073 1797 λώβῃ
1101 1765 1129 1786 τ.
1155 1765 1192 1786 π.
1218 1763 1248 1785 τ.
1275 1750 1407 1795 ἰατρῶν
1432 1750 1493 1785 καὶ
1518 1749 1630 1795 λέπρᾳ
1656 1749 1696 1785 δὲ

257 1799 536 1845 παρεικάζεσθαι
562 1810 626 1846 wp
716 1799 750 1835 9.
776 1800 900 1836 τούτου
918 1799 1089 1845 BDEwp
1188 1798 1233 1833 10
1258 1803 1320 1834 τοῦ
1345 1798 1444 1844 pr
1459 1795 1526 1843 Di,
1553 1797 1634 1837 τοὺς
1659 1796 1695 1833 Α

260 1882 303 1918 11
331 1883 520 1924 τεύξασθαι
546 1882 594 1928 D,
623 1894 725 1919 corr.
752 1883 822 1922 Dw
968 1883 1013 1918 12
1038 1883 1087 1918 ἔτι
1111 1859 1258 1927 ἀτμίζδύ
1283 1889 1333 1928 τῷ
1359 1884 1478 1927 αἵματι
1505 1882 1578 1918 sed
1604 1886 1695 1928 post

258 1931 446 1976 ἀτμίζοντι,
475 1931 590 1967 cuius
616 1932 721 1973 ι’ζοντι
749 1931 837 1967 ead.
865 1942 971 1967 man.
997 1935 1058 1967 est
1085 1935 1324 1975 correctum,
1357 1932 1399 1966 in
1424 1941 1555 1977 marg.
1582 1930 1694 1966 add.:

257 1979 379 2014 λοῦσαι
405 1978 452 2022 Α,
493 1980 541 2014 ἔτι
573 1979 768 2024 ἀκμάζοντι
800 1980 964 2015 λούσαιτο
996 1981 1114 2025 αἵματι
1142 1979 1184 2023 Ε,
1229 1979 1407 2024 ἀτμίζοντι
1446 1979 1493 2013 ἔτι
1530 1979 1694 2014 λούσαιτο

258 2028 376 2072 αἵματι
403 2026 501 2073 pr
613 2027 658 2064 13
682 2028 818 2063 ἐκεῖνον
843 2027 943 2074 pr
958 2026 1021 2072 Di,
1052 2027 1202 2063 ἐκείνων
1228 2026 1274 2072 A,
1302 2038 1339 2062 v.
1367 2026 1465 2063 XIII
1490 2026 1523 2070 9,
1552 2027 1598 2062 10

186 2159 257 2195 lux
285 2159 372 2194 visa
399 2162 458 2194 cst
486 2160 522 2194 ei
555 2159 795 2196 collustrans
826 2160 979 2196 vallum
1012 2160 1216 2196 exercitus
1251 2161 1324 2196 sui.
1377 2159 1533 2202 Quibus
1570 2159 1693 2195 rebus
1708 2155 1754 2191 29

187 2208 228 2242 in
255 2217 343 2243 eam
363 2208 604 2243 sententiam
625 2207 919 2252 adducebatur,
945 2211 991 2243 ut
1013 2207 1198 2244 crederet
1217 2218 1430 2244 successus
1449 2206 1537 2243 illos
1556 2217 1694 2242 rerum

188 2258 228 2290 et
254 2255 446 2290 victorias
473 2255 547 2290 sibi
576 2254 771 2291 divinitus
799 2255 945 2291 offerri.

307 2303 341 2338 2.
368 2301 433 2339 Sic
459 2303 568 2338 solus
594 2314 729 2339 rerum
759 2304 911 2348 potitus
930 2302 1219 2339 Constantinus
1246 2304 1365 2339 etiam
1386 2303 1515 2338 Flavii
1542 2312 1693 2338 nomen

190 2351 265 2386 sibi
292 2351 446 2395 ascivit,
479 2355 524 2386 ut
550 2351 715 2386 Flavius
742 2350 1032 2387 Constantinus
1059 2351 1280 2396 (liceretur3
1314 2362 1362 2387 ac
1388 2351 1541 2386 Romae
1566 2351 1693 2385 vitam

190 2399 351 2446 agebat,
371 2409 452 2434 non
473 2399 779 2434 simulacrorum
800 2399 910 2434 cultu
932 2399 1104 2443 deserto,
1122 2399 1193 2434 sed
1213 2398 1466 2435 Christianae
1484 2399 1693 2443 religionis

190 2447 383 2492 mysteria
410 2447 619 2493 paullatim
646 2447 862 2482 admittens
890 2451 1014 2492 atque
1041 2447 1267 2482 addiscens.
1319 2446 1417 2483 Cum
1446 2450 1581 2481 autem
1610 2444 1730 2481 cor-2

190 2505 290 2539 porc
316 2499 422 2530 esset
446 2495 643 2538 morbido,
671 2495 780 2540 quod
809 2506 830 2530 e
857 2496 1117 2541 corruptione
1138 2495 1350 2530 hunnorum
1370 2495 1550 2540 plurimis
1568 2497 1693 2530 scate-

191 2543 261 2578 bat
281 2543 463 2588 pustulis,
503 2542 606 2578 adco
633 2546 678 2578 ut
705 2544 916 2578 curatione
944 2543 1159 2588 desperata
1186 2543 1272 2578 lues
1299 2553 1323 2577 a
1348 2542 1516 2578 medicis
1543 2542 1693 2578 dicere-

190 2594 256 2626 tur
288 2601 337 2625 ac
369 2590 506 2636 leprae
533 2595 849 2637 compararetur,
886 2592 1042 2626 invonit
1074 2591 1306 2626 sacerdotes
1340 2590 1446 2626 lovis
1477 2589 1692 2636 Capitolini

191 2638 370 2674 dicentes
396 2649 477 2673 non
505 2638 621 2673 aliter
648 2649 739 2674 euin
767 2640 974 2683 pristinam
1004 2638 1278 2674 valetudinem
1311 2649 1400 2674 esse
1432 2640 1692 2683 recuperatu-

190 2696 291 2729 rum,
327 2696 448 2731 quam
476 2687 508 2721 si
539 2687 578 2721 in
613 2687 815 2732 sang-uine
848 2687 1062 2722 infantium
1100 2686 1234 2721 adhuc
1269 2690 1496 2732 vaporante
1530 2686 1691 2721 lavatus

191 2738 308 2769 essct.
359 2732 499 2770 Statim
527 2735 653 2777 igitur
679 2745 730 2769 cx
758 2736 862 2769 omni
891 2735 1059 2780 imperio
1089 2734 1266 2770 collectis
1292 2735 1527 2777 infantibus,
1556 2732 1728 2769 caedisss

192 2781 257 2816 ‹lic
289 2782 517 2825 constituta,
550 2783 770 2828 imperator
802 2783 842 2817 in
875 2782 1117 2828 Capitolium
1149 2782 1352 2828 sanguine
1385 2791 1606 2828 puerorum
1639 2779 1729 2817 lo-4

191 2832 308 2864 turus
341 2829 542 2870 ascendit:
578 2829 647 2864 sed
682 2830 822 2865 horum
857 2835 1018 2870 matres,
1053 2840 1143 2864 cum
1177 2831 1209 2864 is
1235 2830 1460 2872 accederet,
1493 2827 1728 2875 lugubres-‘³

192 2886 314 2913 voce-s
346 2877 584 2914 emittebant
620 2881 743 2924 atquc
780 2878 999 2914 eiulabant.
1058 2878 1214 2921 Quibus
1247 2878 1396 2914 auditis
1429 2878 1494 2914 illc
1528 2878 1690 2924 rogavit
