1968 3302
43 44 69 56 Ἃρ

730 224 967 270 SYNODVS
993 223 1219 273 QVARTA.
1660 221 1730 262 115

230 354 516 410 μετακαλεῖται
545 353 642 401 τοὺς
679 353 915 402 ξενίσαντας
952 351 1079 394 αὐτὸν
1117 348 1327 406 ἀδελφοὺς
1363 348 1434 392 καὶ
1472 348 1735 403 εὐαγγελισα-

229 424 387 478 μένους
418 424 535 478 αὐτῷ
573 422 648 478 τὴν
685 423 834 477 ἀρχήν,
879 421 951 463 καὶ
986 419 1059 462 τὸν
1093 419 1172 475 μὲν
1206 417 1405 460 Τατιανὸν
1442 419 1630 472 ἔπαρχον
1665 421 1782 472 τῆςΟ
1810 422 1855 458 19

230 491 398 538 πόλεως
428 492 730 544 ἀναδείκνυσιν,
756 490 919 545 Ἰουλίῳ
952 489 997 531 δὲ
1027 489 1101 544 τὴν
1131 491 1217 531 τῶν
1239 487 1452 542 Ἰλλυριῶν
1483 486 1619 541 ἀρχὴν
1651 486 1736 527 ε’νε-

231 561 393 616 χείρισε.
456 561 598 614 γέγονε
631 559 677 601 δὲ
707 559 801 614 περὶ
832 559 991 605 πάντας
1021 558 1211 613 χρηστός.

196 637 219 674 5
351 628 471 670 Κατὰ
509 628 606 675 τοὺς
642 628 824 683 χρόνους
859 628 1033 674 τούτους
1063 627 1135 669 τὸν
1166 627 1210 668 ἓν
1240 626 1502 681 Βλαχέρναις
1532 623 1635 666 ναὸν
1665 627 1738 679 τῆς
1751 630 1799 666 20

231 698 440 740 θεοτόκου
462 699 488 752 ἡ
510 697 752 752 Πουλχερία
775 698 984 752 ἀνήγειρε·
1018 696 1088 738 καὶ
1115 697 1140 751 ἡ
1168 696 1336 751 τετάρτη
1370 696 1514 750 γέγονε
1545 693 1737 741 σύνοδος,
1751 699 1797 735 21

231 766 415 813 Λέοντος
444 770 518 808 τοῦ
549 767 669 808 πάπα
697 765 866 820 Ῥώμης
895 765 967 806 καὶ
992 765 1230 807 Ἀνατολίου
1262 768 1336 806 τοῦ
1372 763 1633 818 πατριάρχου
1664 765 1738 816 τῆς

231 837 328 882 νέας
360 835 528 891 Ῥώμης
566 835 858 890 αἰτησαμένων
895 834 967 876 τὸν
1003 834 1174 889 βασιλέα
1215 832 1468 887 Μἀρκιανὸν
1503 831 1564 887 μὴ
1602 835 1738 886 μεῖναι

231 905 412 960 ἀζήτητα
444 904 493 945 τὰ
525 903 631 946 κατὰ
663 903 735 945 τὸν
759 903 1074 957 Ἀλεξανδρείας
1106 902 1340 957 Διόσκορον
1370 901 1442 943 καὶ
1472 901 1544 943 τὸν
1565 900 1738 955 Εὐτυχῆ

174 982 220 1018 10
231 973 302 1015 καὶ
339 973 418 1015 ὅσα
455 972 556 1027 παρ’
595 973 736 1014 αὐτῶν
773 973 830 1018 εἰς
865 971 937 1014 τὸν
979 972 1204 1026 ἱερώτατον
1235 971 1449 1026 ἐτολμήθη
1488 968 1737 1024 Φλαβιανόν.

231 1042 398 1097 ὡρίσθη
430 1042 567 1084 τοίνυν
599 1042 780 1083 σύνοδον
811 1041 1016 1096 γενέσθαι,
1060 1041 1132 1082 καὶ
1172 1040 1546 1096 συνηθροίσθησαν
1581 1039 1636 1084 εἷς
1666 1036 1738 1079 τὸν
1751 1045 1798 1081 22

232 1111 276 1153 ἕν
311 1110 558 1166 Χαλκηδόνι
597 1110 700 1152 ναὸν
736 1115 808 1165 τῆς
846 1110 966 1164 ἁγίας
1002 1109 1218 1164 μάρτυρος
1254 1109 1486 1164 Εὐφημίας
1528 1106 1739 1162 θεοφόροι

230 1180 406 1233 πατέρες
442 1179 651 1228 ἑξακόσιοι
690 1179 761 1221 καὶ
804 1179 1038 1233 τριάκοντα.
1110 1179 1289 1234 ἐξῆρχον
1328 1178 1374 1220 δὲ
1410 1178 1572 1220 τούτων
1609 1175 1738 1219 Λέων
1751 1184 1798 1220 23

232 1249 257 1291 ὅ
299 1249 443 1296 πάπας
474 1249 643 1304 Ῥώμης
687 1249 758 1291 καὶ
803 1249 827 1290 ὁ
869 1248 1355 1294 Κωνσταντινουπόλεως
1387 1246 1623 1292 Ἇνατόλιος
1666 1244 1787 1289 καὶῙ)

174 1317 502 1373 15Ἰουβενάλιος
535 1318 856 1372 Ἱεροσολύμων.
927 1318 1207 1373 συνήθροιστο
1247 1317 1292 1358 δὲ
1328 1315 1375 1358 τὸ
1413 1319 1499 1357 τῶν
1543 1315 1738 1369 πατέρων
1751 1323 1798 1358 24

231 1387 397 1442 πλῆθος
432 1386 538 1428 κατὰ
571 1386 807 1441 Διοσκόρου
845 1385 916 1427 καὶ
947 1385 1181 1440 Εὔτυχοῢς,
1227 1385 1489 1439 ἕτεροούσιον
1525 1384 1625 1438 ἡμῖν
1662 1383 1736 1439 τὴν

19 1463 58 1501 D
74 1463 134 1500 III
148 1464 218 1501 247
231 1455 369 1511 σάρκα
400 1455 472 1497 τὸν
502 1455 650 1510 κύριον
673 1455 832 1510 Ἰησοῦν
853 1454 1038 1509 Χριστὸν
1064 1455 1242 1509 φορέσαι
1271 1452 1634 1509 μυθολογούντων
1664 1452 1735 1495 καὶ

230 1595 253 1632 5
277 1595 357 1641 περὶ
382 1600 443 1642 τῆς
468 1595 629 1641 τετάρτης
654 1595 805 1631 συνόδου
831 1593 933 1631 ACE

302 1725 322 1760 1
345 1724 351 1769 Ι
373 1723 469 1760 αὐτῶ
496 1723 528 1760 Ε
637 1724 659 1760 2
684 1723 781 1770 αὐτῷ
809 1734 883 1760 om.
902 1723 934 1760 E
1043 1722 1107 1771 τὴν
1132 1722 1325 1769 αὐταρχίαν
1350 1722 1382 1759 Β
1491 1722 1514 1758 3
1535 1722 1732 1769 Ἰλλυριῶν]

301 1772 421 1809 immo
435 1773 598 1818 Λυκίων,
624 1783 662 1807 v.
678 1771 857 1819 Theoph.
885 1783 921 1818 p.
939 1771 1018 1818 105,
1036 1773 1058 1808 9
1072 1782 1122 1808 ss.
1141 1771 1271 1818 (Cedr.
1292 1771 1310 1807 Ι
1328 1783 1364 1818 p.
1384 1770 1465 1817 604,
1483 1771 1594 1816 9ss.),
1621 1771 1735 1808 Nice-

301 1820 415 1867 phor.
441 1820 588 1857 Callist.
614 1820 662 1856 Η.
690 1820 731 1856 Ε.
759 1819 830 1856 XV
856 1821 874 1855 l
992 1821 1016 1856 4
1039 1820 1134 1866 παρὰ
1161 1819 1230 1855 DE
1364 1820 1397 1856 5.
1425 1819 1447 1855 6
1473 1825 1533 1865 τῆς
1558 1821 1734 1854 θεοτόκου

301 1867 384 1904 ναὸν
398 1867 496 1905 BCE
571 1868 591 1904 7
611 1873 671 1904 τοῦ
686 1871 781 1904 ante
793 1868 892 1904 πάπα
907 1879 982 1904 om.
998 1869 1029 1904 Ε
1103 1874 1163 1914 τῆς
1182 1879 1256 1904 om.
1273 1868 1303 1903 Ε
1379 1867 1425 1903 10
1440 1867 1688 1913 ἕτολμήθησαν
1702 1868 1734 1903 Ε

304 1916 350 1951 13
375 1916 414 1952 δὲ
440 1927 515 1952 om.
531 1916 562 1952 E
662 1917 708 1952 14
732 1918 753 1952 ὁ
766 1919 860 1952 ante
875 1917 991 1956 πάπας
1018 1928 1093 1953 om.
1110 1917 1140 1951 B
1239 1915 1294 1952 14.
1312 1916 1356 1951 15
1382 1917 1402 1951 ὁ
1414 1916 1672 1951 Κωνστ.Ἀνατ.
1689 1935 1732 1941 -

299 1964 404 2010 Ἰουβ.
426 1964 603 2010 Ἶεροσολ.]
631 1964 694 2000 De
720 1965 896 2000 chiasmo
924 1976 961 2000 v.
983 1965 1036 2000 ad
1060 1964 1158 2001 XIII
1175 1965 1209 2008 2,
1224 1965 1264 2010 63
1291 1967 1506 2010 praeterea
1524 1975 1562 1999 v.
1581 1964 1733 2010 Euagr.

303 2011 351 2047 H.
379 2012 421 2048 Ε.
447 2012 485 2046 ΙΙ
510 2012 534 2047 4
559 2012 786 2059 (Nicephor.
814 2012 960 2049 Callist.
988 2013 1035 2049 H.
1058 2013 1101 2048 Ε.
1127 2013 1200 2049 XV
1225 2012 1312 2058 21))
1340 2017 1379 2048 et
1405 2012 1609 2048 Hefelium
1639 2011 1734 2048 Con-

303 2058 571 2106 cilienyesch?
596 2060 634 2095 II
661 2071 698 2107 p.
722 2060 790 2095 421
915 2061 960 2096 15
986 2061 1222 2107 ἰουβεννάλιος
1250 2060 1290 2105 C,
1317 2060 1599 2106 ἰουβεννουάλιος
1626 2060 1669 2103 E,
1695 2071 1733 2095 V.

303 2107 356 2142 ad
375 2107 472 2142 XIII
497 2107 555 2150 22,
577 2107 623 2143 29
710 2109 754 2143 16
780 2109 974 2154 ἕτερούσιον
1002 2110 1085 2155 w*p
1112 2110 1250 2144 invitis
1269 2108 1340 2144 AR
1428 2109 1471 2144 17
1498 2112 1589 2155 post
1606 2109 1734 2153 κύριον

304 2155 396 2190 add.
422 2156 526 2201 ήμῶν
551 2155 745 2202 DEwpDz'
867 2160 958 2203 post
983 2157 1138 2203 Χριστὸν
1165 2167 1242 2192 om.
1268 2157 1414 2203 φορέσαι
1444 2156 1484 2202 C,
1511 2157 1641 2203 suppl.
1670 2157 1732 2196 Cw

230 2297 360 2334 regno
386 2287 574 2324 nuntium
599 2287 748 2324 laetum
774 2288 962 2333 tulerant,
1001 2287 1218 2324 'ratianum
1248 2290 1501 2335 praefectum
1526 2290 1641 2326 urbis
1668 2289 1733 2326 de·
1748 2292 1792 2328 19

232 2336 370 2379 clarat,
407 2335 509 2371 Iulio
542 2339 679 2372 autem
710 2335 911 2382 Illyricam
944 2337 1196 2383 provinciam
1227 2338 1449 2383 mandavit,
1487 2337 1733 2374 benevolum

232 2394 275 2420 se
302 2384 503 2430 praebens
530 2394 631 2430 erga
658 2394 808 2420 omnes.

351 2431 423 2467 His
460 2432 711 2477 temporibus
749 2433 891 2469 aedem
929 2434 971 2469 in
1009 2432 1242 2468 Blachernis
1280 2433 1484 2480 Deiparae
1518 2434 1732 2470 Pulcheria
1746 2437 1793 2472 20

233 2480 452 2524 exstruxit3
483 2483 523 2515 et
549 2483 738 2525 quartum
765 2481 917 2516 factum
945 2485 1004 2517 est
1031 2481 1255 2525 concilium,
1283 2491 1374 2517 cum
1400 2481 1497 2526 Leo,
1524 2492 1633 2528 papa
1658 2481 1790 2519 Ro-21

231 2537 388 2572 manus,
426 2531 466 2563 et
495 2526 719 2573 Anatolius,
758 2529 989 2574 patriarcha
1024 2539 1157 2564 novae
1184 2528 1347 2574 Romae,
1382 2532 1564 2565 orassent
1591 2539 1732 2576 regem

233 2574 493 2619 Marcianum,
531 2585 583 2611 ne
621 2580 832 2612 manerent
870 2577 1103 2623 incognitae
1141 2586 1205 2612 res
1241 2577 1508 2613 Alexandrini
1547 2577 1732 2613 Dioscori

234 2626 273 2659 et
305 2622 498 2668 Eutychis
529 2626 569 2659 et
601 2633 872 2670 quaecunque
906 2626 932 2660 ii
969 2625 1218 2661 committere
1256 2627 1398 2660 contra
1435 2625 1733 2661 sanctissimum

233 2671 321 2706 ausi
359 2674 494 2706 essent
527 2670 776 2707 Flavianum.
828 2672 1005 2708 Concilio
1044 2673 1169 2719 igitur
1207 2673 1340 2709 edicto
1376 2676 1657 2709 convenerunt
1690 2674 1731 2708 in
1745 2675 1792 2711 22

232 2717 543 2755 chalcedoniam
579 2718 719 2755 aedem
754 2719 791 2757 S.
823 2721 1013 2766 martyris
1049 2721 1297 2766 Euphemiae
1334 2724 1470 2766 patres
1509 2721 1584 2757 deo
1623 2721 1732 2767 pleni

231 2765 426 2810 DCXXX,
437 2766 584 2811 quibus
598 2771 814 2812 praeerant
828 2767 924 2813 Leo,
936 2779 1044 2814 papa
1059 2768 1264 2804 Romanus
1278 2771 1318 2804 et
1332 2767 1568 2814 Cpolitanus
1582 2767 1732 2805 Anato-
1745 2771 1791 2807 23

231 2813 308 2849 lius
326 2817 366 2849 et
385 2813 619 2850 Iuvenalius
636 2814 1039 2862 Hierosolymitanus.
1071 2814 1329 2852 Convenerat
1348 2819 1483 2853 autem
1503 2826 1551 2852 ea
1569 2821 1731 2863 patrum
1745 2819 1792 2855 24

231 2861 446 2898 multitudo
479 2865 620 2899 contra
645 2861 886 2900 Dioscorum
919 2867 958 2901 et
988 2864 1223 2910 Eutychem‚
1262 2865 1331 2911 qui
1362 2864 1527 2901 alterius
1559 2869 1732 2901 naturae

232 2912 356 2957 atque
393 2919 468 2947 nos
507 2919 670 2947 carnem
709 2911 916 2949 dominum
950 2911 1083 2949 Iesum
1116 2911 1317 2950 Christum
1355 2916 1538 2961 gestasse
1576 2913 1730 2951 fabula-
