2066 3230
478 255 954 294 PSEVDODIOGENES.
1002 255 1213 295 ANEMAS
1238 250 1482 296 MICHAEL.
1654 260 1724 300 745

234 374 465 419 ἀνεκαίνισέ
494 392 535 418 τε
566 376 668 419 αὐτὸ
696 377 767 419 καὶ
789 378 994 421 ἀνενέωσε
1012 379 1182 426 πολλοῖς
1201 379 1447 435 ἀναλώμασι
1468 380 1539 422 καὶ
1558 381 1724 436 πλῆθος

234 445 640 500 γηρωκομουμένων
683 446 801 501 αὐτῷ
839 447 1145 503 ἐγκατέστησεν.
1206 447 1310 490 ἀλλὰ
1347 448 1435 504 μὴν
1476 449 1548 492 καὶ
1589 466 1720 503 μονα-
1735 453 1758 489 2

198 508 201 511 ’
233 511 395 561 ζόντων
424 512 496 555 καὶ
525 515 807 568 μοναζουσῶν
843 516 888 557 ἕν
924 516 1042 570 αὐτῷ
1077 516 1268 571 ἐδείματο
1310 518 1572 573 καταγώγια·
1614 518 1724 573 πρὸς

234 580 281 623 δὲ
309 583 395 628 τὀῒς
424 581 496 624 καὶ
528 582 815 625 ὅιόασκαλεῖον
836 588 1153 638 γραμματικῶν,
1185 583 1235 627 ἵν’
1258 585 1302 628 ἐν
1323 586 1440 641 αὐτῷ·
1462 587 1723 629 ὀιόάσκοιντο

196 649 379 696 ὖπαῒὸες
408 649 590 705 ὀρφανοὶ
622 652 647 706 ἢ
681 652 842 705 γονέων
873 652 1063 707 ἀπόρων,
1096 653 1375 701 διδασκάλους
1405 655 1575 704 ἒντάξας
1605 656 1723 710 αὐτῷ

232 717 305 760 καὶ
323 718 623 774 παιδαγωγοὺς
647 719 718 762 καὶ
749 720 921 775 σιτήσεις
951 721 1161 771 ἀποτάξας
1192 726 1276 769 τοῖς
1307 723 1553 766 ὁιόάσκουσί
1579 740 1621 766 τε
1650 723 1723 767 καὶ

232 789 317 834 τοῖς
344 787 623 842 μανθάνουσι.

350 855 437 898 Καὶ
473 855 522 898 τὰ
558 856 637 911 μὲν
676 858 812 904 οὕτως
850 859 944 913 ἔσχε
982 859 1053 901 καὶ
1094 862 1216 915 μέχρι
1260 861 1381 903 τοῦδε
1425 862 1756 917 ὀιατετήρηται·3

38 930 49 954 ³
77 924 220 962 IV245
231 923 333 966 ἄλλο
365 921 403 966 δ’
430 923 556 972 αὖθις
586 925 691 967 κατὰ
723 930 796 968 τοῦ
828 928 1140 982 αὐτοκράτορος
1170 930 1467 984 συνεστήσαντό
1498 946 1600 977 τινες
1631 931 1719 972 ὀια-
1734 931 1765 969 C

172 995 220 1031 10
230 992 415 1048 βούλιον,
459 992 511 1036 οὗ
542 999 778 1048 κορυφαῖος
808 995 885 1050 μὲν
916 995 968 1051 ἦν
999 997 1023 1038 ὁ
1049 997 1223 1051 Ἀνεμᾶς
1254 997 1440 1052 ᾹῙιχαήλ,
1486 998 1721 1053 συνίστορες

232 1060 278 1103 ὂὲ
314 1061 461 1104 πολλοὶ
499 1066 584 1104 τῶν
615 1063 663 1104 τὰ
694 1067 842 1118 πρῶτα
873 1067 1171 1120 πραττομένων
1203 1067 1246 1108 ἓν
1276 1071 1326 1122 τῇ
1355 1067 1485 1122 μοίρᾳ
1516 1071 1565 1122 τῇ
1596 1083 1719 1122 στρα-

229 1129 395 1172 τιώτιόι.
456 1130 558 1172 ἀλλὰ
596 1133 729 1187 μήπω
766 1137 827 1187 τῷ
865 1134 978 1187 ἔργῳ
1015 1135 1343 1189 ἐπιχειρήσαιτες
1373 1135 1649 1190 ἕγνιόσθησάν
1678 1138 1755 1177 τε4

229 1197 303 1240 καὶ
334 1199 673 1254 συνελήφθησαν,
717 1200 788 1242 καὶ
827 1205 911 1247 τοῖς
940 1201 1018 1255 μὲν
1049 1202 1312 1257 συνωμόταις
1342 1202 1519 1256 ψίλωσις
1549 1203 1717 1258 ἐπήχθη

229 1270 316 1310 τῶν
345 1271 499 1323 τριχῶν
529 1267 600 1310 καὶ
631 1272 704 1310 τοῦ
735 1269 958 1323 πώγωνος,
1000 1270 1051 1311 οὗ
1083 1272 1214 1324 ξυρῷ,
1254 1270 1355 1312 ἀλλὰ
1389 1271 1597 1325 δρώπακι.
1658 1275 1755 1326 τῴδ

170 1338 216 1375 15
230 1332 269 1378 δ’
290 1335 445 1392 Ἀνεμᾷ
468 1337 686 1392 ἄψαυστος
709 1338 832 1393 μὲνὴ
856 1338 1018 1393 κεφαλὴ
1050 1338 1120 1380 καὶ
1152 1339 1176 1380 ὁ
1206 1339 1368 1393 πώγων
1399 1340 1606 1395 τετήρητο,
1636 1340 1717 1395 πή-

229 1420 360 1460 ρωσις
398 1405 443 1448 ὀὲ
480 1409 566 1448 τῶν
601 1407 844 1461 ὀφθαλμῶν
875 1408 1004 1449 αὐτοῦ
1035 1408 1334 1462 κατεψήφιστο.
1397 1409 1451 1449 ἔτι
1484 1408 1529 1450 δὲ
1559 1410 1754 1463 θριαμ-(ἰ

226 1473 474 1528 βευομένων
489 1475 630 1518 αὐτῶν
647 1476 1020 1531 ἐπικαταλαμβάνει
1033 1477 1239 1530 βασίλειον
1255 1477 1464 1531 θέσπισμα
1481 1480 1552 1531 τῆς
1571 1481 1719 1532 ποινῆς

227 1539 300 1583 τὸν
317 1541 496 1597 Ἀνεμᾶν
516 1543 813 1599 ἐξαιρούμενον
841 1545 915 1586 καί
943 1546 983 1586 οἱ
1013 1548 1264 1599 συγχωροῦν
1294 1548 1379 1587 τῶν
1409 1545 1614 1600 ὀμμάτων
1643 1545 1718 1600 τὴν

227 1609 428 1666 ἔκκοπήν.
489 1611 786 1667 ἀφαιρεθέντες
825 1613 869 1655 ὁὲ
906 1612 978 1661 τὰς
1008 1613 1152 1661 οὐσίας
1183 1613 1408 1668 ὑπερορίαν
1439 1613 1562 1661 ἄλλος
1593 1613 1716 1656 ἀλλα·
1731 1618 1752 1654 7

166 1681 215 1718 20
227 1677 327 1734 χόθι
356 1679 734 1736 κατεδικάσθησαν.

227 1786 252 1822 8
274 1785 400 1832 μελέτη
425 1785 516 1823 κατὰ
541 1792 600 1823 τοῦ
624 1787 807 1833 βασιλέως,
834 1787 877 1823 οὗ
902 1788 989 1830 (sic)
1006 1789 1028 1823 ὅ
1042 1793 1242 1833 κορυφαῖος
1259 1789 1280 1823 ό
1300 1787 1442 1834 Ἀνεμᾶς
1461 1786 1490 1824 C
1587 1788 1632 1824 14
1656 1788 1717 1825 καὶ

227 1834 320 1879 (om.
347 1832 391 1878 C)
417 1834 566 1880 δρῶπαξ
590 1835 628 1870 τὸ
651 1836 782 1881 χρίσμα
808 1835 854 1870 δι’
880 1836 922 1871 οὗ
945 1836 1096 1881 μαὸᾶται
1123 1835 1296 1881 (μαδεΐται
1323 1835 1367 1877 Ε)
1397 1836 1419 1882 ἦ
1444 1837 1607 1881 τρίχωσις
1633 1835 1696 1874 CE

244 1972 246 1975 v
300 1930 318 1965 1
345 1929 549 1966 ἂνακαίνισε
575 1930 622 1977 p*
697 1935 786 1977 post
811 1931 895 1966 αὐτὸ
921 1931 1013 1966 add·
1039 1930 1147 1970 εὐθὺς
1172 1930 1356 1967 CWolat.
1435 1931 1458 1966 2
1483 1946 1715 1977 γηρωκομου·

295 1977 415 2023 μένων
439 1977 484 2022 R,
509 1979 835 2024 γηροκομουμένων
861 1977 1029 2025 AwpDi‚
1056 1989 1093 2013 V.
1121 1978 1172 2013 ad
1199 1989 1236 2024 p.
1251 1978 1391 2022 744,17
1500 1980 1523 2014 4
1548 1979 1609 2014 καὶ
1635 1978 1716 2023 AR,

298 2035 374 2061 om.
390 2025 476 2072 W*p
561 2027 806 2062 διδασκαλεῖον
831 2025 997 2072 prDi,
1026 2026 1263 2061 ὁιδασκαλίων
1288 2025 1322 2061 Α
1411 2026 1434 2061 5
1461 2031 1549 2072 post
1574 2027 1596 2073 ἢ
1623 2027 1714 2062 add.

295 2073 357 2109 καὶ
382 2072 415 2109 O
538 2074 583 2109 10
606 2074 672 2119 μὲν
698 2085 773 2111 om.
800 2073 829 2110 C
954 2074 1082 2118 ἀνι-μὰς
1109 2074 1204 2119 Ewp
1340 2074 1379 2109 11
1410 2074 1626 2119 ταττομένων
1652 2073 1715 2110 BC

344 2125 439 2158 ante
463 2121 501 2158 ἕν
525 2121 618 2157 add.
643 2122 704 2158 καὶ
731 2121 766 2156 D
867 2122 919 2157 1‘2.
937 2122 980 2157 13
1005 2121 1280 2167 συνελήφθησάν
1298 2135 1333 2156 τε
1350 2121 1410 2157 καὶ
1430 2121 1660 2167 ἐγνώσθησαν
1678 2121 1713 2157 D

295 2167 571 2253 ὲῗλασυνοώμότῧις
590 2169 686 2216 Ewp
778 2169 822 2205 14
848 2174 993 2215 τριχιῶν
1012 2169 1041 2204 Ε
1130 2168 1194 2214 τῷ]
1222 2174 1282 2205 τοῦ
1305 2169 1336 2204 Ο
1427 2170 1472 2205 19
1496 2169 1646 2205 ἄλλοθεν
1670 2169 1713 2214 Β,

379 2229 403 2263 χ
453 2230 490 2253 εν

225 2309 341 2353 ravit,
378 2309 524 2354 multis,
565 2319 736 2356 quorum
769 2314 957 2346 senectus
989 2310 1041 2345 ibi
1079 2311 1295 2354 foveretur,
1337 2310 1375 2345 in
1412 2320 1460 2346 eo
1498 2310 1712 2346 collocatis.

225 2355 462 2403 Ibidemque
496 2361 579 2394 tum
614 2358 903 2394 monachorum
931 2361 970 2394 et
1000 2357 1286 2393 monacharum
1314 2357 1546 2393 deversoria
1572 2355 1750 2394 consti-2

224 2404 310 2448 tuit,
349 2407 435 2440 tum
458 2405 636 2441 scholam
662 2406 1027 2452 grammaticorum,
1067 2405 1106 2440 in
1135 2415 1214 2451 qua
1242 2405 1379 2451 pupilli
1407 2404 1650 2442 docerentur
1673 2410 1712 2441 et

224 2461 450 2498 pauperum
483 2453 608 2497 liberi,
649 2453 852 2499 magistris
890 2457 929 2489 et
967 2452 1219 2499 paedagogis
1256 2453 1482 2489 constitutis
1520 2454 1712 2499 victuque

223 2503 304 2535 tam
331 2498 570 2537 docentibus
597 2510 718 2546 quam
745 2500 992 2536 discentibus
1019 2500 1215 2535 ordinato.

342 2546 456 2590 Quae
483 2548 645 2595 quidem
671 2548 750 2584 huc
774 2558 904 2594 usque
932 2548 1217 2592 obem-vanum
1243 2547 1322 2583 alia
1341 2558 1437 2583 vero
1457 2557 1596 2584 rursus
1614 2547 1749 2584 inita3

222 2597 283 2630 est
313 2597 456 2631 eontra
486 2596 768 2643 imperatorem
804 2596 1060 2642 conspiratio,
1095 2596 1210 2630 cuius
1236 2594 1317 2630 dux
1348 2595 1423 2631 suit
1446 2594 1621 2631 Anemas
1646 2595 1711 2631 Mi-

222 2641 347 2687 chaffl,
386 2643 536 2679 conscii
574 2653 672 2679 vero
710 2642 821 2678 multi
859 2654 909 2678 ex
946 2643 1082 2688 primis
1113 2642 1275 2678 miiitiae
1306 2642 1582 2689 dignitatibus.
1632 2642 1746 2679 Sed4

222 2692 439 2736 antequam
466 2691 625 2727 facinus
651 2690 987 2737 aggrederentur,
1027 2690 1199 2736 cognitis
1226 2693 1263 2726 et
1295 2690 1593 2737 comprehensis
1621 2701 1710 2727 con-

222 2737 364 2773 iuratis
390 2738 521 2784 capilli
549 2742 589 2774 et
616 2738 767 2774 barbae
793 2738 1005 2783 ademptae
1032 2743 1125 2773 sunt
1153 2748 1231 2773 non
1266 2738 1477 2781 novacula,
1516 2738 1586 2773 sed
1622 2738 1710 2773 dro-

222 2794 335 2830 pace.
363 2783 540 2822 Anemas
559 2797 657 2822 vero
676 2785 829 2832 capillis
848 2786 1055 2831 barbaque
1077 2785 1222 2820 relictis
1243 2786 1400 2820 intactis
1418 2784 1710 2821 condemnatus
1723 2785 1747 2820 5

221 2831 274 2867 ad
301 2832 509 2869 oculorum
536 2834 802 2877 effossionem,
836 2833 930 2869 dum
958 2833 1182 2879 triumphus
1208 2832 1259 2867 de
1283 2833 1330 2868 iis
1356 2833 1503 2878 agitur,
1538 2832 1746 2869 interm-6

221 2879 298 2915 sito
331 2880 447 2926 regio
482 2880 614 2917 edicto
650 2891 781 2927 poena
816 2881 1114 2917 excaecationis
1152 2880 1355 2916 liberatur.
1406 2879 1547 2927 Itaque
1585 2890 1639 2927 pu
1670 2879 1746 2917 11³1

222 2926 381 2964 catione
408 2927 604 2965 bonorum
633 2929 786 2964 multati
813 2928 915 2963 alius
941 2928 1019 2963 aiio
1048 2927 1293 2972 roh—gantur.
