2054 3282
398 210 467 249 224
754 211 936 250 ZONAR.
966 211 1095 250 EPIT.
1123 210 1213 249 XIV
1240 214 1296 258 ΞΟ,
1325 212 1475 259 16-21,
1501 212 1534 250 5.

396 335 466 376 καὶ
497 335 662 390 πλῆθος
693 335 974 389 ἀποβαλόντες
1004 335 1124 382 πολύ,
1156 334 1225 375 καὶ
1258 337 1342 376 τῶν
1373 339 1488 389 νηῶν
1518 337 1800 391 ζημιωθέντες
1820 336 1893 384 τὰς

396 404 589 449 πλείονας
631 403 734 458 (τότε
772 403 851 457 γὰρ
890 404 961 444 καὶ
991 403 1037 444 τὸ
1069 402 1200 456 ὑγρὸν
1232 403 1467 458 ἔπινενόητο
1497 409 1598 459 πῦρ,
1640 405 1892 448 Καλλινίκου

394 471 502 517 τινὸς
527 472 815 525 ἀρχιτέκτονος
837 471 921 512 ἀπὸ
943 471 1103 524 Συρίας
1126 471 1323 518 ἐλθόντος
1346 473 1415 513 καὶ
1437 477 1557 514 τοῦτο
1580 474 1890 529 σκευάσαντος),
1908 482 1942 517 D
1962 482 2054 519 1113

337 546 380 581 17
393 538 480 594 μετ’
515 540 712 593 αἰσχύνης
744 539 814 580 καὶ
844 540 978 593 λύπης
1007 539 1163 593 πολλῆς
1195 540 1552 595 ἀνθυπέστρεῳον.
1616 542 1697 596 ἤδη
1737 542 1782 584 δὲ
1818 547 1891 585 τοῦ

394 608 730 662 περιλειφθέντος
760 608 1026 661 βαρβαρικοῦ
1059 607 1206 648 στόλου
1240 610 1464 663 γενομένου
1496 609 1602 651 κατὰ
1626 609 1672 650 τὸ
1694 610 1929 665 Σύλαιον,5

395 677 580 729 καταιγὶς
610 677 861 729 πνευμάτων
894 675 1054 730 σκληρὰ
1086 677 1221 729 τούτῳ
1252 683 1549 731 προσπεσοῦσα
1582 677 1653 719 τὸν
1673 678 1752 732 μὲν
1773 681 1892 721 κατέ-

279 751 310 786 Β
337 752 381 786 18
397 745 509 798 ὃυσε,
542 744 613 785 τὸν
646 744 691 785 δὲ
723 744 978 798 συνέτριψεν,
1013 745 1156 790 ἀκταῖς
1186 746 1502 799 προσαράξασα.
1566 748 1815 801 ἐπιθεμένου
1848 749 1894 790 δὲ

195 820 317 857 WIII
336 812 511 866 74αὗτῷ
549 812 620 853 καὶ
658 817 731 854 τοῦ
770 816 855 854 τῶν
891 812 1229 867 Κιβυρραιωτῶν
1267 819 1511 868 στρατηγοῦ,
1556 816 1667 861 ἅπας
1712 816 1893 858 διώλετο.

336 889 380 923 19
394 880 499 922 κατὰ
533 885 610 935 γῆν
643 878 679 921 δ’
714 880 839 926 αὖθις
871 882 988 935 ἑτέρα
1012 881 1176 935 στρατιὰ
1199 885 1283 923 τῶν
1300 882 1495 937 Ἀράβων
1512 883 1740 938 Ῥωμαϊκῷ
1760 900 1892 938 προσ-

393 949 581 1003 βαλοῦσα
605 949 874 1003 στρατεύματι
896 950 1053 1004 ἥττητο,
1081 950 1187 992 ὥστε
1207 955 1356 1005 πεσεῖν,
1391 951 1452 997 ὡς
1472 952 1640 1005 λέγεται,
1673 953 1891 1006 τριάκοντα
1909 962 1954 997 10

335 1026 381 1060 20
393 1017 594 1071 χιλιάδων
626 1018 676 1058 οὐ
707 1019 890 1072 μείονας.
954 1019 1145 1060 ἐντεῦθεν
1167 1020 1207 1060 οἱ
1227 1018 1474 1074 Σαρακηνοὶ
1497 1020 1660 1073 γνόντες
1686 1020 1748 1066 ὡς
1769 1021 1893 1062 οὐδὲν

394 1086 507 1139 σφίσι
538 1089 623 1127 τῶν
655 1086 699 1127 ἕν
731 1086 883 1127 ἐλπίσιν
915 1087 1130 1141 ἀνύσιμον,
1162 1088 1322 1141 μᾶλλον
1351 1089 1491 1142 μέντοι
1515 1088 1586 1129 καὶ
1609 1088 1811 1136 δείσαντες
1830 1089 1890 1144 μὴ

394 1154 534 1200 αὐτοῖς
575 1155 614 1195 οἱ
651 1154 848 1208 Ῥωμαῖοι
893 1155 1115 1209 ε’πέλθωσι,
1162 1156 1408 1198 σπείσασθαι
1453 1157 1778 1211 ἕβουλεύθησαν,
1821 1157 1892 1199 καὶ

394 1223 543 1263 στέλλει
573 1223 766 1277 πρέσβεις
798 1223 821 1264 ὁ
854 1224 1026 1269 Ᾱίαυιάς
1061 1224 1169 1278 πρὸς
1205 1225 1387 1279 βασιλέα,
1432 1226 1598 1280 εἰρήνην
1637 1226 1891 1280 αἰτούμενος.

333 1302 377 1336 21
394 1291 464 1332 καὶ
496 1292 520 1332 ὁ
550 1291 742 1345 βασιλεὺς
779 1291 888 1346 πρὸς
925 1293 1076 1347 ταύτην
1107 1294 1325 1335 κατένευσε
1357 1293 1427 1335 καὶ
1458 1294 1528 1336 τὸν
1559 1295 1774 1347 πατρίκιον
1799 1294 1890 1336 Ἰω-
1908 1305 1951 1339 15

395 1359 522 1414 άννην
542 1359 614 1400 τὸν
635 1359 918 1414 [Ῑιτζιγαύόην
947 1361 1209 1415 καλούμενον
1241 1363 1441 1416 ἔπεμψεν,
1475 1362 1536 1408 ὡς
1567 1362 1736 1403 συνετὸν
1756 1363 1890 1417 ἄνδρα

395 1490 434 1525 1]
465 1491 514 1525 ὅτι
539 1490 747 1535 ἀπογνόντες
773 1492 809 1526 οῖ
831 1496 891 1536 τῆς
914 1492 1018 1536 Ἅγαρ
1044 1492 1189 1537 εἰρήνην
1214 1493 1349 1537 ᾔτησαν
1374 1491 1434 1526 καὶ
1460 1491 1594 1536 δασμὸν
1620 1492 1740 1537 φέρειν
1758 1492 1891 1538 ἐτήσιον

395 1538 655 1583 (καὶ-ἐτήσιον
683 1549 757 1573 om.
786 1539 830 1581 E)
858 1545 899 1584 τῇ
924 1540 1080 1584 βασιλείᾳ
1102 1541 1292 1584 Ῥωμαίων
1318 1554 1353 1574 τε
1379 1541 1469 1581 (om.
1499 1539 1542 1583 C)
1569 1539 1757 1574 κατέθεντο
1784 1540 1846 1575 ΟΕ

466 1667 488 1701 2
515 1670 605 1712 post
630 1666 695 1712 γὰρ
719 1667 810 1702 add.
830 1667 879 1706 ὥς
897 1669 1078 1713 ἱστορεῖται
1097 1668 1128 1704 O
1154 1669 1220 1705 Wo
1239 1668 1304 1703 lat.
1402 1668 1616 1713 ἐπινενόηται
1643 1667 1678 1702 D
1775 1668 1797 1703 3
1822 1668 1891 1703 ἀπὸ

466 1713 613 1760 AEwp,
639 1716 680 1750 ἐκ
709 1715 739 1751 Ο
772 1716 839 1751 WO
865 1716 932 1751 lat.
1041 1717 1202 1755 ἐλθόντος
1229 1715 1375 1761 ΑΕὟῙ),
1405 1716 1627 1762 ἀφικομένου
1654 1715 1685 1750 O
1796 1719 1890 1751 ante,

465 1762 526 1797 καὶ
552 1762 644 1798 add.
669 1763 758 1808 πρὸς
783 1763 820 1798 τὸ
844 1764 1020 1809 βασίλειον
1046 1765 1130 1799 ἄστυ
1159 1765 1256 1809 pr
1385 1763 1710 1802 κατασκευάσαντος
1735 1762 1891 1809 EwpDi

464 1810 487 1845 4
512 1810 572 1845 καὶ
597 1811 709 1856 λύπης
737 1821 811 1846 om.
839 1811 868 1847 C
994 1812 1016 1846 5
1040 1812 1323 1857 περιλειφθέντος
1351 1811 1416 1845 Ew
1420 1810 1515 1856 pDz',
1539 1811 1817 1856 περιληφθέντος
1842 1810 1889 1856 A,

463 1859 668 1903 περιλοίπου
695 1859 726 1894 O
825 1859 846 1894 6
874 1862 968 1894 ante
994 1861 1148 1905 καταιγὶς
1175 1859 1265 1894 add.
1292 1859 1352 1894 καὶ
1378 1859 1409 1893 Ε
1512 1860 1623 1903 τούτῳ
1648 1864 1890 1903 προςπεσοῦσα

464 1906 603 1951 σκληρὰ
630 1906 660 1942 Ο
773 1907 793 1942 7
818 1908 1090 1952 προςαρράξασα
1118 1908 1160 1950 O,
1188 1919 1224 1942 v.
1253 1907 1304 1942 ad
1327 1907 1421 1941 XIII
1450 1907 1482 1949 7,
1509 1908 1531 1942 8
1640 1907 1661 1942 8
1687 1907 1783 1952 αὐτι)
1809 1906 1889 1952 ΑΕ,

463 1960 533 1992 τοϊς
554 1955 595 1989 ἐκ
622 1954 756 1989 τούτων
782 1955 986 1990 διασωθεῖσι
1015 1955 1111 2001 pr
1219 1960 1289 1990 τῶν
1317 1965 1391 1990 om.
1420 1954 1448 1990 C
1545 1956 1634 1993 ἅπας
1659 1954 1802 2000 Afflwp,
1828 1955 1890 1990 κᾶ-

463 2008 561 2037 κεΐνα
589 2002 620 2037 Ο
735 2003 756 2038 9
781 2004 1024 2049 προςβαλοῦσα
1052 2001 1219 2048 prD‘i,
1244 2003 1469 2048 προβαλοῦσα
1495 2003 1531 2036 A
1652 2002 1696 2037 10
1722 2005 1815 2038 ante
1841 2003 1890 2041 ὡς

465 2050 556 2084 add.
583 2051 621 2091 ἐξ
646 2051 763 2086 αὐτῶν
789 2050 819 2086 O
943 2052 997 2086 10.
1026 2052 1068 2086 11
1096 2053 1308 2096 τριςμυρίων
1339 2049 1370 2085 Ο
1492 2051 1536 2084 13
1561 2050 1758 2085 ἐπέλθωσιν
1782 2050 1890 2096 Ewp,

465 2098 536 2133 sed
563 2109 598 2133 v.
627 2099 680 2132 ad
705 2098 801 2133 XIII
831 2099 860 2144 1,
886 2099 908 2133 5
1004 2099 1268 2144 εβουλεύθησαν
1293 2098 1428 2143 Apr
1459 2098 1511 2142 (v.
1540 2097 1656 2133 D10n.
1683 2097 1771 2133 Hal.
1797 2097 1888 2133 Ant.

464 2145 575 2180 Rom.
603 2145 674 2181 XV
700 2147 722 2182 6
747 2147 812 2181 fin.
819 2149 841 2191 ),
851 2127 1019 2193 κὲβουλεύ
1025 2161 1127 2182 σαντο
1155 2147 1202 2192 Ι),
1227 2146 1473 2192 εβουλήθησαν
1499 2144 1556 2180 Dz
1694 2146 1737 2180 14
1760 2147 1890 2191 μαβιάς

464 2194 495 2228 Ε
483 2205 560 2239 wp
689 2195 777 2239 πρὸς
801 2195 944 2239 βασιλέα
972 2206 1046 2230 om.
1074 2196 1103 2230 E
1228 2195 1270 2230 15
1296 2194 1500 2230 κατένευσεν
1526 2194 1557 2227 F
1560 2204 1594 2227 ιι
1598 2192 1681 2238 pDz'
1707 2194 1808 2239 (ipse
1834 2193 1890 2228 Di

464 2242 666 2287 improbat
689 2243 766 2278 vol.
787 2242 819 2278 V
838 2253 874 2288 p.
894 2243 965 2288 93),
994 2255 1029 2278 v.
1050 2244 1100 2278 ad
1121 2243 1215 2277 XIII
1245 2244 1276 2288 1,
1303 2243 1325 2278 ὃ
1424 2242 1467 2276 16
1494 2241 1530 2275 τὸ
1549 2241 1594 2286 D,
1622 2241 1679 2276 τὸν
1702 2252 1803 2277 corr.
1822 2241 1889 2280 Dw

392 2361 659 2407 pluribusque
696 2363 872 2397 navibus
907 2363 1063 2398 amissis
1100 2364 1208 2407 (nam
1242 2366 1326 2399 turn
1354 2362 1473 2398 etiam
1501 2360 1682 2397 Graecus
1720 2361 1826 2406 ignis
1865 2371 1889 2395 a

393 2409 584 2445 Callinico
605 2410 779 2455 quodam
796 2411 1014 2446 architecto
1045 2422 1069 2446 a
1084 2410 1201 2456 Syria
1215 2414 1396 2457 profecto
1413 2410 1670 2454 excogitatus
1697 2408 1770 2453 est)
1798 2418 1889 2443 eum

334 2460 378 2496 17
393 2457 593 2492 dedecore
619 2468 852 2503 magnoque
884 2468 1068 2494 maelore
1107 2462 1214 2494 retro
1242 2460 1443 2494 abieiunt.
1494 2457 1592 2492 Cum
1631 2459 1767 2491 autem
1802 2457 1888 2491 bai-

393 2505 557 2540 bari0ae
574 2506 711 2540 classis
725 2506 946 2551 reliquiae
936 2516 1014 2541 lam
1031 2507 1082 2541 ad
1098 2506 1288 2542 Svlaeum
1300 2507 1515 2549 venissent,
1536 2507 1600 2538 tul
1604 2505 1654 2538 bo
1671 2505 1888 2539 vehemens

393 2555 560 2588 exortus
587 2563 714 2588 naves
740 2554 886 2599 partim
915 2554 1115 2598 demersit,
1155 2556 1297 2600 partim
1326 2553 1501 2599 seopulis
1539 2551 1660 2587 illisas
1688 2552 1887 2587 eontflvit.

334 2603 378 2637 18
394 2600 611 2636 Praeterea
639 2601 805 2636 classem
830 2602 949 2636 etiam
969 2601 1352 2648 Olbyrrhaeotarum
1380 2602 1464 2635 dux
1491 2609 1712 2646 aggressus
1740 2599 1888 2634 delevit

333 2652 377 2684 19
393 2651 528 2683 totam.
572 2648 758 2684 Ceterum
786 2650 905 2684 etiam
933 2650 1034 2684 alius
1060 2649 1242 2685 Arabum
1269 2650 1471 2686 exercitus
1498 2658 1521 2682 a
1549 2647 1739 2682 Romanis
1766 2647 1882 2692 legio-

331 2697 379 2732 20
393 2695 512 2730 nibus
540 2697 671 2732 victus
698 2701 758 2732 est
784 2697 951 2742 triginta
982 2698 1151 2742 milibus,
1190 2701 1235 2733 ut
1261 2699 1407 2741 s·‚e1unt
1437 2696 1589 2731 occisis.
1640 2694 1756 2730 Unde
1774 2693 1888 2730 Sara—

393 2743 480 2777 ceni
509 2754 599 2779 eum
627 2746 917 2790 eoonovissent
954 2745 1050 2780 nihil
1078 2747 1156 2780 iam
1198 2747 1282 2791 spei
1310 2755 1397 2780 esse
1436 2744 1501 2779 vel
1528 2742 1664 2788 potius
1690 2743 1887 2786 timerent,

391 2800 443 2825 ne
469 2801 493 2825 a
519 2791 710 2827 Romanis
738 2793 813 2838 ipsi
839 2793 1143 2836 invaderentur,
1170 2794 1280 2839 pacis
1307 2792 1519 2828 f·1eie11dae
1539 2791 1747 2826 eonsilium
1776 2799 1889 2835 cepe-

331 2841 497 2875 211·.unt
547 2839 707 2875 Maviae
734 2842 857 2886 igitur
884 2851 1025 2886 pacem
1047 2851 1119 2887 per
1145 2841 1302 2887 legatos
1328 2841 1478 2886 petenti
1506 2849 1578 2874 lex
1606 2839 1749 2873 annuit
1770 2838 1888 2872 misit-

393 2895 471 2931 que
487 2888 698 2932 patr-idum
716 2887 772 2922 10
762 2898 918 2934 aunem,
947 2890 1010 2924 cui
1027 2889 1292 2935 Pitzigamlae
1312 2898 1456 2924 nomen
1474 2891 1570 2931 erat,
1597 2890 1737 2933 utpote
1758 2886 1886 2921 virum
