1968 3302
319 235 366 270 70
666 232 847 270 ZONAR.
876 233 1008 269 EPIT.
1036 233 1132 268 XIII
1159 233 1214 277 13,
1241 231 1394 278 34-14,
1422 233 1476 269 14.

257 358 303 394 35
317 356 479 411 βιώσας
523 355 735 402 ἐνιαυτοὺς
779 356 916 400 οὕτως
960 355 1021 400 ὡς
1064 355 1219 409 εἴρηται
1263 355 1438 409 ἀπεβίω.
1486 356 1526 397 ’ὁ
1559 357 1604 398 δὲ
1637 356 1703 398 διὰ
1734 360 1820 399 τῶν

319 425 508 478 ἀστέρων
539 424 613 479 τὴν
646 424 805 465 ἐκείνου
837 422 1104 477 προμυηθεὶς
1135 422 1323 478 τελευτὴν
1354 424 1557 479 ἀφορμὴν
1588 426 1682 480 ἔσχε
1712 425 1821 480 πρὸς

320 492 527 534 εὐπιστίαν
557 491 604 534 τὸ
637 493 790 546 ὅραμα.

252 559 305 601 14
446 561 775 616 Τελευτήσαντος
808 560 852 601 δὲ
878 559 1108 602 Ἰουλιανοῢ
1136 561 1277 615 ψήφῳ
1299 566 1420 617 κοινῇ
1446 562 1648 617 Ἰοβιανὸς
1669 564 1727 610 εἷς
1746 563 1821 618 τὴν

321 630 549 684 αὕταρχίαν
587 629 881 683 προυκέκριτο,
929 628 1018 670 τότε
1057 629 1297 683 χιλιαρχῶν,
1347 630 1454 685 ἀνὴρ
1494 631 1683 686 εὐσεβής,
1730 631 1856 678 υἱός5

285 698 603 751 2Βαρωνιανοῦ
643 697 977 751 χρηματίσαντος
1015 697 1211 752 κόμη-τος.
1275 699 1299 739 ὁ
1337 698 1374 740 δ’
1407 698 1460 754 ἦν
1499 699 1574 754 τὴν
1611 700 1820 754 βασιλείαν

321 767 672 821 ἀπαναινόμενος·
731 766 802 807 καὶ
833 765 907 820 τὴν
939 766 1070 807 αἰτίαν
1102 767 1330 821 ἐρωτηθεὶς
1362 767 1558 822 ἒξεβόησε
1589 768 1821 823 χριστιανός

284 838 306 873 3
321 835 421 877 εἷναι
453 835 524 876 καὶ
554 835 613 889 μὴ
648 835 872 889 ἀνέχεσθαι
912 835 1141 889 βασιλεύειν
1180 840 1357 889 στρατοῦ
1398 837 1687 892 ἑλληνίζοντος.
1749 837 1820 879 καὶ
1835 838 1869 872 D
1889 838 1924 872 ΙΙ
1947 839 1952 866 ἕ

277 903 450 950 Οεῦθὺς
481 904 729 958 ὁμοφώνως
761 904 823 950 ὡς
855 905 901 945 ἐκ
934 905 1205 959 συνθήματος
1237 906 1414 952 ἅπαντες
1442 906 1699 961 ἀντεβόησαν
1720 905 1820 948 εἶναι

283 972 552 1027 4χριστιανοί.
615 973 686 1014 καὶ
719 973 855 1019 οὕτως
887 974 1044 1019 ἐκεῖνος
1077 973 1303 1027 δεξάμενος
1334 974 1408 1029 τὴν
1440 975 1575 1030 ἀρχὴν
1599 979 1684 1022 τοῖς
1704 975 1819 1030 ΙΙέρ-
1836 977 1881 1012 10

321 1057 411 1087 σαις
444 1041 672 1094 ἐσπείσατο,
707 1042 758 1083 οὗ
789 1042 1091 1096 προσηκούσας
1117 1042 1341 1097 Ῥωμαίοις
1363 1043 1549 1090 σπονδὰς
1570 1044 1615 1092 ἒξ
1636 1044 1822 1099 ἀνάγκης

1951 1102 1956 1117 f

284 1110 575 1164 ὅπεποιηκώς.
645 1116 718 1166 τῆς
758 1110 838 1165 γὰρ
871 1111 1083 1166 Νισίβεως
1123 1111 1194 1152 καὶ
1225 1111 1454 1166 Σιγγάρας,
1501 1112 1668 1154 πόλεων
1706 1129 1820 1166 περι-
1966 1158 1968 1163 ,

320 1182 486 1233 φανῶν,
519 1179 659 1234 ἐξέστη
688 1180 840 1233 αὐτοῖς,
873 1180 1110 1234 μετοικίσας
1140 1179 1237 1226 τοὺς
1267 1180 1491 1227 κατοίκους
1521 1184 1607 1223 τῶν
1636 1181 1821 1223 πόλεων·
1954 1154 1968 1189 ᾗ

285 1246 396 1302 6ὗφ’
443 1246 507 1290 ὧν
550 1249 828 1303 θρηνούντων
871 1248 942 1290 καὶ
988 1249 1163 1303 ἀναίδην
1207 1249 1528 1304 ἕβλασφημεῒτο.
1606 1249 1709 1291 ἀλλὰ
1752 1250 1823 1291 καὶ
1955 1207 1968 1311 {⁵3

322 1320 482 1372 χωρῶν
514 1318 656 1364 αὑτοῖς
686 1318 856 1360 πολλῶν
887 1319 1169 1372 παρεχώρησε
1190 1317 1261 1359 καὶ
1284 1318 1460 1359 δικαίων
1477 1318 1700 1373 Ῥωμαίοις
1721 1319 1821 1373 ἀνη-
1839 1319 1883 1355 15
1960 1314 1968 1362 ἕ

286 1386 488 1428 Ἰκόντων
519 1386 741 1428 ἀνέκαθεν.
805 1386 876 1428 καὶ
908 1386 1088 1441 ὁμήρων
1121 1387 1337 1428 δοθέντων
1368 1388 1646 1441 ἑκατέρωθεν,
1687 1388 1824 1434 οὕτως
1951 1366 1968 1448 ἐ

286 1455 647 1510 8ἒβεβαιώθησαν
679 1456 722 1496 αῖ
753 1456 940 1497 σπονδαί.
1004 1456 1196 1497 ἐντεῦθεν
1218 1456 1540 1510 ἀναζευγνύντες
1561 1457 1602 1498 οἱ
1624 1456 1823 1510 Ῥωμαῖοι

323 1524 467 1566 σπάνει
498 1526 583 1565 τῶν
615 1524 858 1578 ἀναγκαίων
889 1524 1263 1578 περιπεπτώκασιν,
1297 1525 1359 1570 ὡς
1388 1525 1498 1579 μηδὲ
1523 1525 1676 1571 ὕδατος
1697 1526 1822 1567 εὐπο-
1958 1515 1959 1518 ¹

322 1654 345 1690 4
369 1654 527 1700 βασιλεία
549 1654 724 1700 Ἰοβιανοῦ
750 1659 810 1689 τοῦ
837 1654 1085 1700 εὐσεβεστάτου
1112 1654 1172 1690 καὶ
1199 1654 1480 1699 ὀρθοδοξοτάτου
1507 1653 1552 1699 Α,
1578 1655 1736 1701 βασιλεία
1757 1655 1823 1691 'Io-

321 1704 446 1748 βιανοῢ
472 1702 515 1744 Β,
558 1702 751 1747 ἀνάρρησις
777 1703 947 1747 Ἰοβιανοῢ
976 1702 1049 1746 OE,
1087 1703 1247 1748 βασιλεία
1273 1703 1551 1738 οὗαλεντινιανοῦ
1579 1714 1679 1738 corr.
1706 1703 1747 1738 in
1773 1704 1823 1738 ἰο-

321 1752 446 1796 βιανοῦ
472 1750 508 1784 D
608 1750 654 1785 10
679 1752 755 1789 οἵας
781 1750 870 1795 (οἵας
889 1750 934 1791 Ε)
962 1752 982 1785 ὁ
1002 1750 1172 1796 Ἰοβιανὸς
1200 1751 1422 1797 (βασιλεύσας
1448 1752 1516 1797 ἷοβ.
1537 1751 1584 1794 E)
1610 1751 1711 1786 ἔθετο
1736 1751 1824 1796 πρὸς

321 1798 463 1843 Πέρσας
491 1799 540 1841 (π.
565 1799 614 1834 Π.
644 1809 718 1834 om.
747 1798 792 1841 E)
820 1799 973 1838 σπονδάς
1000 1798 1062 1835 GE

394 1918 417 1952 2
442 1919 584 1963 ἄστρων
610 1919 641 1953 Ε
786 1918 1009 1963 προμυηθεὶς
1035 1917 1147 1962 Awp,
1173 1919 1418 1963 προσμυηθεὶς
1444 1918 1486 1962 Β,
1512 1918 1755 1963 προμηνυθεὶς
1781 1919 1823 1963 Ε,

393 1966 546 2011 μυηθεὶς
573 1966 606 2001 R
719 1966 743 2001 4
768 1966 828 2011 εἷς]
855 1966 943 2011 πρὸς
970 1966 1000 2001 Ε
1115 1966 1136 2002 7
1162 1966 1287 2012 ἐβόησε
1313 1967 1344 2001 Ε
1458 1967 1479 2001 9
1505 1966 1709 2011 ὁμοφώνως
1734 1969 1825 2012 post

394 2014 622 2059 συνθήματος
649 2013 678 2049 C
801 2014 846 2048 12
871 2014 1019 2059 σιγγάρα
1046 2014 1092 2058 D,
1121 2025 1222 2049 corr.
1249 2013 1318 2052 Dw
1443 2014 1488 2048 14
1514 2015 1642 2060 ἀνέδην
1667 2012 1825 2060 prDz'

396 2062 443 2098 17
468 2061 756 2107 ἀναζευγνύοντες
782 2061 937 2107 BSpr

261 2189 308 2226 35
323 2194 502 2237 vixisset,
537 2194 593 2229 ita
622 2196 668 2229 ut
695 2193 846 2229 dictum
873 2196 932 2229 est
960 2194 1044 2228 vita
1071 2194 1254 2229 excessit.
1305 2193 1343 2229 Is
1370 2204 1468 2229 vero
1496 2195 1565 2239 qui
1591 2204 1663 2239 per
1689 2193 1824 2230 stellas

323 2242 410 2277 eius
437 2242 591 2277 obitum
621 2244 851 2287 praenorat,
879 2242 1046 2276 visionis
1069 2242 1174 2277 illius
1194 2242 1408 2277 occasione
1428 2251 1567 2277 veram
1585 2242 1823 2288 religionem

323 2292 383 2326 est
409 2290 632 2335 amplexus.

442 2337 499 2372 14.
548 2337 706 2372 Iuliano
745 2340 904 2372 mortuo
943 2338 1142 2372 sententia
1183 2338 1385 2372 communi
1424 2337 1601 2373 IoleNo
1643 2337 1824 2373 defertur

322 2385 547 2431 imperium,
587 2385 655 2430 qui
688 2389 773 2420 tum
806 2385 995 2420 tribunus
1022 2388 1119 2429 erat,
1159 2386 1222 2420 vir
1253 2386 1355 2430 pius,
1390 2385 1633 2420 Varroniani
1669 2385 1824 2420 comitis

287 2429 439 2468 2filius.
490 2432 608 2475 Quod
627 2443 718 2468 cum
743 2436 963 2477 recusaret,
991 2442 1153 2468 eausam
1182 2436 1352 2478 rogatus
1378 2443 1420 2468 se
1439 2432 1708 2468 Christianum
1736 2442 1824 2468 esse

286 2477 310 2512 3
323 2480 570 2516 exclamavit
591 2490 726 2525 neque
744 2480 918 2515 tolerare
936 2490 1110 2524 regnum
1129 2482 1280 2526 pagani
1300 2481 1514 2516 exercitus.
1565 2478 1699 2525 Atque
1718 2480 1823 2515 illico

324 2528 670 2564 consentientibus
696 2528 868 2563 vocibus
895 2528 1010 2572 quasi
1030 2538 1080 2563 ex
1101 2529 1321 2574 composito
1343 2538 1481 2563 onmes
1499 2528 1824 2563 reclamaverunt

286 2572 367 2611 4se
393 2586 482 2612 esse
509 2575 767 2612 Christianos.
818 2574 884 2611 Sic
915 2575 980 2611 ille
1013 2583 1180 2620 accepto
1211 2576 1378 2621 imperio
1406 2586 1496 2610 cum
1523 2575 1656 2611 Persis
1682 2585 1823 2621 pacem

287 2619 420 2659 5fecit
445 2624 718 2659 necessariam
745 2624 876 2669 magis
904 2633 1025 2668 quam
1054 2623 1253 2658 decoram.
1305 2623 1406 2660 Nam
1432 2623 1559 2659 Nisibi
1584 2627 1623 2658 et
1650 2622 1824 2668 sing-ara

324 2670 495 2706 urbibus
525 2671 748 2706 illustribus
783 2671 840 2706 eis
875 2671 1004 2714 cessit,
1044 2671 1202 2706 civibus
1237 2671 1315 2706 alio
1358 2671 1578 2715 translatis3
1618 2681 1642 2705 a
1677 2671 1824 2715 quibus

289 2715 310 2750 6
326 2718 579 2763 plorantibus
606 2719 726 2754 etiam
744 2718 1001 2764 impudenter
1018 2718 1242 2753 maledictis
1259 2719 1548 2753 incessebatur.
1587 2718 1824 2753 Provincias

324 2766 417 2801 item
450 2766 597 2802 multas
632 2767 689 2801 eis
725 2766 922 2801 concessit
956 2769 996 2801 et
1029 2766 1120 2801 iura
1150 2766 1373 2810 antiquitus
1400 2766 1452 2800 ad
1476 2766 1679 2800 Romanos
1706 2766 1823 2811 perti-

241 2810 473 2848 7·8nentia.
524 2813 640 2849 Datis
681 2814 885 2859 utrimque
927 2813 1135 2849 obsidibus
1176 2813 1334 2848 firmata
1372 2823 1483 2859 pace,
1523 2812 1692 2848 Romani
1728 2813 1823 2848 inde

326 2860 579 2896 discedentes
617 2862 790 2907 penuria
824 2871 958 2897 rerum
991 2861 1311 2897 necessariarum
1343 2861 1561 2895 conflictati
1587 2863 1680 2895 sunt
1707 2860 1821 2904 adeo,

289 2905 370 2943 9ut
407 2918 515 2953 aqua
558 2909 679 2944 etiam
723 2909 923 2945 deficeret.
987 2909 1180 2945 Iovianus
1222 2909 1347 2954 igitur
1389 2918 1479 2944 cum
1522 2918 1648 2954 aegre
1685 2906 1823 2944 Antio-
