2054 3282
255 226 467 264 BELLVM
493 223 771 262 ARABICVM.
822 219 1128 260 STEPHANVS
1154 219 1221 255 ET
1247 214 1587 254 THEODOSIVS.
1637 212 1705 250 ‘231

206 348 300 396 λεὺς
329 346 417 404 μετ’
451 348 604 402 ὀλίγων
634 346 706 389 τὸν
738 346 930 400 ὄλεθρον,
963 343 1050 387 ἐπεὶ
1069 341 1176 385 κατὰ
1198 340 1269 383 τὸν
1290 337 1512 393 Λευκάτην
1534 337 1706 391 ἐγένετο,

205 418 303 464 τοὺς
338 417 678 471 περιλειφθέντας
714 416 762 458 ἐκ
800 418 874 457 τοῦ
911 412 1150 468 περιουσίου
1187 411 1292 452 λαοῦ
1329 412 1414 451 τῶν
1445 406 1708 461 Σθλαβικῶν

206 487 478 542 ἀναιρεθῆναι
507 485 666 531 πάντας
695 485 939 538 προσέταξε·
983 481 1055 524 καὶ
1091 481 1241 527 πάντες
1271 479 1361 521 ἐκεῖ
1386 477 1520 532 ξίφεσι
1550 489 1705 528 συγκο-

205 556 348 602 πέντες
379 555 611 610 ἐρρίφησαν
641 555 699 600 εἰς
728 553 803 608 τὴν
833 552 1056 594 θάλατταν.
1118 550 1189 592 καὶ
1220 549 1244 591 ὁ
1274 547 1353 603 μὲν
1383 547 1441 592 εἷς
1468 544 1515 587 τὸ
1537 542 1704 592 Βυζάν-
1721 542 1765 577 19

170 631 292 667 ὅτιον
324 623 628 678 παραγεγονὼς
668 622 915 676 οἰκοδομαῖς
952 619 1282 675 προσησχόλητο.
1345 614 1468 662 οὗτος
1511 612 1591 668 γὰρ
1634 610 1706 653 τὸν
1719 611 1767 646 20

204 693 398 748 μέγιστον
427 696 513 734 τῶν
542 690 651 746 πρὸς
682 691 900 745 ἀνίσχοντα
932 690 1048 745 ἥλιον
1078 687 1298 744 βασιλείων
1329 683 1586 740 ᾠκοδόμησε
1621 680 1705 735 τρί-
1720 679 1752 715 Ρ
1760 677 1893 716 1193Α

205 762 358 810 κλινον,
402 763 450 808 ὃς
488 760 559 803 καὶ
595 765 645 816 τῇ
682 760 811 801 αὑτοῦ
843 759 1023 800 καλεῖται
1054 757 1195 812 κλήσει
1225 756 1349 810 μέχρι
1378 757 1452 795 τοῦ
1483 755 1558 794 νῦν
1588 748 1705 804 λεγό-

202 846 331 886 μενος
355 830 687 875 Ἴουστινιάνειος.
750 829 791 870 οῖ
828 828 873 870 δὲ
910 831 983 882 τῆς
1005 826 1137 880 Ἅγαρ
1176 825 1315 870 ἀδεῶς
1351 823 1396 871 ἐξ
1428 821 1587 863 ἐκείνου
1618 822 1706 865 ταῖς
1719 818 1763 853 21

204 903 290 942 τῶν
310 899 533 954 Ῥωμαίων
559 898 721 953 χώραις
743 898 976 951 ἐπέβαινον·
1009 895 1081 937 καὶ
1102 895 1126 936 ὁ
1148 899 1220 949 τῆς
1235 891 1455 947 Ἀρμενίας
1477 890 1706 932 ἐπιστατῶν
1719 887 1765 923 22

2 965 19 976 Ὗ
147 975 192 1010 10
204 968 445 1023 Σαββάτιος
476 968 501 1009 ὁ
536 967 753 1021 πατρίκιος
791 966 865 1020 τὴν
903 964 1027 1020 ἧτταν
1060 968 1133 1006 τοῦ
1172 962 1378 1018 βασιλέως
1419 959 1580 1015 μαθὼν
1622 961 1706 1004 τοῖς

5 1027 19 1091 ,5
195 1037 354 1092 Ἄραψι
396 1036 700 1092 προσεχώρησε
744 1035 815 1077 καὶ
858 1034 933 1089 τὴν
965 1032 1186 1088 Ἀρμενίαν
1229 1032 1370 1077 αὐτοῖς
1411 1027 1705 1083 παραδέδωκε.

0 1089 31 1262 ξ
203 1106 275 1148 καὶ
306 1107 386 1148 οὐκ
419 1106 625 1147 ἐπαύοντο
657 1106 824 1146 ἅπασαν
854 1103 929 1158 τὴν
959 1102 1072 1157 ἑῴαν
1102 1102 1298 1156 δῃοῦντες
1319 1097 1507 1144 καὶτοὺς
1528 1111 1704 1152 χριστω-
1719 1094 1766 1130 23

25 1220 27 1222 .
48 1185 106 1222 ΙΙΙ
119 1185 190 1222 323
204 1175 365 1229 νύμους
395 1174 780 1229 αἰχμαλωτίζοντες.

0 1247 25 1301 4
315 1242 397 1285 Ἦν
429 1243 475 1285 δὲ
505 1248 567 1297 τῷ
597 1242 759 1298 βασιλεῖ
778 1241 914 1296 τούτῳ
937 1238 1133 1294 ἐκτομίας
1154 1238 1387 1293 Στέφανος,
1419 1234 1466 1278 τὸ
1487 1234 1565 1290 μὲν
1587 1234 1706 1288 γένος
1719 1232 1765 1268 24

8 1304 10 1306 ¹
146 1315 190 1350 15
204 1313 251 1354 ἐκ
279 1312 515 1367 βαρβάρων
546 1311 694 1359 ἕλκων,
726 1310 890 1365 ἀπηνὴς
922 1310 967 1352 δὲ
998 1308 1069 1350 καὶ
1100 1307 1206 1361 ὑπὲρ
1236 1306 1484 1362 βαρβάρους
1514 1303 1586 1346 καὶ
1615 1301 1706 1344 λίαν

204 1379 432 1434 ὠμότατος.
495 1378 618 1425 οὗτος
647 1376 749 1432 παρ’
783 1379 901 1432 αὐτῷ
930 1378 1095 1419 πλεῖστα
1129 1376 1411 1430 δεδυνημένος
1447 1372 1518 1415 καὶ
1557 1371 1704 1414 σακελ-
1719 1371 1766 1407 25

202 1448 346 1503 λάριος
379 1448 645 1503 προεβλήθη·
689 1446 760 1489 καὶ
802 1446 937 1501 βαρὺς
980 1445 1032 1501 ἦν
1075 1446 1228 1487 ἅπασιν
1271 1444 1350 1486 οὐκ
1388 1443 1432 1484 ἓν
1470 1440 1705 1495 εἶσπράξεσι
1720 1439 1766 1476 26
1791 1439 1823 1475 Β

202 1591 225 1626 8
249 1590 326 1635 περὶ
352 1595 423 1626 τῶν
444 1590 644 1636 Ἀγαρηνῶν
668 1590 728 1625 καὶ
754 1591 804 1625 ὅτι
831 1589 985 1635 ἐμισήθη
1013 1588 1108 1633 παρὰ
1135 1588 1276 1623 πάντων
1303 1588 1353 1628 (π.
1378 1586 1477 1621 πάντ.
1506 1595 1581 1620 om.
1611 1583 1657 1628 E)
1685 1583 1706 1617 ὅ

200 1638 363 1685 βασιλεὺς
387 1638 490 1677 οὗτος
515 1638 561 1674 δι’
587 1638 756 1684 εὐνοῦχόν
781 1652 856 1673 τινα
874 1638 1056 1683 Στέφανον
1079 1636 1139 1671 καὶ
1162 1636 1319 1681 μοναχόν
1345 1648 1419 1670 τινα
1451 1632 1703 1678 (Στέφ.-τινα

204 1697 280 1723 om.
306 1685 351 1729 C)
380 1687 574 1723 Θεοδόσιον
599 1685 662 1722 ΟΕ

275 1818 292 1853 1
321 1817 386 1854 σὺν
410 1818 536 1864 ὀλίγοις
563 1818 594 1853 Ο
699 1817 722 1853 2
745 1817 1028 1863 περιληφθέντας
1054 1816 1140 1860 (sie)
1168 1814 1203 1851 A
1301 1815 1508 1860 σκλαβικῶν
1534 1812 1620 1858 W*p
1647 1813 1703 1847 in-

275 1866 368 1902 vitis
395 1865 475 1910 AR,
504 1877 540 1901 v.
567 1865 619 1901 ad
646 1865 738 1901 XIV
762 1865 820 1909 22,
838 1866 861 1901 9
957 1866 980 1899 3
1004 1864 1191 1909 προςέταξε
1218 1861 1384 1908 prDi‚
1410 1861 1627 1906 προςέταξεν.
1656 1859 1701 1903 Α,

275 1925 313 1949 v.
339 1914 392 1949 ad
418 1913 513 1950 XIII
543 1914 573 1957 l,
596 1914 619 1949 5
763 1913 785 1948 3
811 1913 871 1948 καὶ
895 1912 1020 1951 πάντες
1046 1932 1089 1937 —-
1116 1911 1139 1947 4
1165 1911 1339 1947 θάλατταν
1364 1910 1474 1955 pr,
1507 1920 1581 1944 om.
1609 1906 1703 1943 ADi

273 1962 296 1997 6
323 1961 406 2007 τῶν]
433 1961 492 1996 τὸν
516 1962 604 2005 (sic)
621 1960 690 1996 AB
778 1962 797 1996 7
823 1961 1038 2005 καλούμενος
1053 1959 1200 2006 DEwp,
1231 1969 1307 1994 om.
1323 1958 1352 1994 C
1425 1958 1448 1993 8
1474 1957 1702 1995 ιὀυστινιανός

275 2010 361 2051 (sic)
388 2008 487 2055 w*p‚
514 2009 826 2045 Iustinianeum:
858 2010 926 2044 lVo
952 2008 1018 2044 lat.
1117 2008 1139 2042 9
1163 2007 1392 2052 προςέβαινον
1418 2005 1450 2041 O
1549 2005 1595 2040 10
1620 2006 1702 2050 σαβ-

273 2058 391 2103 βάτιος
417 2055 585 2103 prDi‚
611 2057 773 2103 σαβάτιος
798 2056 845 2101 Α,
872 2057 1066 2103 σαββάκιος
1091 2055 1123 2091 Ε
1223 2054 1268 2090 14
1292 2055 1404 2099 τούτῳ
1431 2059 1481 2098 τῷ
1506 2053 1648 2099 βασιλεῖ
1670 2051 1701 2087 Ο

322 2109 413 2151 post
428 2105 591 2150 ἐκτομίας
613 2105 704 2140 add.
719 2119 769 2144 τις
784 2104 815 2140 Ο
915 2104 960 2139 14
977 2104 1015 2138 τὸ
1026 2103 1091 2149 μὲν
1107 2123 1148 2129 -
1168 2103 1210 2138 16
1229 2101 1422 2147 ὠμότατος]
1438 2101 1621 2147 βάρβαρος
1637 2099 1702 2144 μὲν

274 2152 312 2188 τό
335 2153 444 2198 γένος,
472 2152 560 2197 ὑπὲρ
585 2152 791 2198 βαρβάρους
816 2151 855 2187 δὲ
882 2151 942 2198 τὴν
967 2152 1136 2198 ἀπήνειαν
1162 2151 1222 2186 καὶ
1245 2151 1322 2186 λίαν
1346 2150 1527 2194 ὠμότατος
1551 2148 1702 2193 (ὥμότη·

273 2214 330 2240 τος
355 2199 403 2246 D,
430 2210 531 2236 corr.
560 2199 643 2244 Dw)
670 2199 702 2236 Ο
829 2200 873 2235 17
898 2200 1046 2245 πράξεσι
1072 2198 1120 2243 D,
1147 2199 1269 2235 rebus
1295 2197 1505 2244 gerendis:
1538 2197 1606 2232 Wo
1634 2196 1701 2231 lat.

203 2332 343 2377 paucis
382 2334 648 2367 conservatus
689 2335 901 2377 postquam
942 2331 993 2366 ad
1020 2330 1228 2366 Leucaten
1269 2329 1465 2375 pervenit,
1510 2328 1702 2373 reliquias

202 2380 318 2416 eleeti
346 2378 582 2416 Sclavorum
617 2379 755 2425 populi
783 2389 921 2414 omnes
963 2378 1091 2414 occidi
1127 2381 1167 2414 et
1193 2387 1366 2423 corpora
1391 2377 1431 2412 in
1458 2386 1570 2411 mare
1596 2375 1700 2411 abici

202 2428 327 2463 iussit.
378 2426 618 2473 Byzantium
658 2437 847 2463 reversus
873 2426 1224 2462 aedificationibus
1258 2425 1438 2469 vacavit3
1481 2423 1699 2459 maximum
1717 2419 1772 2456 19.
1798 2420 1846 2456 20

203 2476 308 2511 enim
347 2475 562 2511 triclinium
601 2476 741 2521 regiae
768 2475 919 2510 Orienti
960 2474 1158 2510 obversae
1200 2472 1390 2516 condidit,
1430 2471 1540 2518 quod
1579 2472 1698 2507 etiam

203 2533 312 2558 nunc
338 2523 389 2558 ab
417 2533 464 2559 eo
480 2522 772 2558 Iustinianeum
788 2522 1027 2569 appellatur.
1077 2520 1157 2557 Sed
1171 2520 1351 2567 Agareni
1378 2520 1430 2555 ab
1456 2530 1504 2555 eo
1519 2523 1700 2565 tempore
1713 2515 1758 2552 21

203 2571 368 2616 impune
394 2570 596 2606 Romanas
622 2571 854 2616 provincias
884 2571 1141 2614 invaserunt3
1173 2567 1392 2605 sabbatius
1418 2571 1554 2603 autem
1581 2566 1700 2613 patri·
1714 2564 1761 2599 22

204 2619 301 2662 cius,
328 2617 544 2654 Armeniae
565 2622 737 2664 praetor,
765 2618 929 2665 cognita
956 2618 1065 2663 regis
1084 2617 1199 2652 clade
1225 2616 1276 2651 ad
1291 2615 1448 2651 Arabes
1475 2625 1518 2651 se
1532 2614 1702 2650 eontulit

203 2666 334 2711 iisque
362 2664 592 2701 Armeniam
626 2665 800 2701 tradidit.
852 2665 992 2711 Neque
1024 2665 1077 2700 illi
1111 2665 1353 2700 destiterunt
1379 2663 1582 2699 Orientem
1615 2663 1702 2698 uni·
1715 2659 1761 2695 23

204 2723 366 2749 versum
395 2717 556 2749 vastare
583 2717 622 2749 et
649 2713 897 2750 Christianos
923 2715 963 2748 in
991 2713 1225 2748 servitutem
1253 2711 1469 2747 abducere.

323 2761 419 2796 Erat
432 2761 542 2807 apud
562 2761 668 2797 hunc
683 2771 820 2807 regem
838 2761 1049 2796 eunuchus
1064 2759 1305 2806 Stephanus,
1319 2769 1472 2805 genere
1489 2758 1701 2800 barbarus,
1715 2756 1761 2791 24

205 2808 442 2844 crudelitate
469 2813 508 2844 et
533 2809 782 2844 immanitate
817 2809 906 2855 plus
946 2818 1065 2854 quam
1094 2807 1304 2843 barbarus.
1355 2806 1429 2842 Hic
1467 2805 1701 2841 sacellarius
1715 2804 1762 2840 25

205 2855 442 2902 designatus
468 2857 554 2902 regi
582 2857 897 2902 gratiosissimus
925 2859 1023 2898 orat,
1050 2856 1190 2901 gravis
1232 2854 1429 2898 omnibus,
1467 2864 1548 2889 non
1581 2853 1701 2888 modo
1715 2852 1762 2888 26

206 2904 245 2939 in
273 2904 453 2950 pecuniis
479 2904 702 2950 exigendis,
742 2904 813 2939 sod
841 2904 879 2939 in
910 2904 1049 2950 poenis
1076 2904 1194 2939 otiam
1222 2902 1472 2948 infligendis3
1510 2911 1643 2947 neque
1669 2902 1702 2935 is
