2054 3282
359 222 430 262 548
764 221 945 261 ZONAR.
973 220 1103 259 EPIT.
1129 218 1241 259 XVII
1267 222 1299 267 6,
1325 219 1453 259 5-19.

316 345 519 394 Οὓέντος,
563 347 610 392 ὃς
641 344 1003 399 Σφενδοσθλάβος
1041 343 1112 384 καὶ
1141 343 1341 397 Ἰωάννης
1382 344 1609 398 διωνύμως
1646 344 1854 400 ἐκέκλητο.

324 413 429 455 6καὶ
460 415 486 468 ἡ
518 418 590 468 τῆς
620 412 886 466 Βουλγαρίας
917 411 1025 465 ἀρχὴ
1059 412 1116 457 εἰς
1145 411 1279 465 μόνον
1309 413 1497 466 περιέστη
1532 412 1604 453 τὸν
1634 412 1853 469 Σαμουήλ,

324 488 345 524 7
360 483 408 528 ὃς
438 485 522 523 τῶν
539 481 791 535 Ῥωμαὶζκῶν
817 479 1136 533 στρατευμάτων
1167 483 1250 525 τοῖς
1282 479 1497 533 ἐμφυλίοις
1528 481 1854 535 ἀσχολουμένων

359 550 501 591 ἄδειαν
531 549 727 603 εὑρηκὼς
757 548 805 589 τὰ
837 552 909 602 τῆς
925 547 1164 602 Ῥωμαϊκῆς
1185 548 1407 602 ἡγεμονίας
1436 549 1603 602 ἑσπέρια
1636 549 1903 604 ξύμπανταΙ)
1924 552 1977 589 IV
1995 553 2053 590 11]

358 618 527 672 περιῄει,
572 618 623 658 οὗ
662 616 905 671 ληιζόμενος
944 615 1091 670 μόνον,
1138 615 1239 656 ἀλλὰ
1277 616 1348 657 καὶ
1384 616 1455 662 τὰς
1486 618 1633 671 χώρας
1663 618 1890 675 (Zaa-uulf)

324 686 431 732 8τάς
460 685 599 731 πόλεις
629 685 977 739 περιποιούμενος
1009 684 1159 738 ἑαυτῷ.
1224 684 1310 726 ἐπεὶ
1342 686 1400 738 δέ,
1439 685 1500 731 ὡς
1531 685 1751 741 ἱστόρηται,
1781 686 1855 741 τὴν

358 759 431 795 τοῦ
469 754 671 808 Σκληροῦ
714 753 937 807 τυραννίδα
982 752 1006 793 ὁ
1048 752 1239 807 βασιλεὺς
1283 753 1539 808 ἀπεσείσατο,
1584 755 1705 808 ὤργα
1747 755 1856 809 πρὸς

358 823 522 876 ἄμυναν
547 825 620 862 τοῦ
642 822 865 876 βαρβάρου
888 821 959 863 καὶ
991 819 1042 863 δι’
1076 822 1226 862 ἑαυτοῦ
1259 822 1402 870 ἔδοξεν
1433 823 1548 876 αὐτῷ
1579 822 1653 876 τὴν
1681 823 1853 878 ἐκστρα-

323 890 466 932 9τείαν
502 890 772 945 ποιήσασθαι.
835 891 979 938 ἔξεισιν
1017 889 1093 931 οὗν
1129 891 1233 944 μήτε
1271 895 1332 943 τῷ
1362 891 1578 945 μαγίστρῳ
1610 891 1763 946 Βάρδᾳ
1793 897 1855 946 τῷ

364 959 513 1013 Φωκᾷ,
549 958 682 1000 καίτοι
714 958 948 1013 δομεστίκῳ
980 959 1065 1000 ὄντι
1095 962 1180 1000 τῶν
1212 958 1378 1013 σχολῶν
1408 963 1479 1013 τῆς
1511 960 1724 1015 ἀνατολῆς,
1761 961 1855 1015 περὶ
1870 967 1915 1001 10

357 1032 430 1083 τῆς
466 1028 663 1082 πράξεως
699 1027 1014 1081 κοινωσάμενος
1048 1028 1152 1082 μήτε
1182 1027 1268 1082 μὴν
1306 1028 1435 1082 ἑτέρῳ
1478 1031 1563 1069 τῶν
1604 1031 1690 1069 τῶν
1731 1027 1855 1083 ἑῴων

236 1102 272 1137 D
301 1103 346 1138 10
359 1096 731 1151 στραταρχούντων
764 1095 998 1150 δυνάμεων.
1060 1096 1142 1150 ἤδη
1166 1096 1211 1137 δὲ
1231 1095 1339 1149 πρὸς
1360 1095 1408 1137 τὰ
1431 1096 1695 1150 Βουλγάρων
1716 1097 1854 1138 εἰσιὼν

358 1164 429 1206 τὸν
459 1164 686 1219 μάγιστρον
717 1163 879 1205 Λέοντα
910 1163 981 1205 τὸν
1009 1163 1275 1219 ΛΊΙελισσηνόν
1306 1164 1479 1205 κατόπιν
1510 1165 1722 1206 ἐκέλευσεν
1753 1164 1853 1206 εἶναι

301 1240 343 1275 11
358 1233 429 1275 καὶ
458 1233 531 1279 τὰς
564 1232 803 1287 δυσχωρίας
834 1237 990 1287 τηρεῖν·
1025 1232 1149 1279 αὐτὸς
1183 1230 1220 1274 δ’
1249 1233 1450 1274 εἰσελθὼν
1470 1237 1519 1287 τῇ
1540 1233 1760 1288 πολιορκίᾳ
1782 1238 1855 1288 τῆς

357 1301 576 1356 Σαρδικῆς
621 1300 740 1355 (αὕτη
782 1298 818 1342 δ’
859 1301 964 1342 ἐστὶν
1000 1302 1026 1356 ἡ
1068 1299 1300 1355 Τριάδιτζα)
1347 1302 1560 1355 ἐπιχειρεῖν
1597 1302 1852 1356 ἡτοιμάζετο.
1870 1309 1914 1345 15

301 1378 346 1412 12
357 1374 443 1412 τῶν
488 1370 668 1411 δυτικῶν
712 1369 757 1411 δὲ
799 1370 1024 1424 ταγμάτων
1062 1370 1306 1424 δομέστικος
1345 1371 1407 1411 ὢν
1446 1371 1470 1411 ὁ
1507 1371 1854 1425 Κοντοστέφανος

357 1440 578 1494 Στέφανος
616 1438 688 1479 καὶ
725 1438 996 1493 λογισάμενος
1028 1439 1089 1484 ὡς
1120 1440 1158 1479 εἷ
1185 1439 1429 1493 εὐτυχηθέίη
1462 1438 1510 1479 τὰ
1542 1443 1614 1493 τῆς
1645 1440 1854 1493 στρατείας

356 1514 419 1563 τῷ
454 1507 622 1563 βασιλεῖ,
670 1507 748 1548 οὐκ
787 1507 838 1548 ἄν
874 1522 974 1548 ποτε
1013 1507 1216 1548 παύσαιτο
1250 1504 1300 1548 δι’
1335 1508 1484 1548 ἑαυτοῦ
1515 1507 1612 1553 τοὺς
1642 1507 1854 1561 πολέμους

357 1649 380 1684 6
406 1649 456 1682 ὅτι
480 1647 501 1681 ὁ
523 1644 686 1692 βασιλεὺς
711 1645 952 1690 ἐξεστράτευσε
976 1645 1066 1680 κατὰ
1091 1646 1310 1690 Βουλγάρων
1336 1645 1396 1680 καὶ
1421 1645 1482 1691 τὴν
1506 1646 1710 1690 Τριάδιτζαν
1733 1646 1853 1691 ἔμελλε

356 1696 557 1740 πολιορκεῖν
584 1693 647 1729 ΟΕ
768 1693 812 1728 16
837 1694 934 1731 ὅπως
959 1694 979 1728 ὁ
1004 1694 1286 1738 Κοντοστέφανος
1311 1694 1423 1738 ἀπάτῃ
1450 1695 1603 1739 μετῆλθε
1628 1694 1684 1728 τὸν
1709 1694 1853 1739 βασιλέα

359 1743 422 1779 CE
448 1742 508 1778 καὶ
532 1741 697 1776 πέπεικεν
722 1740 906 1782 ἀναζεῦξαι
934 1740 962 1777 C

430 1871 449 1906 1
479 1869 769 1915 σφενδόσθλαβος
795 1869 904 1914 Ewp,
931 1880 968 1903 V.
996 1869 1047 1904 ad
1074 1869 1186 1904 XVII
1212 1870 1244 1913 2,
1271 1869 1317 1904 34
1437 1870 1460 1904 3
1486 1872 1576 1915 post
1601 1869 1729 1914 ἕμφυλ.
1759 1869 1851 1904 add.

428 1919 592 1962 πολέμοις
618 1917 716 1962 pr
851 1917 872 1951 6
898 1917 1086 1961 ἵστορηται]
1114 1917 1225 1951 XVII
1250 1917 1282 1960 ἴ),
1311 1918 1331 1952 7
1347 1927 1397 1952 SS.
1521 1918 1565 1951 10
1590 1918 1790 1962 τυγχάνοντι
1820 1916 1851 1952 Ο

432 1967 474 2000 11
502 1970 573 2000 τῶν
597 1969 668 1999 τῶν
694 1964 763 2000 ΑΟ
791 1966 843 2006 (V.
871 1964 924 1999 ad
950 1964 1040 2000 XIV
1071 1965 1123 2008 17,
1152 1966 1199 2006 9),
1227 1970 1296 1999 τῶν
1323 1963 1477 2010 EwpDz‘
1590 1965 1632 1999 14
1657 1964 1696 1999 δὲ
1720 1964 1756 1999 D

431 2013 476 2048 15
506 2013 690 2057 Τριαδίτζα
716 2010 772 2046 Di
927 2013 971 2047 16
997 2013 1272 2057 κοντοστέφανος
1296 2011 1464 2058 prDi‚
1491 2012 1780 2057 κωντοστέφανος
1805 2011 1851 2057 A,

430 2061 502 2097 sed
527 2061 634 2095 infra
659 2064 768 2095 recte
879 2060 922 2095 17
948 2061 1116 2105 στέφανος
1144 2071 1218 2095 Οῐῐι.
1233 2060 1330 2105 Ewp
1438 2060 1498 2094 καὶ
1525 2070 1600 2095 om.
1619 2059 1650 2094 B
1747 2060 1851 2095 εὐθυ-

428 2109 560 2154 κηθείη
588 2107 636 2154 P*
2047 2117 2054 2175 ᾗ

358 2227 451 2272 ficit,
490 2228 576 2263 sive
603 2227 712 2272 quod
739 2237 934 2262 summam
968 2237 1103 2262 rerum
1137 2227 1213 2262 sibi
1245 2226 1319 2262 soli
1345 2226 1589 2271 vindicabat,
1628 2227 1715 2262 sive
1742 2226 1851 2272 quod
2040 2240 2054 2287 j

322 2274 550 2311 6R0manis
573 2275 738 2310 studere
764 2275 996 2320 videbatur3
1023 2285 1116 2309 nain
1143 2278 1359 2319 utrumque
1386 2276 1525 2309 fertur.
1575 2274 1613 2310 Is
1638 2275 1763 2320 igitur
1784 2273 1851 2310 Sa-

323 2322 344 2356 7
359 2323 466 2358 muel
484 2322 755 2368 Bulgarorum
783 2323 1052 2368 principatum
1079 2322 1188 2357 solus
1215 2323 1398 2367 adeptus,
1426 2322 1519 2356 dum
1537 2322 1707 2357 Romani
1729 2322 1850 2357 rebus
2051 2352 2054 2369 a

361 2371 546 2405 civilibus
565 2370 817 2414 distineatur,
838 2370 1108 2405 occidentales
1127 2380 1266 2405 eorum
1285 2370 1515 2414 provincias
1535 2379 1673 2404 omnes
1686 2370 1851 2414 impune
2047 2380 2054 2411 J

360 2418 542 2453 circumit
567 2427 643 2453 nec
670 2418 888 2463 populatur
919 2421 1085 2460 tantum,
1124 2417 1196 2452 sed
1228 2421 1266 2452 et
1298 2418 1485 2462 regiones
1518 2418 1721 2461 urbesque
1752 2426 1850 2451 suae

323 2464 521 2500 8ditionis
553 2465 661 2500 facit.
711 2465 800 2506 Qua
832 2465 882 2500 de
915 2475 1039 2500 causa
1072 2475 1156 2507 rex,
1195 2464 1364 2510 depulsa
1391 2463 1514 2499 Seleri
1540 2464 1766 2509 tyrannide,
1805 2469 1850 2499 ut

359 2522 483 2558 supra
501 2512 723 2556 docuimus,
749 2512 970 2548 ulciscendi
995 2513 1157 2547 barbari
1178 2511 1398 2557 eupiditate
1416 2512 1594 2556 flag-rans
1619 2512 1700 2546 suis
1719 2513 1850 2557 auspi-

323 2558 346 2594 9
360 2560 430 2595 ciis
444 2560 591 2595 bellum
612 2560 648 2595 ei
666 2561 816 2596 inferre
834 2560 984 2595 statuit.
1034 2559 1252 2605 Egreditur
1278 2560 1412 2604 igitur,
1441 2560 1606 2594 consilio
1625 2569 1698 2594 suo
1717 2569 1849 2604 neque

360 2617 452 2642 cum
485 2608 679 2652 magistro
714 2607 849 2642 Barda
883 2607 1030 2652 Phoca,
1070 2607 1323 2642 orientalium
1358 2607 1584 2641 scholarum
1618 2607 1849 2650 domestico,

301 2653 493 2700 lOneque
526 2665 618 2690 cum
650 2655 732 2690 ullo
765 2655 842 2690 alio
876 2655 1024 2690 ducum
1060 2655 1314 2690 orientalium
1348 2655 1653 2689 communicato.
1704 2653 1849 2699 Bulga-

359 2712 497 2737 rorum
523 2703 624 2737 fines
653 2703 733 2737 iam
758 2702 979 2748 ingressus,
1006 2703 1199 2747 magistro
1226 2701 1362 2736 Leone
1381 2700 1592 2736 Melisseno
1612 2711 1717 2746 pone
1735 2702 1848 2746 sequi

302 2749 468 2784 lliusso
501 2749 554 2784 ad
593 2750 773 2785 locorum
808 2750 1019 2795 angustias
1054 2749 1256 2792 tutandas,
1296 2749 1381 2793 ipse
1416 2747 1633 2792 Sardicam,
1673 2759 1778 2794 quae
1810 2755 1850 2783 et

302 2795 347 2831 12
360 2795 565 2831 Triaditza
592 2797 749 2840 dicitur,
777 2797 963 2833 obsidere
989 2797 1169 2832 instituit.
1220 2796 1368 2831 Verum
1395 2796 1703 2831 occidentalium
1727 2796 1849 2841 legio-

359 2853 455 2878 num
475 2844 718 2879 domesticus
733 2843 1084 2890 Contostephanus
1101 2843 1329 2889 Stephanus
1348 2844 1532 2888 cogitans
1551 2854 1593 2879 re
1615 2844 1715 2879 bene
1733 2848 1848 2888 gesta

359 2901 498 2938 regem
525 2901 734 2939 nunquam
761 2902 841 2927 non
868 2895 1012 2938 suopte
1039 2892 1164 2927 ductu
1190 2896 1311 2937 atque
1338 2892 1527 2938 auspiciis
1555 2892 1658 2926 bella
1684 2891 1847 2926 admini-
