2054 3282
451 262 632 303 ALANA
659 261 965 302 CONCVBINA.
1014 262 1326 302 MONOMACHI
1352 262 1526 300 MORBI.
1662 261 1733 300 649

238 387 387 442 ήνεγκε
423 387 498 443 τὴν
540 387 693 443 φοράν,
737 387 845 430 ὥστε
880 385 955 434 τὰς
989 386 1131 442 βάσεις
1167 386 1284 442 αὐτῷ
1319 385 1428 441 πρὸς
1457 386 1632 441 πορείαν
1662 385 1735 428 καὶ

239 456 379 498 στάσιν
416 457 642 499 ἀδυνατεῖν.
704 457 742 498 εἰ
777 456 825 498 δέ
861 471 961 498 ποτε
997 457 1203 511 κινήσεως
1245 455 1433 512 ἀνάγκην
1476 456 1664 511 ἔσχηκεν,
1708 457 1771 510 ἢ8

238 525 346 579 πρός
366 541 489 567 τινων
510 524 872 580 ἐπιστηριζόμενος
896 525 1119 580 προέβαινε
1151 525 1368 580 δυσχερῶς
1398 527 1424 580 ἢ
1456 524 1528 566 καὶ
1557 524 1736 579 πάμπαν

239 595 522 649 ἕτεροκίνητος
563 593 626 648 ἦν.
687 597 761 635 τοῦ
805 593 961 648 χρόνου
1007 593 1053 636 δὲ
1095 593 1316 648 προϊόντος
1358 593 1430 636 καὶ
1471 597 1559 641 ταῖς
1596 592 1736 648 χερσὶν
1749 595 1771 631 9

24 719 26 721 ‚
202 664 226 701 5
240 663 422 718 ἑπερρύη
454 662 500 705 τὸ
537 664 682 705 αἴτιον·
727 662 809 705 εἶτα
849 661 921 704 καὶ
960 667 1044 709 τοῖς
1082 664 1217 718 ὤμοις
1256 663 1470 718 ἕπήνεκτο,
1512 661 1585 704 καὶ
1620 662 1736 709 τέλος

15 738 56 786 {³¹
84 735 139 774 IV
157 736 227 773 180
240 731 340 773 ὅλον
375 731 493 786 αὐτῷ
528 731 575 773 τὸ
606 720 732 786 σῶμα
763 736 826 786 τῷ
856 731 1029 786 ῥεύματι
1059 732 1331 781 κατεκλύζετο
1362 731 1434 774 καὶ
1463 734 1634 787 παρεῖτο
1664 729 1737 773 καὶ

19 797 27 815 ³
239 800 514 855 ἒξηρῦροῦτο,
539 803 624 846 τοῖς
644 803 729 842 τῶν
750 800 931 854 ἄρθρων
951 801 1210 855 κοιλώμασιν
1231 801 1522 856 ἒγκλειομένου
1543 804 1617 842 τοῦ
1639 798 1735 853 ῥεύ-

238 884 385 920 ματος.
448 869 628 923 ἔκαμνεν
667 867 744 910 οὗν
774 869 887 910 οὕτω
918 868 1004 923 πρὸ
1034 873 1206 924 μακροῦ
1236 869 1283 911 τὸ
1316 873 1442 924 σῶμα
1472 874 1536 923 τῷ
1565 868 1734 924 βασιλεῖ’.

239 936 322 979 εἶτα
353 938 428 980 καί
454 954 490 979 τι
519 938 660 991 ἕτερον
691 937 1029 992 ἑπισυμβεβηκός
1068 937 1130 992 (τὸ
1163 935 1200 979 δ’
1235 937 1286 993 ἧν
1317 938 1364 980 ἐκ
1395 938 1633 992 πνεύματος
1663 953 1734 979 νυ-
1750 939 1796 976 10

179 1017 226 1054 10
239 1005 346 1061 γμὸς
375 1006 470 1061 περὶ
500 1005 574 1060 τὴν
602 1005 803 1060 πλευράν)
843 1006 1193 1061 προσδοκήσιμον
1224 1007 1371 1061 ἐκείνῳ
1403 1006 1474 1048 καὶ
1504 1009 1588 1052 τοῖς
1619 1006 1737 1061 αὐτῷ

239 1075 675 1130 παραδυναστεύουσιν
706 1075 827 1116 ἔθετο
858 1074 904 1116 τὸ
940 1075 1055 1121 τέλος
1091 1079 1163 1130 τῆς
1202 1075 1354 1129 βιοτῆς,
1399 1072 1463 1116 ὥν
1499 1074 1547 1116 τὰ
1586 1077 1735 1129 πρῶτα
1751 1077 1793 1113 11
1821 1077 1852 1112 Β

238 1144 263 1187 δ
293 1144 520 1199 λογοθέτης
542 1143 594 1199 ἦν
608 1140 821 1199 Ἰωάννης,
854 1144 1157 1199 ἐκτετμημένον
1189 1143 1429 1198 ἀνδράριον,
1462 1143 1628 1198 ἄσημον
1657 1142 1737 1198 μὲν

238 1213 286 1256 ἐκ
323 1214 469 1268 γένους
499 1214 526 1268 ἢ
559 1213 890 1267 δυσγενέστατον,
933 1211 1042 1267 πρὸς
1082 1212 1127 1254 δὲ
1163 1212 1427 1267 πραγμάτων
1463 1212 1736 1267 μεταχείρισιν

238 1283 508 1338 ἀφυέστατον,
541 1285 831 1337 γραμματικῆς
862 1281 907 1323 δὲ
937 1282 1083 1336 τέχνης
1113 1285 1312 1323 τοσοῦτον
1342 1280 1598 1336 μετεσχηκὸς
1629 1281 1736 1323 ὥστε

181 1360 225 1398 15
236 1348 333 1407 μήτ’
367 1351 590 1406 ὀρθοεπεῖν
621 1350 811 1405 ἀκριβῶς
839 1347 936 1405 μήτ’
969 1350 1203 1396 ἀπταίστως
1234 1349 1537 1404 ὀρθογραῳεῒν.
1600 1346 1668 1404 ἐφ’
1695 1348 1735 1404 ᾦ
1751 1352 1796 1389 12

241 1420 294 1475 δὴ
325 1419 400 1475 τὴν
429 1422 516 1462 τῶν
545 1422 702 1462 κοινῶν
731 1419 994 1473 πραγμάτων
1026 1419 1226 1474 διοίκησιν
1248 1418 1273 1460 ὁ
1293 1417 1485 1473 βασιλεὺς
1513 1419 1736 1474 ἐποιήσατο

238 1489 310 1532 καὶ
340 1492 425 1531 τῶν
454 1492 528 1544 τῆς
557 1488 714 1543 βουλῆς
745 1487 934 1536 ἀπέδειξε
963 1487 1134 1529 πάντων
1165 1487 1514 1541 κορυφαιότατον.
1576 1486 1629 1542 ἦν
1655 1486 1736 1541 γὰρ
1750 1491 1796 1527 13

239 1557 306 1601 ἐπὶ
341 1560 426 1600 τῶν
461 1557 691 1613 βασιλικῶν
729 1556 978 1612 διοικήσεων
1013 1555 1166 1612 πρῴην
1203 1555 1311 1612 ἀνὴρ
1349 1556 1486 1611 τούτῳ
1522 1555 1571 1598 τὰ
1601 1556 1736 1598 πάντα

241 1706 284 1742 11
310 1705 389 1752 περὶ
413 1710 475 1742 τοῦ
500 1706 688 1752 λογοθέτου
714 1710 775 1742 τοῦ
801 1706 936 1751 δρόμου
957 1705 1125 1742 Ἰωάννου
1152 1704 1215 1743 ΟΕ
1326 1705 1370 1741 17
1395 1704 1474 1750 περὶ
1500 1708 1561 1741 τοῦ
1587 1703 1736 1750 Λειχού-

239 1755 304 1791 δου
330 1754 508 1801 (λειχούδη
535 1754 582 1797 Ε)
607 1755 876 1790 Κωνσταντίνου
902 1753 966 1791 CE

311 1892 330 1927 1
357 1891 464 1928 αὐτοῦ
488 1890 618 1938 Bpr
745 1891 768 1927 2
793 1891 977 1938 ἀδηνατεῒν
1002 1892 1086 1938 w*p
1210 1895 1300 1938 post
1324 1905 1406 1926 ποτε
1432 1891 1525 1926 add.
1551 1890 1612 1927 καὶ
1638 1891 1736 1938 pr

311 1940 334 1976 3
359 1940 676 1985 ὖποστηριζόμενος
706 1939 805 1986 pr
933 1940 958 1975 4
982 1945 1042 1975 τοῦ
1070 1940 1184 1976 initio
1211 1949 1356 1975 versus
1382 1949 1456 1975 om.
1485 1938 1514 1975 C
1634 1939 1657 1975 5
1681 1939 1738 1974 ἑπ-

311 1988 422 2033 ερρύη
447 1987 497 2033 τὸ]
523 1987 718 2033 ἔπερρύητο
748 1986 836 2033 w*p
861 1988 999 2023 invitis
1016 1986 1088 2023 AR
1184 1987 1206 2023 7
1232 1993 1304 2027 ταῖς
1323 1986 1354 2022 Β
1451 1987 1652 2032 κοιλότησιν
1673 1986 1738 2023 BC

311 2036 334 2071 9
358 2035 472 2081 νύγμα
498 2034 534 2070 D
680 2035 723 2070 11
753 2035 847 2074 τέλος
872 2034 954 2078 AR,
980 2035 1081 2081 λέγος
1107 2034 1192 2081 w*p
1338 2035 1383 2070 13
1409 2035 1430 2080 ἢ
1458 2033 1539 2078 AR,
1566 2034 1626 2070 καὶ
1651 2034 1736 2081 w*p

313 2083 359 2118 14
384 2088 528 2119 τοσοῦτο
553 2082 650 2129 Ewp
799 2083 1019 2129 μετεσχηκὸς
1044 2082 1213 2129 prDi,
1238 2081 1467 2128 μετεσχηκὼς
1493 2085 1533 2118 et
1558 2081 1639 2121 ·κός
1666 2093 1738 2128 per

313 2131 476 2177 dittogr.
490 2129 536 2175 A,
560 2143 689 2176 μετεσχ
716 2129 791 2169 κὼς
805 2130 842 2166 D
940 2131 985 2167 15
1012 2133 1102 2177 post
1126 2131 1288 2177 ἀκριβῶς
1306 2130 1398 2165 add.
1416 2130 1589 2171 ἀττικίζον
1607 2129 1736 2183 Bpr

315 2179 360 2215 16
385 2179 561 2224 διοίκησιν
587 2188 663 2214 om.
723 2205 731 2223 ,
758 2178 888 2225 suppl.
919 2178 980 2216 Cw
1103 2179 1147 2214 17
1172 2178 1354 2220 ἀπέδειξεν
1379 2178 1542 2214 ἁπάντων
1568 2177 1736 2224 prDz,

312 2227 475 2263 ἁπάντων
500 2226 658 2268 ἀπέδειξε
685 2225 714 2262 C
813 2229 903 2273 post
928 2226 971 2272 ἦν
997 2226 1088 2262 add.
1113 2225 1178 2272 μὲν
1204 2226 1302 2272 pr

241 2370 400 2415 invasit,
414 2370 651 2406 humoribus
666 2370 864 2417 principio
880 2370 931 2406 ad
946 2369 1070 2416 pedes
1085 2370 1405 2413 decurrentibus,
1419 2372 1463 2405 ut
1475 2379 1608 2415 neque
1618 2373 1737 2414 stare,

241 2427 375 2464 neque
400 2418 560 2474 ingredi
616 2421 733 2454 osset.
785 2417 957 2460 Quando
984 2420 1118 2453 autem
1146 2427 1236 2454 eum
1267 2418 1421 2453 moveri
1447 2427 1613 2454 necesse
1639 2416 1774 2462 erat,8

242 2469 311 2501 aut
338 2465 390 2502 ab
409 2465 498 2502 aliis
515 2476 562 2502 su
599 2466 703 2502 ultus
722 2476 847 2512 aegre
866 2465 1174 2512 ingrediebatur
1192 2469 1263 2501 aut
1286 2465 1538 2511 gestabatur.
1588 2465 1735 2501 Verum
1751 2463 1773 2497 9

241 2513 448 2559 paullatim
471 2513 511 2549 in
539 2523 683 2549 manus
701 2513 821 2549 etlam
837 2513 1037 2549 fluxiones
1057 2513 1356 2557 incumbebant,
1384 2512 1531 2549 deinde
1549 2512 1738 2549 humeros

241 2560 460 2604 vexabant,
499 2560 675 2606 denique
706 2565 834 2596 totum
867 2570 1015 2607 corpus
1049 2561 1296 2597 infestabant
1322 2565 1362 2596 et
1387 2560 1593 2604 laxabant,
1632 2561 1737 2596 cavi-

240 2608 391 2644 tatibus
409 2608 668 2644 articulorum
688 2618 730 2644 se
749 2609 1011 2644 insinuantes.
1061 2607 1123 2643 Ad
1144 2608 1242 2644 haee
1261 2608 1370 2643 aliud
1390 2609 1558 2644 accessit
1576 2608 1736 2652 malum,
1753 2606 1798 2642 10

242 2655 445 2692 vellicatio
484 2656 619 2691 lateris
657 2666 706 2691 ex
748 2656 939 2699 anhelitu,
978 2666 1059 2702 qua
1095 2656 1227 2700 flebat,
1262 2659 1309 2691 ut
1340 2665 1472 2701 neque
1508 2656 1594 2702 ipse
1628 2656 1737 2691 vitae

244 2703 510 2739 diuturnioris
528 2713 639 2750 spem
659 2704 825 2739 haberet
840 2713 973 2749 neque
992 2705 1078 2739 eius
1098 2713 1298 2749 proceres,
1325 2713 1496 2749 quorum
1523 2704 1738 2749 primarius
1754 2702 1795 2737 11

244 2756 331 2786 erat
357 2750 565 2797 logotheta
585 2751 770 2795 Ioannes,
797 2755 997 2787 castratus
1015 2751 1241 2794 homuncio,
1269 2751 1442 2786 obscuro
1470 2754 1509 2786 et
1535 2750 1739 2797 ignobilis-

243 2799 343 2834 simo
370 2808 522 2844 genere
551 2802 663 2835 ortus
690 2803 729 2835 et
755 2798 806 2834 ad
825 2809 889 2834 res
913 2798 1117 2844 gerendas
1137 2799 1420 2845 ineptissimus,
1447 2799 1738 2845 grammaticae

242 2846 340 2881 artis
375 2845 478 2882 adeo
506 2847 671 2892 peritus,
710 2850 755 2882 ut
780 2856 914 2892 neque
941 2850 1050 2882 recte
1076 2846 1183 2892 loqui
1211 2856 1343 2892 neque
1370 2847 1456 2882 sine
1482 2856 1619 2882 errore
1646 2846 1738 2882 scri·

242 2892 339 2928 bere
358 2897 504 2939 posset.
554 2893 655 2929 Eum
673 2905 746 2929 rex
765 2904 921 2929 summa
940 2903 1073 2929 rerum
1094 2894 1304 2929 commissa
1325 2894 1545 2940 principem
1572 2897 1737 2929 senatus
1752 2892 1797 2929 12

243 2940 484 2987 designavit.
523 2940 624 2978 Nam
643 2942 754 2988 prius
773 2951 906 2979 rerum
927 2941 1132 2987 regiarum
1151 2941 1443 2978 administratio
1464 2942 1597 2978 fuerat
1612 2951 1736 2988 penes
1753 2941 1797 2977 13
