2054 3282
493 220 778 266 MICHAI'ZLIS
803 226 1088 265 EXPEDITIO
1113 225 1426 263 BVLGARICA.
1641 227 1710 263 601

214 355 357 407 χωρεῖ’,
400 351 472 395 καὶ
513 351 566 408 ἦν
607 352 655 395 τὸ
697 355 872 408 πρᾶγμα
911 352 1133 407 θαύματος
1170 352 1298 402 ἄξιον.
1358 350 1510 399 νυκτὸς
1550 348 1631 404 γὰρ
1662 354 1712 406 τῇ
1728 355 1772 391 19

214 420 331 476 νόσῳ
361 421 733 476 καταπονούμενος
752 421 825 464 καὶ
845 422 925 464 οὐκ
947 423 999 463 ἂν
1020 421 1063 468 ἐς
1083 421 1232 476 αὔριον
1251 421 1558 477 ἀναστήσεσθαι
1577 436 1710 476 προσ-

216 490 476 544 δοκώμενος,
509 489 534 531 ὅ
566 489 612 532 δὲ
643 491 804 545 ἡμέρας
834 491 925 543 ἄρτι
955 490 1178 545 φαυούσης
1207 490 1390 545 ἔφιππός
1413 506 1456 533 τε
1476 490 1620 546 ὥρᾶτο
1641 490 1923 533 na2W111192

213 558 363 614 προῄει
392 563 465 614 τῆς
496 562 698 613 στρατιᾶς.
762 559 824 606 ὥς
845 556 883 601 δ’
907 559 951 601 ἕν
970 563 1055 606 τοῖς
1074 562 1160 601 τῶν
1180 559 1375 602 Σκυθῶν
1394 559 1556 602 τούτων
1581 559 1712 614 ὁρίοις
1724 560 1772 596 20

179 629 201 666 5
215 627 387 681 ἐγένετο,
419 627 663 682 ἧτοιμάζπο
692 627 802 682 πρὸς
832 628 1160 682 ἀντιπαράταξιν.
1223 629 1346 670 οὔπω
1379 625 1416 670 δ’
1440 628 1632 684 ἀλλήλοις
1661 627 1710 670 τὰ
1725 629 1769 665 21

214 695 402 750 τάγματα
424 697 743 751 συνερρώγεσαν
763 696 839 738 καί
859 712 895 738 τι
926 695 1094 751 συμβὰν
1124 695 1298 744 ἀπόνως
1326 697 1432 752 τάχα
1463 701 1526 752 τῷ
1554 697 1717 753 βασιλεῖ

214 763 289 820 τὴν
330 764 450 819 νίκην
491 765 770 818 προσένειμεν.
832 764 857 806 δ
889 764 968 818 γάρ
1004 781 1066 806 τοι
1103 769 1177 807 τοῦ
1202 765 1372 820 Ἀαρὼν
1409 766 1569 808 ἐκείνου
1606 765 1709 821 υἱός,
1724 767 1771 803 22
1798 766 1828 803 B

30 874 41 881 ‚
58 833 113 871 IV
135 834 201 870 147
214 832 240 874 ὁ
259 834 475 887 πατρίκιος
489 832 766 881 Ἂλουσιάνος,
797 833 914 888 παρὰ
931 833 1154 888 Ῥωμαίοις
1173 835 1238 876 ὢν
1258 835 1326 889 ἔτι,
1348 835 1712 890 προσκεκρουκὼς

213 906 276 956 τῷ
306 905 537 956 κρατοῦντι,
570 900 634 943 ἐπ’
658 902 783 943 ὀἴκου
813 902 952 956 μένειν
982 903 1311 945 καταδεδίκαστο
1342 903 1413 945 καὶ
1442 904 1548 958 μήτε
1577 919 1709 958 προσ-

153 972 199 1007 10
212 970 314 1012 ιέναι
342 969 453 1025 πρὸς
482 969 531 1011 τὰ
563 970 775 1024 ἀνάκτορα
805 968 914 1026 μήθ’
948 971 1061 1017 ὅλως
1084 972 1247 1014 εἵσιέναι
1267 971 1376 1025 πρὸς
1395 972 1442 1014 τὸ
1463 972 1709 1027 Βυζάντιον,

212 1039 252 1081 εἰ
275 1037 336 1093 μὴ
369 1039 606 1094 ἐπιτραπείη
638 1039 713 1094 τὴν
749 1039 927 1082 εἴσοδον.
990 1039 1146 1095 ἠθύμει
1185 1044 1287 1095 γοῦν
1328 1040 1395 1082 διὰ
1431 1044 1578 1083 ταῦτα·
1622 1041 1710 1083 ἐπεὶ
1722 1043 1768 1079 23

213 1107 251 1149 δ’
284 1107 458 1162 ἐγνώκει
496 1107 570 1163 τὴν
607 1112 681 1150 τοῦ
720 1109 874 1155 ἔθνους
905 1109 1161 1151 ἀποστασίαν
1191 1109 1262 1151 καὶ
1292 1109 1367 1164 τὴν
1397 1113 1470 1152 τοῦ
1502 1109 1708 1152 Δολιάνου

212 1177 367 1230 αἵρεσιν
397 1178 454 1224 εἷς
483 1177 530 1219 τὸ
561 1178 703 1232 ἄρχειν
734 1178 876 1225 αὐτοῦ,
908 1177 1208 1232 ἀποδιδράσκει
1232 1178 1310 1232 μὲν
1330 1182 1403 1233 τῆς
1424 1178 1557 1225 οἰκίας
1578 1179 1708 1220 αὐτοῦ

212 1244 284 1286 καὶ
324 1246 685 1300 μεταμφιέννυται,
723 1246 944 1301 Ἀρμενίου
986 1262 1028 1288 τε
1071 1246 1220 1302 στολὴν
1257 1247 1532 1302 περιθέμενος
1571 1248 1710 1302 ἑαυτῷ
1722 1250 1768 1286 ‘24

157 1315 199 1350 15
211 1313 283 1355 καὶ
313 1314 519 1368 θεράπων
549 1314 651 1357 εἶναι
681 1319 754 1357 τοῦ
777 1314 1118 1369 Θεοδωροκάνου
1138 1315 1420 1370 πλαττόμενος
1444 1315 1517 1357 καὶ
1548 1315 1752 1357 ἀπιέναιΟ

210 1381 320 1437 πρὸς
349 1382 397 1424 τὸ
427 1383 708 1437 στρατόπεδον
739 1383 866 1426 ἔλαθε
895 1384 1054 1431 πάντας
1084 1383 1156 1426 καὶ
1185 1383 1294 1438 πρὸς
1318 1383 1583 1439 Βουλγαρίαν
1608 1399 1706 1426 κατ-

211 1451 396 1507 ήντησεν.
458 1451 545 1494 ἀλλ’
584 1453 664 1495 οὐκ
703 1453 850 1495 αὐτίκα
895 1452 1023 1508 δῆλον
1065 1453 1186 1496 ἔθετο
1229 1453 1391 1515 ἑαυτάν,
1434 1453 1708 1508 προσομιλῶν
1721 1456 1767 1493 25

211 1593 234 1629 7
257 1594 356 1633 ὅπως
379 1594 400 1629 ὀ
419 1593 638 1635 Ἀλουσιάνος
663 1595 792 1641 ἔφυγεν
816 1595 857 1631 ἔκ
884 1600 955 1631 τῶν
974 1596 1164 1641 Ῥωμαίων
1190 1596 1239 1635 εἰς
1264 1595 1344 1635 τοὺς
1370 1595 1612 1641 Βουλγάρους,
1646 1595 1707 1631 καὶ

209 1641 308 1680 ὅπως
339 1641 538 1688 ἐγνωρίσθη
571 1647 632 1679 τοῦ
654 1642 789 1688 Ἀαρὼν
818 1642 905 1679 εἶναι
935 1643 1028 1688 (om.
1055 1644 1101 1689 Ε)
1132 1644 1207 1684 υἱός
1233 1642 1296 1681 CE
1333 1643 1395 1679 καὶ
1425 1644 1523 1684 ὅπως
1554 1643 1613 1679 τὸν
1638 1644 1706 1679 Δο-

209 1688 329 1725 λιάνον
353 1689 542 1736 κατασχὼν
566 1690 820 1737 ἀπετύφλωσεν
845 1690 875 1727 C

281 1820 305 1856 2
328 1821 597 1868 ἀναστήσεσθαι]
616 1822 705 1859 Noli
722 1822 983 1869 ἀναστήσασθαι
1001 1826 1176 1868 mmm-03
1203 1834 1240 1858 v.
1260 1822 1402 1859 Zonar.
1429 1823 1447 1858 I
1474 1834 1508 1869 p.
1529 1824 1562 1867 7,
1589 1823 1645 1859 16.
1672 1824 1705 1867 8,

284 1868 339 1904 19.
365 1869 397 1913 9,
422 1869 457 1905 4.
482 1869 540 1913 40,
567 1870 589 1906 7
625 1871 711 1912 (ubi
747 1871 948 1917 scriptura
982 1870 1069 1907 cod.
1095 1870 1130 1906 A
1158 1874 1218 1907 est
1243 1871 1504 1913 revocanda).
1539 1871 1620 1913 291,
1650 1871 1705 1906 17.

279 1915 360 1960 292,
379 1917 421 1952 16
436 1920 510 1954 cet.
606 1918 629 1954 3
654 1919 895 1964 διαφανούσης
911 1918 1104 1965 B(?)Ewp,
1129 1919 1374 1964 διαφαυούσης
1389 1918 1429 1963 C,
1448 1917 1706 1964 διαφαυῐσάσης

282 1963 317 1999 D
425 1965 529 2010 ὁρᾶτο
554 1965 591 2001 D
699 1966 722 2001 4
747 1967 896 2002 σκυθῶν
921 1967 1055 2006 τούτοις
1081 1965 1186 2008 ADi,
1211 1967 1362 2002 σκυθῶν
1387 1967 1522 2002 τούτων
1547 1966 1704 2010 DB-W,

277 2012 486 2058 βουλγάρων
500 2013 599 2059 pr
679 2015 702 2050 6
719 2014 980 2060 συνερράγησαν
995 2014 1031 2049 D
1117 2028 1146 2049 τι
1162 2012 1330 2060 prDi,
1348 2029 1398 2050 τοι
1412 2013 1486 2049 AD
1565 2015 1588 2050 8
1605 2014 1705 2050 ἁλου-

280 2060 416 2144 admi]
422 2060 453 2096 E
561 2062 609 2097 ἔτι
634 2060 681 2107 Α,
707 2062 772 2098 καί
793 2076 823 2097 τι
850 2061 960 2108 pr‚
987 2063 1051 2098 καί
1072 2076 1123 2097 τοι
1151 2061 1186 2097 D
1283 2062 1306 2098 9
1331 2062 1383 2097 ἐπ’
1411 2062 1459 2108 p*
1557 2062 1599 2097 11
1628 2076 1705 2107 τρα-

278 2121 358 2153 πειη

208 2237 380 2285 Scythas
411 2240 689 2286 proficiscitur,
728 2251 778 2277 ac
811 2251 876 2277 res
909 2242 1011 2277 mira
1038 2242 1239 2288 quaedam
1272 2242 1430 2278 accidit.
1480 2242 1581 2279 Nam
1612 2253 1703 2280 cum
1719 2241 1764 2277 19

208 2290 332 2322 noctu
365 2288 506 2323 morbo
541 2289 838 2334 opprimeretur
869 2299 945 2325 nec
971 2289 1166 2335 postridie
1190 2293 1447 2326 surrecturus
1477 2294 1702 2336 putaretur,

209 2334 385 2370 diluculo
416 2336 456 2370 in
490 2346 596 2381 equo
631 2337 957 2383 conspiciebatur
988 2341 1028 2372 et
1062 2338 1286 2373 exercitum
1316 2338 1599 2384 praecedebat.
1651 2339 1702 2376 Ut
1717 2337 1764 2373 20

208 2385 343 2418 autem
370 2383 410 2418 in
437 2381 677 2429 Scytharum
705 2385 804 2419 fines
832 2385 943 2421 venit
967 2387 1091 2431 atque
1117 2385 1169 2420 ad
1196 2386 1284 2421 acio
1316 2386 1607 2423 decertandum
1635 2398 1702 2433 pa-

208 2430 325 2471 ravit,
357 2431 592 2476 priusquam
619 2433 823 2467 exercitus
850 2432 1210 2478 congrederentur,
1250 2433 1442 2479 quiddam
1472 2434 1700 2479 intervenit,
1715 2434 1759 2469 21

206 2477 318 2559 Ἆηοᾱ
355 2479 443 2522 regi
488 2479 657 2515 celerem
696 2480 908 2516 victoriam
946 2481 1033 2516 sine
1069 2480 1150 2516 ullo
1190 2481 1329 2517 labore
1401 2482 1540 2527 operit.
1600 2481 1699 2518 Nam
1715 2481 1762 2517 22

245 2526 380 2561 aronis
405 2525 511 2562 illius
536 2527 641 2562 filius
657 2528 850 2574 patricius
867 2527 1097 2572 Munianus,
1123 2538 1214 2564 cum
1240 2528 1351 2575 apud
1406 2539 1572 2565 omanos
1596 2535 1702 2566 esset

206 2575 329 2618 atque
355 2573 637 2619 imperatorem
667 2575 847 2611 nonnihil
875 2575 1119 2619 offendisset,
1152 2586 1202 2612 ea
1227 2586 1360 2622 poena
1386 2576 1578 2613 multatus
1603 2581 1700 2623 erat,

206 2623 252 2654 ut
278 2619 384 2656 domi
410 2631 454 2657 se
479 2625 623 2658 tenens
647 2633 782 2669 neque
808 2624 961 2669 regiam
990 2624 1267 2669 frequentaret
1302 2634 1434 2670 neque
1458 2624 1699 2671 Byzantium

205 2666 375 2704 intraret
411 2669 499 2705 sine
532 2671 740 2715 permissu.
792 2670 881 2713 Qua
913 2670 1141 2707 calamitate
1173 2670 1314 2708 dolens
1345 2672 1414 2708 ubi
1441 2673 1575 2717 gentis
1601 2683 1700 2709 suae
1714 2672 1760 2708 23

206 2714 472 2752 defectionem
500 2718 694 2763 cognovit
719 2722 758 2754 et
784 2719 1017 2754 electionem
1038 2718 1210 2763 Doliani,
1238 2720 1301 2755 cui
1331 2720 1556 2765 parendum
1583 2724 1699 2766 esset,

206 2761 325 2799 domo
369 2763 513 2810 effug-it
558 2768 795 2811 mutatoque
838 2767 987 2802 vestitu
1031 2771 1070 2802 et
1114 2766 1292 2803 Armenii
1341 2767 1480 2804 habitu
1527 2772 1698 2814 sumpto,
1713 2768 1759 2804 ‘24

205 2807 513 2847 Theodorocani
546 2822 589 2849 se
623 2813 816 2849 famulum
852 2824 940 2849 esse
966 2816 1006 2849 ct
1031 2814 1071 2849 in
1099 2819 1231 2850 castra
1257 2815 1316 2851 ire
1341 2815 1544 2860 simulans,
1583 2826 1608 2851 a
1634 2826 1698 2852 ne-

205 2857 311 2892 mine
349 2859 512 2904 agnitus
549 2863 620 2905 est,
647 2861 777 2896 donec
815 2862 854 2896 in
892 2861 1124 2906 Bulgariam
1166 2864 1406 2908 perveniret.
1457 2862 1517 2899 Ac
1554 2874 1606 2899 ne
1644 2864 1758 2900 ibi25

205 2905 368 2950 quidem
385 2907 519 2943 statim
537 2918 581 2944 se
599 2909 929 2955 cognoscendum
948 2909 1146 2955 praebuit,
1173 2910 1244 2946 sed
1262 2911 1367 2948 inter
1387 2910 1698 2958 colloquendum

0 2106 27 2137 ξ’,

0 2278 23 2322 ῑῑ

0 2437 2 2450 l
