2054 3282
738 214 1019 256 ANASTASII
1047 212 1245 254 OBITVS.
1680 213 1749 252 143

251 340 342 386 κατ’
383 343 489 398 ὄναρ
528 343 719 398 φοβεροῦ
756 358 864 388 τινος
902 340 1058 395 ἀνδρὸς
1097 339 1297 388 δόξαντος
1332 343 1591 394 παραστῆναι
1631 340 1748 393 αὐτῷ

251 413 322 455 καὶ
365 413 491 454 εἰπεῖν
528 411 772 465 “Ἰουστίνῳ
810 410 882 452 καὶ
919 410 1192 463 Ἰουστινιανῷ
1229 409 1364 464 μηδὲν
1401 409 1556 463 ἐργάσῃ
1595 409 1748 450 κακόν·

250 481 386 536 μέλλει
409 481 488 535 γὰρ
510 481 684 525 ἕκαστος
705 480 846 520 αὐτῶν
867 479 1129 534 ὑπουργῆσαι
1150 483 1212 531 τῷ
1227 478 1322 532 θεῷ
1338 478 1382 519 ἐν
1397 482 1560 532 καιροῖς
1577 477 1748 522 ἶδίοις”·

251 550 354 591 ὅθεν
385 550 549 604 ἀφῆκεν
580 549 721 594 αὐτοῖς
750 547 797 588 τὸ
828 552 900 602 τῆς
930 547 1237 593 καθοσιώσεως
1269 547 1468 601 ἔγκλημα.
1530 546 1601 587 καὶ
1625 545 1750 592 αὖθις
1764 551 1810 586 22
1836 551 1872 586 D

215 626 237 662 5
253 619 298 660 δὲ
337 619 442 671 ὄναρ
479 618 579 659 ἰδεῖν
609 617 764 671 λέγεται
795 617 819 658 ὁ
849 615 1041 670 βασιλεὺς
1074 615 1335 662 Ἀναστάσιος
1370 615 1505 669 ἄνδρα
1541 614 1628 656 τινὰ
1668 631 1748 668 φο-

23 716 49 740 ⁷(
250 686 378 742 βερὸν
407 686 538 741 τόμον
569 687 795 740 κατέχοντα
827 686 898 727 καὶ
928 685 1098 739 λέγοντα
1129 684 1238 738 πρὸς
1265 683 1392 726 αὐτόν
1412 684 1440 698 “
1449 684 1554 732 ἰδού,
1588 683 1654 725 διὰ
1676 683 1750 738 τὴν

21 740 69 802 ῑζῖζῆ
98 763 154 799 ΙΙΙ
168 763 238 798 265
250 755 523 797 κακοπιστίαν
554 770 632 796 σου
664 753 885 808 ἀπαλείφω
910 758 983 808 τῆς
1004 754 1120 808 ζωῆς
1141 769 1218 794 σου
1240 754 1308 807 ἔτη
1331 753 1751 806 τεσσαρεσκαίδεκα.”

252 825 364 878 ἔχων
408 823 453 864 δὲ
496 823 947 878 κεχρησμοδοτημένον
985 823 1009 864 ὁ
1043 822 1303 868 Ἀναστάσιος
1347 822 1406 863 ὅτι
1450 823 1498 864 ἐκ
1540 826 1750 876 κεραυνοῦ
1764 827 1810 863 23

251 894 449 946 θανεῖται,
482 891 528 933 τὸ
549 891 774 946 λεγόμενον
796 890 996 933 Θολωτὸν
1018 891 1256 946 ἒδομήσατο
1283 891 1354 932 καὶ
1378 892 1422 933 ἓν
1449 891 1566 946 αὐτῷ
1598 891 1750 946 διῆγεν,

196 970 239 1004 10
253 959 339 1003 ἀλλ’
373 961 498 1003 οὐδέν
524 978 559 1002 τι
580 961 728 1002 τούτου
751 961 962 1002 ἀπώνατο.
1023 961 1216 1015 βροντῶν
1239 960 1318 1014 γάρ
1339 976 1439 1001 ποτε
1460 975 1749 1015 καταρρηγνυ-
1765 965 1811 1001 24

251 1031 395 1085 μένων
438 1029 795 1084 φρικωδεστάτων
841 1029 911 1070 καὶ
958 1029 1186 1083 ἀστραπῶν
1233 1029 1544 1083 ἕκτριβομένων
1590 1029 1752 1070 ἐκεῖθεν

251 1099 432 1147 πολλῶν,
465 1099 621 1144 ἐκεῖνος
653 1098 878 1153 δειμαίνων
909 1099 966 1144 εἷς
999 1098 1155 1139 δίαιταν
1186 1097 1233 1138 ἐκ
1267 1098 1422 1152 διαίτης
1445 1099 1660 1152 μετεβαινε
1681 1097 1751 1139 καὶ

253 1169 300 1209 ἐκ
336 1167 536 1222 ’θαλάμου
575 1168 631 1213 εἰς
669 1166 867 1221 θάλαμον
904 1166 1118 1208 ὑπεδύετο.
1185 1166 1255 1207 καὶ
1300 1167 1436 1212 οὕτως
1480 1167 1524 1207 ἒν
1566 1165 1625 1208 ἑνὶ
1667 1169 1753 1208 τῶν
1766 1173 1812 1208 25
1838 1172 2010 1209 W11148

252 1236 480 1291 βασιλικῶν
511 1236 729 1278 κοιτώνων
760 1236 916 1290 εὑρέθη
948 1236 1138 1290 κείμενος
1173 1235 1368 1288 τεθνεώς,
1414 1235 1545 1289 ζήσας
1574 1235 1652 1289 μὲν
1683 1236 1750 1290 ἔτη

198 1306 515 1360 ιῦὀγδοήκοντα
552 1305 623 1346 καὶ
661 1305 787 1352 ὀκτώ,
829 1305 1078 1359 βασιλεύσας
1119 1304 1158 1345 δ’
1195 1304 1240 1351 ἒξ
1277 1305 1417 1346 αὒτῶν
1448 1305 1486 1346 κ’
1518 1305 1589 1346 καὶ
1621 1303 1657 1353 ζ’
1687 1305 1753 1346 ἐπὶ

253 1374 355 1429 μησὶ
385 1375 521 1428 τρισίν.

375 1443 444 1484 Ἐν
472 1446 558 1490 τοῖς
588 1442 757 1498 χρόνοις
787 1443 947 1489 τούτοις
978 1443 1121 1497 γέγονε
1147 1441 1315 1497 σεισμὸς
1336 1443 1648 1498 φοβερώτατος,
1682 1442 1753 1484 καὶ
1767 1449 1813 1484 26
1839 1446 2017 1484 P1158A

34 1512 37 1513 =
18 1174 48 1471 2124*›;⁴=⁵‘=7m2fl'ffi2
15 1094 39 1160 ’ΨΥ
16 1015 52 1093 ’Ῑ“
39 992 46 1002 v,

253 1570 277 1605 8
301 1568 438 1615 τελευτὴ
465 1573 524 1604 τοῦ
549 1568 724 1614 βασιλέως
745 1567 964 1604 Ἀναστασιόυ
991 1566 1054 1604 CE

328 1690 345 1724 1
373 1689 452 1725 κατ’
477 1690 562 1734 ὄναρ
589 1699 665 1724 om.
692 1687 722 1724 C
819 1688 842 1724 5
866 1687 1032 1735 βασιλεὺς
1060 1698 1134 1723 om.
1155 1687 1186 1723 E
1283 1687 1488 1728 ἀναστάσιος
1513 1687 1594 1733 ΑΕ,
1620 1688 1754 1728 ἐκεῖνος

328 1737 425 1783 pr
523 1738 544 1773 7
571 1737 887 1782 τεσσαρεσκαίδεκα
901 1735 1050 1782 ARW1)‚
1077 1735 1192 1772 Cedr.
1212 1736 1228 1771 Ι
1248 1747 1284 1782 p.
1300 1736 1380 1781 636,
1396 1738 1427 1780 1,
1455 1737 1692 1782 δεκατέσσαρα
1712 1736 1752 1780 C,

327 1796 365 1820 v.
384 1785 436 1820 ad
455 1796 492 1831 p.
510 1785 567 1830 97,
593 1785 616 1820 8
711 1785 1139 1830 8,κεχρησμοὸοτημέιόν
1157 1783 1203 1829 Α,
1229 1785 1620 1830 κεχρησμωδοτημένον
1638 1785 1752 1830 pr,

327 1834 387 1868 καὶ
415 1833 751 1878 χρησμοδοτημένον
775 1832 822 1876 R,
853 1832 1233 1878 κεχρησμοδοτημένον
1259 1843 1360 1868 corr.
1388 1843 1438 1868 ex
1464 1833 1524 1868 καὶ
1548 1833 1752 1878 χρησμοδο-

326 1882 472 1926 τημένον
497 1880 528 1915 Β
638 1881 683 1915 10
706 1881 840 1916 τούτών
869 1881 954 1925 (Sic)
981 1880 1012 1916 Ε
1119 1893 1204 1915 ποτε
1228 1879 1397 1926 prDi,
1422 1895 1481 1916 ποι
1501 1880 1536 1916 Α
1645 1882 1753 1926 ἐκρη-

327 1929 508 1974 γνυμένων
534 1927 674 1974 Bcwp,
700 1928 999 1974 ἕκκρηγνυμένων
1025 1927 1060 1962 D
1199 1929 1236 1962 ll
1270 1929 1580 1974 φρικωφεστάτων
1607 1930 1692 1973 (Sic)
1719 1928 1754 1963 A

333 1977 374 2012 12
399 1977 440 2011 ἔκ
467 1977 600 2022 διαίτης
625 1977 674 2015 εἰς
699 1977 834 2012 δίαιταν
859 1976 973 2022 pr‚
1001 1987 1037 2011 v.
1065 1976 1117 2011 ad
1144 1987 1181 2022 p.
1208 1976 1241 2021 8,
1267 1976 1299 2011 4.
1328 1978 1350 2012 5
1487 1978 1530 2012 15
1556 1978 1667 2012 εἴκοσι
1695 1977 1754 2012 καὶ

327 2024 411 2060 ἑπτὰ
429 2023 587 2070 prDi
685 2024 728 2059 16
753 2024 861 2070 τρισὶν
879 2023 1052 2070 ADEwp
1078 2027 1131 2066 (v.
1150 2023 1302 2060 Theod.
1321 2024 1431 2060 Lect.
1455 2025 1493 2060 ΙΙ
1518 2025 1590 2070 37),
1618 2025 1704 2060 τισὶν
1722 2024 1755 2059 R

328 2073 372 2109 17
398 2073 519 2107 τούτου
546 2072 642 2118 pr

259 2193 459 2228 horribilis
489 2196 623 2228 astare
650 2193 685 2227 ei
713 2193 823 2227 visus
849 2196 954 2228 esset
980 2203 1028 2227 ac
1061 2192 1213 2228 dicere:
1251 2192 1438 2229 “Iustino
1465 2196 1505 2229 et
1530 2193 1754 2229 Iustiniano

257 2251 308 2276 ne
335 2241 431 2287 quid
458 2241 552 2275 mali
579 2241 744 2285 fecerim
781 2251 874 2275 nam
905 2244 1078 2286 uterque
1105 2241 1181 2276 deo
1209 2251 1282 2276 suo
1310 2244 1491 2287 tempore
1518 2241 1754 2276 inserviet’t

258 2289 339 2324 Illis
364 2289 489 2334 igitur
515 2289 681 2324 crimine
708 2289 842 2323 laesae
868 2289 1088 2323 maiestatis
1115 2289 1309 2324 absolutis
1336 2290 1481 2325 iterum
1509 2290 1663 2324 somnio
1702 2288 1816 2324 vi-2‘2

259 2337 364 2372 disse
391 2335 538 2371 dieitur
563 2347 635 2371 rex
662 2335 903 2371 Anastasius
937 2337 1068 2371 virum
1104 2336 1306 2382 quendam
1340 2337 1570 2372 horribilem
1604 2340 1756 2372 tomum

259 2393 382 2419 manu
408 2387 611 2420 tenentem
639 2384 796 2429 sibique
824 2384 1040 2419 dicentem:
1072 2384 1217 2428 “Ecce,
1246 2385 1297 2419 ob
1326 2385 1471 2419 malam
1499 2387 1609 2419 tuam
1636 2385 1755 2420 fidem

260 2432 374 2468 deleo
402 2432 511 2468 vitae
537 2436 632 2467 tuae
659 2442 788 2467 annos
817 2431 1182 2477 quattuordecim’'.
1234 2432 1281 2467 Et
1309 2433 1403 2478 quia
1426 2432 1643 2468 Anastasio
1671 2442 1755 2468 ora·
1770 2433 1816 2468 23

259 2480 392 2515 culum
419 2483 507 2515 erat
525 2479 675 2524 datum,
701 2483 746 2515 ut
765 2480 932 2514 fulmine
951 2483 1186 2523 moreretur,
1215 2479 1442 2524 Tholotum‚
1470 2480 1579 2525 quod
1599 2480 1757 2525 dicitur,

259 2527 490 2562 aedificavit
515 2528 557 2563 in
580 2538 710 2574 eoque
730 2527 907 2573 degebat
934 2547 976 2552 —
1004 2528 1074 2562 sed
1094 2530 1254 2563 frustra.
1306 2527 1406 2563 Nam
1427 2538 1517 2563 cum
1536 2528 1756 2573 aliquando
1771 2527 1817 2563 24

260 2575 359 2610 caeli
396 2579 502 2611 esset
531 2576 672 2621 frag-or
699 2575 925 2611 horrendus
954 2578 993 2610 et
1020 2575 1188 2610 fulmina
1214 2575 1339 2610 multa
1365 2575 1473 2610 illinc
1499 2575 1757 2620 eliderentur,

260 2623 325 2658 ille
351 2627 461 2658 metu
486 2624 734 2669 perterritus,
764 2633 854 2658 eum
882 2624 921 2658 in
949 2623 1122 2658 diaetam
1151 2634 1201 2658 ex
1231 2623 1364 2658 diaeta
1390 2624 1615 2659 transiisset
1640 2627 1680 2659 et
1706 2634 1757 2659 ex

260 2670 435 2706 thalamo
462 2671 502 2706 in
533 2671 751 2707 thalamum
784 2682 827 2707 se
859 2670 1091 2715 abdidisset,
1130 2673 1169 2706 in
1207 2671 1381 2717 quodam
1420 2671 1536 2716 reg-io
1570 2671 1757 2707 cubiculo
1772 2670 1818 2706 25

261 2720 450 2754 inventus
488 2722 547 2754 est
583 2723 777 2755 mortuus.
829 2718 938 2755 Vixit
976 2729 1104 2754 annos
1144 2719 1527 2765 duodenonaginta3
1569 2721 1759 2766 regnavit

262 2767 406 2812 viginti
437 2771 590 2812 septem
617 2777 707 2802 cum
732 2767 938 2803 mensibus
964 2767 1104 2802 tribus.

381 2813 453 2849 His
478 2814 726 2860 temporibus
752 2815 829 2850 suit
854 2817 987 2850 terrae
1014 2819 1146 2850 motus
1173 2819 1252 2849 tam
1280 2815 1517 2859 horrendus,
1549 2818 1592 2850 ut
1619 2818 1658 2851 et
1684 2815 1758 2861 By·
1772 2816 1818 2851 <26

263 2863 383 2898 zantii
404 2862 500 2897 locis
519 2862 690 2898 diversis
709 2862 894 2898 aedificia
911 2866 1149 2898 corruerent
1168 2867 1206 2897 vt
1225 2862 1439 2898 Antiochia
1457 2873 1608 2909 magna
1628 2873 1758 2910 paene

263 2915 347 2946 tota
374 2910 644 2946 collaberetur
668 2910 825 2946 civibus
849 2911 966 2946 ruina
995 2911 1160 2946 obrutis.
