2054 3282
601 215 943 259 THEOGTISTA.
994 216 1148 259 REGIS
1172 214 1360 258 FILIAE.
1661 210 1732 257 359

232 343 316 399 ἰδίᾳ
357 343 751 399 παραλαμβάνουσα
794 342 971 399 παρῄνει
1008 342 1082 390 τὰς
1117 340 1237 398 ἁγίας
1268 340 1433 389 εἰκόνας
1465 340 1729 398 σεβάζεσθαι,

231 412 303 456 καὶ
340 413 388 456 ἐκ
424 413 623 468 κιβωτίου
660 412 865 467 σεβάσμια
897 413 1136 467 ἐκφέρουσα
1168 412 1449 466 ἐκτυπώματα
1481 415 1731 465 προσκυνεῖν

232 482 336 524 αὐτὰ
366 482 654 536 παρεσκεύαζε
692 480 765 528 τὰς
802 481 1060 535 θυγατριὸᾶς
1096 480 1168 523 καὶ
1210 481 1486 533 ἀσπάζεσθαι,
1531 479 1602 522 καὶ
1644 484 1732 526 ταῖς

231 551 434 606 κεφαλαῖς
477 551 618 594 αὐτῶν
656 549 832 592 ἐπετίθει
867 549 939 591 καὶ
969 554 1057 596 ταῖς
1086 549 1332 604 προσόψεσι.
1393 550 1468 591 καί
1494 565 1595 591 ποτε
1626 549 1729 591 ε’κεῖ-
1745 551 1767 587 6

193 620 310 662 ὅθεν
352 619 647 675 ἐπανηκούσας
689 618 762 666 τὰς
799 618 953 665 παῒὸας
989 619 1134 674 ἠρώτα
1166 618 1191 660 ὁ
1221 617 1413 673 βασιλεὺς
1447 618 1486 659 τί
1512 617 1629 672 παρὰ
1659 622 1732 673 τῆς

230 688 411 744 μάμμης
453 688 597 734 αὐταῖς
636 686 795 742 γένοιτο
833 687 904 729 καὶ
939 687 1027 728 τίνα
1063 687 1166 741 παρ’
1198 687 1357 743 ἐκείνης
1387 687 1531 734 αὐταῖς
1561 687 1730 741 λέγοιτο.
1746 688 1941 726 Ρ11144Α

231 757 276 798 αἱ
310 757 389 812 μὲν
427 754 504 799 οὖν
541 754 680 798 λοιπαὶ
717 755 925 804 ἐσιώπων,
970 756 995 811 ἡ
1028 754 1270 811 Πουλχερία
1309 755 1355 798 δὲ
1385 755 1643 811 νηπιάζουσα
1675 755 1767 798 ἕτιΊ

58 868 61 869 ⁷
73 826 131 867 111
147 825 355 868 4Οότᾶλλα
386 841 428 868 τε
459 825 635 880 διηγεῖτο
667 824 917 879 ψελλιζούσῃ
950 829 1077 879 φωνῇ
1109 824 1179 866 καὶ
1209 828 1474 880 προσεπῆγεν
1505 825 1568 871 ὡς
1598 825 1659 880 εἴη
1681 829 1731 880 τῇ

51 893 55 899 “
230 894 386 950 μάμμῃ
409 894 512 936 νινία
535 894 579 936 ἐν
599 893 801 948 κιβωτίῳ,
834 892 906 940 τὰς
928 893 1093 940 εἰκόνας
1115 893 1228 935 οὕτω
1249 893 1450 941 καλοῦσα,
1482 892 1584 935 “nal
1603 898 1730 936 ταῦτα

173 966 219 1003 10
229 968 281 1019 τῇ
311 962 477 1019 κεφαλῇ
507 962 578 1004 καὶ
608 967 693 1009 τοῖς
723 962 970 1016 προσώποις
1001 963 1125 1017 ἡμῶν
1155 962 1355 1017 ἐπιτίθησι
1377 962 1448 1004 καὶ
1470 962 1731 1012 ἀσπάζεσθαι

232 1032 449 1075 ὀίὸωσιν.”
482 1032 674 1075 ἐντεῦθεν
702 1031 774 1078 τὰς
799 1031 950 1078 σεπτὰς
971 1031 1136 1078 εἰκόνας
1158 1031 1281 1086 γνοὺς
1305 1031 1578 1074 διδάσκεσθαι
1597 1033 1767 1084 προσ-8

229 1105 371 1143 κυνεῖν
400 1100 474 1148 τὰς
504 1101 633 1143 αὐτοῦ
667 1100 903 1155 θυγατέρας
940 1100 1056 1155 παρὰ
1095 1105 1168 1155 τῆς
1204 1100 1398 1155 μάμμης,
1444 1101 1581 1142 οὐκέτι
1622 1100 1732 1154 πρὸς

230 1169 361 1225 αὐτὴν
393 1170 630 1224 ἀπάγεσθαι
660 1169 732 1216 τὰς
762 1170 917 1216 παῖδας
946 1170 1323 1224 παρακεχώρηκεν,
1357 1170 1497 1223 ἕτερον
1529 1169 1574 1211 δὲ
1606 1168 1766 1211 οὖδὲνθ

229 1238 419 1294 λυπηρὸν
450 1240 508 1286 εἰς
537 1239 612 1294 τὴν
643 1237 894 1292 Θεοκτίστην
923 1237 1155 1292 εἰργάσατο,
1188 1237 1439 1292 αἰδούμενος
1471 1238 1631 1293 ἐκείνην
1663 1237 1729 1280 διὰ

171 1307 276 1349 15τό
307 1307 440 1363 κῆδος
477 1307 549 1349 καὶ
585 1307 712 1349 πλέον
757 1306 824 1348 διὰ
867 1306 941 1361 τὴν
984 1306 1146 1362 ἀρετήν,
1189 1308 1215 1361 ἣ
1253 1306 1325 1348 καὶ
1354 1306 1554 1353 πολλάκις
1583 1307 1731 1362 ἤλεγχε

228 1380 392 1430 τοῦτον,
435 1377 493 1419 ὅτι
537 1375 634 1422 τοὺς
677 1375 946 1430 ὀρθοὸόξους
983 1374 1156 1424 ἐκόλαζε
1193 1375 1264 1417 καὶ
1300 1379 1387 1422 ταῖς
1419 1377 1546 1429 ἱεραῖς
1577 1375 1774 1417 εἰκόσινΒ

229 1446 430 1500 ἐνύβριζε,
462 1444 533 1487 καὶ
565 1444 631 1486 διὰ
663 1449 789 1486 ταῦτα
822 1444 1025 1498 ἀπεχθῶς
1058 1444 1291 1486 διακεῖσθαι
1321 1444 1430 1498 πρὸς
1456 1444 1582 1486 αὐτὸν
1604 1445 1727 1499 ἐπλη-

228 1514 406 1569 ροφόρει
440 1517 525 1555 πᾶν
562 1513 608 1555 τὸ
645 1514 849 1568 ὑπήκοον.
910 1517 1098 1554 τοιοῦτον
1130 1513 1182 1567 δή
1214 1529 1250 1554 τι
1279 1513 1351 1554 καὶ
1380 1514 1475 1567 περὶ
1504 1513 1579 1567 τὴν
1609 1514 1727 1567 βασι·
1743 1516 1789 1552 10

227 1581 320 1625 λίόα
352 1582 523 1637 ἐγένετο.
584 1582 637 1638 ἦν
667 1598 702 1624 τι
732 1580 848 1636 παρὰ
878 1584 964 1628 τοῖς
994 1580 1243 1635 ἀνακτόροις
1274 1581 1524 1636 ἀνθρώπιον
1555 1581 1626 1623 καὶ
1654 1585 1727 1624 τοῦ

229 1709 274 1745 19
297 1708 377 1754 περὶ
402 1714 462 1754 τῆς
488 1709 672 1754 δεσποίνης
701 1708 891 1754 Θεοὸὠρας
916 1709 977 1745 καὶ
1004 1713 1062 1744 τοῦ
1087 1708 1318 1754 παράφρονος
1338 1708 1482 1754 Δένόερι
1511 1708 1664 1755 (βὲνὸερι
1682 1709 1726 1751 Ε)

228 1756 303 1802 CE,
327 1757 407 1802 περὶ
433 1762 494 1793 τοῦ
519 1757 664 1802 Δένὸερι
691 1755 726 1792 Α

298 1875 322 1912 4
346 1882 415 1916 τοῖς
437 1876 637 1921 προςώποις
655 1875 687 1913 Ο
713 1887 763 1912 ex
783 1879 803 1919 ἓ
822 1876 842 1912 7
940 1876 962 1912 6
987 1876 1141 1922 λέγοιντο
1167 1874 1322 1922 EwpDi
1418 1876 1441 1911 8
1466 1876 1681 1922 ψελλίζουσα
1697 1876 1726 1912 Ε

345 1925 542 1970 προςετίθει
569 1923 605 1959 D
683 1924 705 1959 9
730 1925 771 1960 ἐκ
797 1925 968 1971 κιβωτίου
997 1924 1026 1959 E
1100 1927 1196 1960 anto
1220 1924 1358 1963 εἰκόνας
1385 1924 1478 1959 add.
1503 1924 1603 1970 ἁγίας
1630 1924 1726 1970 Ewp

301 1972 347 2007 10
371 1978 444 2011 ταῖς
461 1971 632 2017 κεφαλαῖς
651 1972 759 2017 pr,
787 1983 836 2007 ex
857 1975 877 2011 ξ
895 1972 917 2007 5
1016 1972 1061 2007 13
1086 1972 1119 2007 δ’
1138 1972 1170 2008 Ο
1271 1972 1314 2007 Ῑῖ)
1340 1972 1377 2007 τὸ
1402 1972 1512 2018 κῆδος
1538 1972 1597 2007 καὶ
1622 1972 1727 2008 πλέον

299 2019 359 2056 διὰ
384 2031 460 2056 om.
486 2019 565 2063 ΑΕ,
593 2020 684 2055 add.
712 2019 879 2066 prDc',
908 2031 944 2055 v.
971 2019 1086 2057 Cedr.
1114 2020 1305 2064 (Scylitz.)
1332 2020 1369 2055 ΙΙ
1397 2031 1433 2066 p.
1464 2020 1540 2064 104,
1572 2020 1615 2056 15

302 2068 347 2104 16
371 2067 517 2109 ἐκόλαζε
542 2066 712 2114 prDi,
737 2067 904 2109 ἐκόλαζεν
929 2066 964 2103 Α
991 2069 1043 2110 (v.
1070 2067 1122 2104 ad
1149 2067 1246 2103 XIII
1273 2069 1304 2112 1,
1330 2068 1368 2112 5)

227 2197 365 2222 sacras
391 2187 589 2233 imagines
616 2187 872 2223 venerandas
899 2187 1161 2233 curabatque,
1188 2191 1234 2223 ut
1267 2197 1404 2222 sacras
1436 2187 1594 2231 effigies
1627 2197 1649 2222 e
1676 2187 1726 2222 ci-

227 2235 342 2270 stella
381 2235 560 2281 prolatas
595 2240 736 2280 neptes
773 2234 993 2270 adorarent
1031 2246 1078 2270 ac
1117 2235 1463 2278 deoscularentur,
1503 2244 1725 2280 earumque

228 2282 429 2328 capitibus
466 2286 505 2318 et
547 2283 684 2318 oribus
726 2292 796 2317 cas
843 2282 1099 2318 admovebat.
1167 2281 1328 2317 Puellas
1366 2282 1587 2328 aliquando
1631 2281 1762 2317 indoss

226 2340 413 2366 reversas
437 2340 529 2366 curn
557 2338 723 2375 rogaret
754 2339 838 2373 rex,
871 2329 1074 2375 quomodo
1101 2330 1153 2365 ab
1180 2331 1274 2365 avia
1301 2334 1499 2365 tractatae
1526 2332 1660 2365 essent
1686 2332 1725 2366 et

227 2377 324 2423 quid
351 2377 514 2421 diceret,
554 2379 697 2413 ceteris
723 2378 961 2421 tacentibus,
997 2377 1211 2412 I‘ulclieria
1238 2377 1372 2412 adhuc
1402 2377 1602 2412 infantula
1634 2376 1761 2413 cum?

227 2430 363 2461 cetera
382 2425 631 2461 balbutiente
659 2435 759 2461 voce
778 2427 912 2467 refert,
940 2431 1022 2460 tum
1051 2425 1162 2460 addit
1189 2425 1322 2460 aviam
1348 2426 1387 2460 in
1417 2425 1568 2460 cistella
1594 2435 1726 2471 pupas

227 2473 378 2508 babere
404 2474 476 2511 (sic
494 2474 599 2509 enirn
620 2474 817 2518 imagines
837 2472 1036 2516 vocabat),
1064 2483 1166 2518 quus
1186 2473 1364 2519 ipsarum
1392 2473 1512 2518 capiti
1540 2477 1579 2508 ct
1607 2473 1723 2508 t'acici

227 2520 463 2556 admoveret
489 2526 612 2566 atque
640 2520 882 2556 osculandas
909 2521 1134 2566 praeberet.
1185 2521 1274 2563 Qua
1306 2530 1357 2556 ex
1384 2530 1428 2556 re
1454 2530 1545 2555 cum
1577 2519 1761 2566 cogno-8

227 2568 352 2604 visset
365 2568 467 2603 filias
481 2569 532 2603 nb
547 2570 640 2604 avia
655 2568 805 2604 cultum
822 2578 1028 2603 sacrarum
1046 2568 1267 2612 imaginum
1288 2567 1435 2611 doceri,
1456 2578 1525 2603 eas
1543 2578 1623 2603 non
1645 2578 1724 2603 am·

228 2615 333 2662 plius
358 2615 412 2651 ad
436 2615 542 2651 illam
570 2616 717 2651 abduci
746 2626 888 2661 passus
915 2619 985 2659 cst,
1012 2625 1144 2661 neque
1172 2626 1268 2650 vcro
1296 2616 1375 2650 alia
1393 2614 1576 2650 molestia
1595 2614 1760 2651 Theo-9

229 2663 386 2699 ctistam
403 2664 548 2707 affecit,
576 2673 695 2709 quani
716 2674 805 2699 curn
826 2667 991 2709 propter
1017 2663 1253 2698 at'tinitatcin
1282 2668 1364 2699 tum
1392 2663 1511 2698 etiam
1532 2662 1583 2698 ob
1602 2663 1721 2699 virtu-

228 2714 308 2747 tem
333 2711 564 2756 verebatur,
595 2722 684 2746 cum
713 2710 872 2757 quidem
901 2711 953 2746 ab
980 2722 1028 2746 ea
1055 2721 1178 2757 saepe
1204 2710 1579 2755 reprehenderetur,
1615 2710 1724 2756 quod

229 2758 476 2795 orthodoxos
503 2759 666 2805 puniret
691 2765 730 2794 et
756 2759 881 2794 sacris
908 2759 1151 2802 imaginibus
1178 2758 1460 2793 contumeliam
1482 2758 1645 2803 faceret,
1672 2758 1724 2794 ab

229 2814 361 2852 eaque
388 2807 535 2843 certior
563 2807 677 2842 tieret
703 2807 750 2842 iis
777 2806 898 2842 rebus
925 2806 1100 2841 omnium
1130 2806 1221 2841 odia
1249 2810 1390 2841 contra
1416 2815 1460 2841 se
1486 2815 1574 2842 csse
1603 2808 1723 2842 mota.

229 2851 365 2890 Simile
402 2854 594 2900 quiddam
631 2855 750 2890 etiam
787 2854 956 2898 reginae
988 2853 1145 2889 accidit.
1200 2853 1291 2888 terat
1327 2854 1366 2888 in
1406 2853 1521 2899 regia
1559 2853 1722 2899 quidam
1740 2853 1784 2889 10

228 2900 444 2938 homuncio
470 2902 621 2938 delirus
646 2905 687 2937 et
711 2901 904 2948 impedita
930 2901 1082 2947 lingua,
1113 2910 1231 2947 quein
1259 2911 1328 2937 rex
1358 2901 1397 2936 in
1426 2900 1578 2937 deliciis
1605 2901 1723 2937 habc-
