1968 3302
260 222 354 260 XVI
900 218 1117 255 Praefatio.

260 344 400 388 hendo
434 361 457 385 ν
490 342 784 399 epheleystico
818 345 861 383 et
893 341 935 382 in
969 337 1180 393 eligendis
1211 336 1361 380 formis
1394 337 1506 378 οὕτω
1539 339 1582 378 et
1614 336 1763 389 οὕτως,

262 416 386 458 ταύτό
410 419 452 457 et
473 414 636 467 ταύτόν,
667 413 805 467 legem
831 410 1045 466 quandam
1070 412 1315 452 constanter
1341 407 1461 462 sequi
1496 409 1552 460 (v.
1577 406 1632 449 ad
1654 407 1766 449 XIII

266 490 303 541 1,
321 487 363 530 5.
397 487 438 541 6,
463 486 532 528 16.
568 486 742 540 13,15),
777 498 870 526 euni
894 495 1109 535 nunquam
1142 481 1204 522 uti
1227 479 1544 536 praepositione
1567 480 1654 532 ξύν,
1686 479 1767 521 nisi

262 561 305 602 in
340 557 587 614 compositis
620 559 677 610 (v.
712 556 768 599 ad
798 555 1049 608 X1115,1),
1089 566 1185 595 eum
1215 552 1258 594 in
1291 550 1550 594 adhibendis
1580 550 1768 593 nomino-

264 645 350 673 runi
386 630 654 686 propriorum
688 628 833 670 formis
860 627 1004 680 Ἑλένη
1040 627 1098 678 (v.
1131 623 1187 667 ad
1211 625 1321 666 XIII
1347 624 1463 678 1,2),
1490 623 1676 665 'Ionavt'a
1709 623 1767 674 (v.

267 703 321 746 {ul
356 703 466 744 XIII
503 701 676 755 10‚18),
710 699 955 754 Κεφαληνία
990 699 1048 750 (v.
1072 696 1127 739 ad
1155 696 1260 738 XVI
1288 697 1434 751 10,1),
1467 695 1678 741 Λικίννιος
1709 695 1767 747 (V.

264 775 320 818 ad
354 775 462 816 XIII
499 773 612 827 1,6),
655 771 965 826 Α’[ομψουεστία
998 769 1090 812 Sive
1122 769 1291 823 M62pov
1324 769 1433 810 ἑστία
1467 769 1524 821 (V.
1558 766 1628 810 ad.
1662 766 1768 809 XVI

264 847 336 900 25,
352 847 395 899 3)
440 849 520 888 eet.
563 844 643 887 sibi
687 846 897 891 constare,
939 845 1096 896 tamen,
1141 845 1406 896 quantopere
1438 838 1552 881 idem
1585 838 1769 894 scriptor

266 919 401 960 soleat
427 917 594 960 variare
619 915 811 956 omnibus
845 913 1088 969 praeceptis
1121 913 1495 967 grammaticorum
1529 915 1769 953 nostrorum

265 989 486 1044 neglectis,
529 987 614 1029 dici
647 987 719 1029 vix
753 990 907 1041 potest.
978 984 1264 1036 Quamobrem
1296 985 1460 1026 intacta
1491 980 1770 1036 relinquenda

266 1075 358 1103 esse
391 1060 589 1103 videntur
630 1058 855 1112 ἀδελφιδός
887 1061 929 1099 et
962 1057 1214 1112 ἀδελφιδοῦς
1256 1058 1313 1108 (v.
1348 1055 1404 1098 ad
1436 1055 1588 1098 XVIII
1620 1053 1769 1108 3‚18),

266 1133 459 1186 ἄντικρύς
492 1133 550 1184 (V.
574 1130 630 1172 ad
656 1130 785 1172 XVII
808 1130 849 1183 8,
866 1130 909 1182 3)
950 1132 993 1172 et
1026 1130 1219 1183 ἄντικρυς
1253 1128 1397 1180 (XVII
1431 1127 1503 1181 23,
1521 1126 1595 1180 24)
1630 1130 1674 1169 et
1703 1127 1770 1167 ἅν-

264 1205 381 1258 τικρύ
421 1203 565 1256 (XVII
599 1201 700 1252 7‚9.
734 1202 806 1255 22,
823 1202 861 1243 8.
910 1201 1061 1243 XVIII
1098 1200 1165 1254 17,
1186 1200 1275 1254 25),
1319 1200 1487 1253 γλῶσσα
1529 1202 1571 1240 et
1611 1199 1770 1252 γλῶττα

267 1279 324 1329 (v.
348 1274 435 1317 ind.
461 1277 605 1316 annot.
629 1287 660 1315 S.
678 1274 777 1326 -σσ),
812 1273 983 1314 δώδεκα
1007 1271 1153 1325 (XVII
1181 1272 1250 1325 10,
1273 1271 1339 1312 16.
1375 1270 1526 1312 XVIII
1560 1270 1602 1324 2,
1624 1269 1696 1322 19)
1729 1273 1772 1311 et

268 1348 523 1390 δυοκαίδεκα
558 1345 678 1398 (XIV
699 1346 738 1398 7,
762 1345 828 1386 13.
862 1344 989 1386 XVII
1014 1344 1055 1397 8,
1075 1345 1130 1397 l),
1165 1345 1276 1385 ἔσται
1299 1347 1341 1384 et
1363 1344 1495 1384 ἔσεται
1528 1342 1586 1394 (v.
1609 1340 1665 1383 ad
1689 1341 1771 1384 XV

268 1420 307 1473 7,
326 1420 367 1461 9.
401 1419 507 1460 XVI
530 1418 600 1468 23,
617 1418 706 1473 34),
740 1418 783 1463 ἐς
815 1420 857 1458 et
888 1417 945 1462 εἷς
978 1417 1034 1468 (v.
1060 1414 1115 1457 ad
1140 1415 1244 1457 XIV
1272 1414 1450 1468 12,14),
1483 1415 1530 1462 ἓξ
1562 1412 1635 1454 καὶ
1669 1413 1770 1455 δέκα

269 1495 310 1534 et
342 1491 564 1540 ἑξκαίδεκα
597 1494 640 1532 et
667 1490 769 1531 δέκα
803 1489 872 1530 καὶ
904 1489 949 1536 ἕξ
981 1488 1036 1540 (v.
1059 1487 1164 1529 XIV
1183 1487 1298 1540 8,12
1322 1490 1364 1528 et
1387 1484 1443 1527 ad
1466 1485 1577 1527 XIII
1594 1484 1666 1538 25,
1684 1484 1772 1537 29),

269 1563 508 1618 ἐβουλόμην
539 1561 685 1615 (XVII
708 1561 750 1611 9,
769 1560 836 1602 32.
874 1559 942 1614 15,
960 1560 1001 1601 9.
1035 1560 1106 1613 27,
1127 1560 1169 1611 7)
1203 1562 1246 1600 et
1277 1558 1525 1614 ἠβουλόμην
1547 1557 1677 1611 (XIII
1703 1557 1771 1610 11,

271 1637 311 1679 7.
346 1635 450 1678 XVI
482 1635 581 1689 4,1.
617 1634 744 1677 XVII
771 1635 837 1687 11,
857 1634 913 1685 9),
947 1633 1141 1687 ἔνήνεκτο
1174 1635 1217 1674 et
1248 1633 1397 1686 ἤνεκτο
1431 1632 1485 1683 (v.
1519 1629 1576 1672 ad
1599 1629 1680 1671 XV
1703 1629 1773 1677 29,

269 1709 330 1763 6),
363 1708 562 1762 εὐτύχησε
595 1709 652 1759 (V.
677 1705 733 1748 ad
757 1705 865 1746 XIII
896 1705 1028 1758 13,1)
1062 1707 1105 1746 et
1136 1704 1344 1759 ηὐτύχησε
1377 1704 1434 1756 (V.
1468 1701 1525 1745 ad.
1557 1701 1668 1744 XIII
1705 1702 1772 1754 10,

274 1781 359 1835 10),
394 1781 568 1835 ἔφθακα
591 1778 714 1831 (XIV
735 1778 773 1832 7,
793 1778 867 1829 38)
893 1781 934 1819 et
956 1777 1163 1830 πέφθακα
1187 1775 1310 1828 (XIV
1331 1775 1399 1829 12,
1419 1775 1504 1828 11),
1536 1774 1774 1828 θαυμάζειν

272 1852 372 1906 (XV
404 1851 475 1905 28,
494 1851 539 1903 5)
579 1855 622 1893 et
653 1850 954 1904 θαυμάζεσθαι
987 1849 1041 1901 (V.
1085 1846 1141 1890 ad
1173 1847 1256 1890 XV
1295 1847 1477 1900 21,10),
1517 1845 1682 1900 θάρσος
1715 1846 1773 1897 (v.

271 1923 328 1966 ad
350 1923 432 1966 XV
456 1923 526 1976 23,
550 1923 621 1975 ll)
646 1926 688 1964 ct
709 1921 873 1975 θράσος
896 1920 994 1973 (XV
1013 1919 1084 1974 24,
1100 1920 1171 1961 21.
1203 1919 1308 1961 XVI
1331 1918 1373 1972 3,
1393 1919 1461 1960 10.
1496 1916 1642 1972 8,16),
1674 1916 1776 1962 ναός

273 1995 396 2048 (XVI
432 1995 499 2048 10,
519 1994 590 2046 15)
624 1997 666 2036 et
697 1994 805 2039 νεώς
838 1992 959 2045 (XVI
983 1993 1021 2041 7,
1036 1991 1096 2048 5),
1130 1995 1238 2033 νεῶν
1272 1990 1396 2044 (XIV
1418 1989 1460 2044 3,
1478 1989 1555 2042 30)
1588 1992 1631 2032 et
1659 1991 1776 2043 νηῶν

272 2069 330 2121 (v.
363 2066 419 2110 ad
452 2066 535 2108 XV
567 2066 746 2119 23,15),
790 2065 981 2118 πάραλος
1013 2068 1056 2106 et
1087 2063 1292 2118 παράλιος
1333 2063 1391 2115 (v.
1425 2060 1483 2104 ad
1514 2061 1597 2104 XV
1630 2060 1776 2114 27,1)‚

273 2140 449 2181 σουλτάν
493 2140 550 2192 (V.
591 2137 648 2180 ad
688 2137 816 2180 XVII
849 2136 923 2191 25,
940 2137 1015 2189 21)
1062 2139 1106 2178 et
1145 2135 1374 2181 σουλτάνος
1419 2133 1565 2188 (XVII
1596 2132 1668 2187 25,
1685 2131 1776 2186 38),

274 2211 549 2266 στρατιάρχης
581 2214 623 2252 ct
656 2210 916 2263 στρατάρχης
949 2209 1005 2262 (v.
1043 2207 1099 2250 ad
1133 2207 1262 2250 XVII
1294 2206 1336 2261 6,
1357 2206 1445 2261 12),
1482 2205 1778 2260 ταγματάρχης

274 2287 317 2325 et
347 2283 641 2338 ταγμάταρχος
674 2282 731 2333 (V.
755 2280 813 2323 ad
834 2281 939 2322 XIV
970 2281 1008 2329 7,
1028 2280 1116 2333 27),
1148 2280 1273 2321 τᾶλλα
1298 2282 1342 2321 et
1362 2277 1487 2320 τᾶλλα
1511 2277 1570 2330 (V.
1593 2274 1651 2319 ad
1671 2274 1778 2318 XVI

275 2354 392 2409 3,15
426 2358 469 2396 et
501 2353 629 2396 XVII
662 2353 733 2407 20,
753 2353 812 2406 3),
844 2357 1028 2407 ταμιεῖον
1062 2355 1104 2394 et
1135 2355 1307 2406 ταμεῖον
1329 2351 1386 2404 (v.
1420 2348 1477 2392 ad
1499 2348 1606 2391 XVI
1627 2348 1670 2403 2,
1687 2346 1778 2402 35),

274 2426 501 2481 ταξιάρχης
533 2428 576 2467 et
605 2425 829 2480 ταξίαρχος
862 2425 916 2476 (v.
951 2422 1007 2466 ad
1039 2422 1152 2465 XIII
1177 2423 1355 2477 10,11),
1389 2422 1522 2476 ὥρων
1551 2423 1595 2463 et
1626 2420 1779 2474 ἑώρων

278 2498 336 2551 (v.
369 2496 425 2540 ad
458 2497 587 2540 XVII
619 2496 706 2551 3‚8
741 2500 783 2538 et
814 2495 922 2538 XVI
957 2496 994 2550 1,
1013 2494 1103 2550 26),
1137 2494 1257 2537 alia1
1291 2493 1415 2537 huius
1446 2492 1629 2549 generis,
1669 2503 1778 2546 quae

279 2700 419 2735 critica
446 2700 689 2746 explicanda
722 2711 811 2736 esse
837 2700 914 2736 rati
945 2709 1096 2745 sumus,
1133 2699 1175 2734 in
1208 2708 1334 2734 unum
1373 2697 1647 2741 conferantur,
1685 2695 1778 2732 huie

278 2760 474 2795 volumini
501 2758 675 2795 indicem
702 2759 1013 2796 annotationum
1040 2758 1237 2803 addimus,
1264 2758 1306 2792 in
1333 2767 1412 2803 quo
1432 2760 1645 2803 praeterea
1670 2756 1779 2792 haud

280 2830 374 2855 raro
402 2819 608 2854 afferimus
635 2820 805 2855 aliorum
833 2820 1075 2866 scriptorum
1102 2818 1330 2854 testimonia.
1349 2817 1532 2852 Zonarae
1551 2826 1669 2852 usum
1696 2816 1781 2851 illu—

280 2879 460 2915 strantia.

400 2938 415 2962 1
441 2938 570 2980 Quam
597 2949 721 2984 saepe
747 2939 800 2974 ad
827 2939 1137 2985 significandam
1164 2937 1334 2974 eandem
1360 2947 1575 2983 personam
1603 2935 1781 2972 Zonaras
