2054 3282
438 237 723 283 MICHAELIS
747 244 939 283 INEPTA
962 243 1205 283 COM‘ITAS.
1255 244 1503 282 BASILIVS.
1645 246 1716 283 40¹1

221 368 319 410 θῶν
348 367 613 422 ἐβρενθύετο,
642 371 729 414 τοῖς
760 365 798 410 ὂ’
831 368 978 414 ἄλλοις
1000 368 1254 423 ἀνοηταίνειν
1285 367 1467 422 ἐκρίνετο
1497 366 1570 409 καὶ
1593 372 1716 422 μῖσος

220 437 455 491 ὑπέτρεφον
485 433 575 478 κατ’
608 437 749 478 αὐτοῦ.
810 437 891 491 οὐχ
921 438 1066 492 ἥκιστα
1099 436 1146 478 δὲ
1174 435 1347 491 μισητός
1372 436 1509 478 ἐδόκει
1530 436 1597 478 διὰ
1620 437 1716 483 τοὺς
1732 441 1774 476 15

219 505 623 560 παρατρεφομένους
652 505 770 559 αὐτῷ
801 506 957 559 ἐναγεῖς
987 505 1162 553 νεανίας,
1206 506 1251 546 οΐ
1280 504 1390 559 πρὸς
1426 505 1540 547 ἅπαν
1578 505 1716 548 κακὸν

220 573 348 616 αὐτὸν
382 574 646 622 ὗπεξέκαιον·
691 575 736 615 οἳ
768 574 840 615 καὶ
874 574 1078 629 ἀρχιερεῖς
1108 573 1511 620 ἔπλαττσνεαυτοὺς
1540 573 1611 615 καὶ
1641 574 1716 629 τὴν
1730 578 1774 613 16

185 648 210 685 5
222 642 479 697 ἀναίμακτον
499 642 736 696 ἱερουργίαν
755 642 880 684 τελεῖν
902 643 1185 696 ὑπεκρίνοντο,
1210 642 1281 684 καὶ
1301 641 1430 684 αὐτὸν
1449 642 1521 684 τὸν
1540 642 1715 698 Μιχαὴλ

222 713 593 764 συνιερουργοῡντα
616 709 748 763 δῆθεν
768 711 1124 765 ἔχοντες·ἒαυτοῑς,
1155 711 1370 760 παίζοντες
1389 711 1435 752 ἕν
1455 711 1507 753 οὗ
1527 715 1716 757 παικτοῒς

222 779 322 827 ὄξος
353 794 394 820 τε
421 779 636 833 μιγνύντες
666 780 736 821 καὶ
767 780 904 834 σίνηπι
934 779 1005 820 καὶ
1032 779 1193 821 σκεύεσι
1214 780 1407 834 χρυσέοις
1426 779 1498 822 καὶ
1517 779 1714 822 λιθοκολ-

220 847 357 902 λήτοις
385 844 486 901 παρ’
519 848 649 890 αὐτοῦ
679 848 1010 903 χορηγουμένοις
1039 847 1087 889 τὸ
1123 852 1268 902 κρᾶμα
1307 849 1518 903 ἐγχέοντες
1554 849 1713 902 μετεδί-

220 917 324 959 ὁουν
353 916 515 958 τούτων
543 920 629 963 τοῖς
659 916 918 971 συμμύσταις
948 917 1090 958 αὐτῶν
1120 916 1191 958 καὶ
1228 917 1562 972 συμπαίστορσιν.
1625 914 1711 959 ἀλλ’
1730 922 1773 957 17

162 991 208 1026 10
219 987 382 1027 ἅπαντα
419 985 656 1040 καταλέγειν
694 985 743 1026 τὰ
780 989 855 1026 τοῦ
894 985 1082 1026 τοιούτου
1125 989 1273 1039 χοροῦ,
1318 985 1380 1031 οἷς
1422 986 1759 1040 συ-νθιασώτηςΒ

218 1053 290 1096 καὶ
319 1053 445 1100 αὐτὸς
475 1053 501 1095 ό
531 1053 722 1108 βασιλεὺς
752 1053 972 1108 ἐτύγχανεν
1002 1054 1077 1101 ὥν,
1109 1053 1265 1109 πολλῆς
1296 1055 1348 1096 ἂν
1378 1055 1439 1109 εἴη
1471 1054 1621 1109 λέσχης
1643 1054 1715 1096 καὶ

217 1123 367 1178 ἀηδίας
398 1123 476 1177 οὐχ
508 1123 664 1177 ἥκιστα.

327 1190 447 1233 ‘'Hm-t
480 1187 516 1232 δ’
550 1191 575 1232 ὁ
606 1190 730 1245 λόγος
759 1190 833 1245 τὴν
863 1194 936 1232 τοῦ
963 1190 1114 1245 Βάρόα
1147 1191 1449 1246 διηγησόμενος
1480 1191 1714 1246 ἀποβίωσιν
1729 1195 1773 1231 18

215 1259 287 1301 καὶ
317 1260 390 1315 τὴν
420 1263 493 1301 τοῦ
524 1263 778 1314 κρατοῦντος
809 1259 938 1301 αὐτοῦ
969 1259 1041 1301 καὶ
1070 1258 1155 1313 πρὸ
1186 1259 1348 1301 τούτων
1377 1260 1452 1314 τὴν
1482 1264 1556 1301 τοῦ
1583 1259 1711 1302 Βασι-

160 1332 202 1367 15
215 1328 326 1370 λείου
356 1333 430 1370 τοῦ
455 1327 707 1374 Μακεδόνος
737 1328 945 1369 οἰκείωσιν
974 1327 1083 1382 πρὸς
1108 1328 1179 1369 τὸν
1202 1329 1390 1383 ᾸΙιχαήλΰ
1423 1329 1472 1375 ὃς
1492 1329 1540 1370 ἐκ
1561 1328 1711 1370 ΝΙακε-
1726 1328 1754 1371 6

217 1397 358 1443 ὁονίας
386 1397 465 1452 μὲν
498 1396 562 1452 ἦν,
606 1396 688 1451 ἔφυ
721 1396 767 1438 δὲ
797 1397 993 1451 πατέρων
1023 1397 1204 1452 ἀσήμων
1234 1396 1305 1438 καὶ
1341 1397 1533 1451 ἀφανῶν,
1577 1398 1616 1440 εἶ
1642 1397 1717 1439 καί

73 924 146 949 ³⁸

217 1527 266 1563 15·
284 1527 366 1572 περὶ
391 1526 578 1563 Βαοιλείου
606 1531 666 1562 τοῦ
693 1527 905 1566 Μακεδόνος
931 1525 1032 1563 ACE

285 1647 309 1682 3
332 1646 690 1692 παραστρεφομένους
716 1646 763 1691 D,
790 1657 892 1682 corr.
919 1645 987 1685 Dw
1101 1649 1195 1682 ante
1219 1646 1316 1692 αὐτῷ
1343 1647 1436 1682 add.
1463 1652 1533 1683 τῶν
1560 1647 1607 1692 D,
1634 1648 1710 1684 del.

285 1694 354 1732 Dw
451 1695 538 1740 ἄγαν
563 1699 680 1730 κακοῦ
707 1693 755 1738 D,
782 1705 885 1730 corr.
911 1694 979 1732 Dw
1082 1693 1104 1730 4
1130 1695 1338 1736 ῦπεξὲκαιον
1364 1695 1405 1730 in
1432 1695 1507 1730 lac.
1532 1695 1568 1731 X
1594 1695 1711 1732 lit-tor.

286 1742 378 1778 add.
403 1741 472 1779 Dw
633 1741 656 1777 5
682 1741 725 1778 ἀν
750 1743 908 1788 ἥμακτον
934 1741 983 1784 (P)
1011 1741 1059 1786 D,
1086 1753 1186 1778 corr.
1214 1741 1282 1781 Dw
1439 1743 1656 1788 λειτουργίαν
1682 1743 1712 1780 C

286 1790 309 1826 6
333 1795 560 1834 συνιεροῦντα
586 1789 634 1834 D,
660 1800 760 1825 corr.
788 1789 856 1828 Dw
953 1789 1076 1835 ἔχοντα
1102 1789 1149 1833 D,
1177 1799 1277 1825 corr.
1306 1789 1374 1828 Dw
1475 1792 1636 1831 παίκτοις
1662 1791 1710 1834 D,

287 1848 388 1873 corr.
403 1837 471 1875 Dw
569 1840 660 1883 post
682 1843 840 1876 παικτοῖς
866 1836 958 1872 add.
986 1837 1007 1883 ἢ
1032 1837 1164 1882 μᾶλλον
1188 1837 1225 1872 ἒν
1245 1843 1315 1877 τοῖς
1333 1845 1498 1883 φρικτοῖς
1524 1839 1711 1884 (φρυκτοῖς

286 1884 335 1928 Ι),
361 1895 462 1921 corr.
477 1884 561 1926 Dw)
588 1884 698 1931 pr,
723 1885 745 1931 ἢ
771 1883 828 1921 Di
925 1885 946 1921 7
972 1886 1052 1926 ὄξος
1078 1883 1246 1931 prDi‚
1272 1886 1375 1927 ὄξους
1401 1884 1437 1921 Α
1531 1891 1711 1931 μιγνῢντες

287 1932 383 1979 Ewp
503 1931 564 1967 καὶ
591 1934 681 1979 post
704 1933 822 1978 σίνηπι
849 1943 925 1968 om.
952 1931 1020 1969 CD
1142 1935 1237 1969 ante
1263 1933 1401 1969 σκεύεσι
1428 1933 1520 1969 add.
1546 1934 1584 1969 ἒν
1611 1934 1708 1980 pr

284 1981 308 2015 8
332 1985 453 2025 κρᾶμα
479 1978 598 2022 ΒΒΒὶ,
623 1979 744 2025 κρᾶμα
770 1979 905 2026 Apr
1058 1981 1081 2015 9
1106 1980 1228 2016 τούτου
1255 1980 1413 2027 prDi
1554 1980 1652 2017 αὐτῶ
1679 1981 1710 2017 Ε

333 2042 377 2063 συ
391 2028 626 2072 ιπταίστορσιν
651 2027 747 2072 Ewp
845 2027 878 2063 9.
908 2028 953 2063 10
976 2027 1062 2064 ἀλλὰ
1077 2028 1187 2063 πάντα
1206 2027 1400 2075 DEwpDz’
1499 2029 1544 2063 10
1568 2028 1608 2064 τὰ
1634 2039 1709 2064 om.

287 2073 354 2112 CD
378 2086 454 2120 ,wp
579 2075 690 2120 χόρου
716 2075 796 2119 ΕΝ,
821 2075 946 2120 χώρου
972 2075 1019 2121 p*
1141 2074 1205 2110 σὺν
1230 2076 1410 2121 θιασώτης
1436 2075 1484 2121 D,
1512 2087 1613 2112 corr.
1641 2076 1709 2114 Dw

287 2123 327 2159 ll
357 2125 452 2159 ante
476 2123 519 2159 ἂν
545 2122 637 2158 add.
663 2121 706 2168 ἦν
732 2121 761 2158 C
872 2122 917 2158 1⁸2
941 2122 1006 2168 οὐχ
1034 2124 1160 2168 ἥκιστα
1187 2134 1263 2159 om.
1291 2123 1388 2169 pr
1501 2124 1544 2159 13
1570 2124 1709 2170 διηγού-

281 2184 386 2215 μενος
411 2169 447 2206 D
547 2169 592 2206 14
614 2169 684 2215 πρὸ
708 2169 852 2215 τούτων]
878 2169 966 2215 πρὸς
991 2170 1123 2210 τούτοις
1149 2169 1185 2205 D
1286 2171 1329 2206 15
1355 2176 1416 2207 τοῦ
1443 2181 1518 2207 om.
1543 2171 1573 2207 B
1671 2173 1709 2211 ὃς

284 2221 465 2255 extremo
492 2216 587 2254 folio
615 2218 806 2254 extritum
834 2217 874 2253 in
902 2217 931 2254 C
1030 2218 1075 2253 16
1098 2216 1164 2263 μὲν
1190 2228 1266 2254 om.
1294 2218 1329 2253 D

211 2349 378 2393 solebat,
417 2358 507 2385 cum
546 2348 718 2385 delirare
751 2348 894 2385 ceteris
930 2348 1139 2384 videretur
1163 2352 1287 2395 atquo
1314 2349 1451 2385 odium
1480 2350 1553 2385 sibi
1582 2350 1710 2386 conci·

211 2401 326 2434 taret.
376 2397 474 2433 Eam
501 2400 635 2432 tamen
661 2396 712 2432 ob
732 2406 894 2432 causam
914 2396 1089 2432 maxime
1106 2396 1261 2432 invisus
1279 2399 1376 2441 crat,
1404 2397 1513 2443 quod
1531 2398 1710 2434 nefarios
1726 2396 1770 2432 15

213 2445 492 2481 adulescentes
531 2445 677 2488 alebat,
716 2454 741 2479 a
779 2444 926 2490 quibus
964 2443 1016 2479 ad
1055 2444 1160 2479 mala
1199 2445 1333 2480 omnia
1371 2445 1708 2481 inflammabatur.

213 2491 244 2528 Ii
272 2493 505 2539 pontificum
540 2492 616 2527 sibi
658 2492 838 2527 habitum
878 2491 1093 2527 sumebant
1136 2495 1176 2527 et
1216 2492 1469 2528 incruentam
1504 2493 1708 2529 victimam
1725 2492 1769 2527 16

214 2549 258 2575 so
283 2539 490 2576 immolare
527 2539 782 2583 simulabant,
820 2539 908 2585 ipso
944 2539 1064 2574 otiam
1091 2538 1285 2575 Michaffle
1322 2540 1362 2575 in
1401 2549 1450 2575 eo
1477 2544 1597 2576 coetu
1623 2550 1710 2577 vor·

214 2591 341 2631 santo,
377 2587 515 2623 ludum
554 2587 715 2623 minime
751 2587 950 2623 ludicrum
978 2586 1162 2622 ludentes
1187 2590 1238 2630 et,
1276 2590 1392 2623 aceto
1425 2597 1474 2622 ac
1499 2588 1629 2634 sinapi
1668 2588 1709 2624 in

215 2635 323 2670 vasis
348 2635 483 2670 aurcis
507 2638 549 2671 et
574 2635 786 2681 gemmatis
810 2637 1047 2680 temperato,
1081 2644 1170 2670 eam
1198 2636 1401 2680 potionem
1428 2634 1635 2671 sodalibus
1662 2646 1711 2671 ac

214 2681 483 2718 collusoribus
514 2683 598 2718 suis
622 2682 918 2729 impertiebant.
971 2680 1049 2718 Sed
1077 2682 1181 2717 illius
1207 2682 1376 2729 collegii,
1416 2683 1532 2719 cuius
1558 2687 1598 2719 et
1624 2684 1709 2730 ipse
1725 2681 1768 2718 17

215 2739 292 2812 rex¹
314 2732 402 2765 erat
425 2731 639 2777 particeps,
678 2739 835 2765 omnem
874 2729 1075 2765 licentiam
1101 2739 1315 2766 recensere
1340 2730 1521 2776 ineptum
1549 2740 1598 2766 ac
1623 2741 1709 2777 per-

215 2786 280 2813 mo
296 2781 425 2813 catum
452 2780 523 2814 ont.

333 2823 395 2860 Ad
423 2825 574 2861 obitum
594 2824 753 2861 Bar-dae
778 2828 912 2860 autem
940 2827 979 2860 et
1004 2824 1129 2871 ipsius
1155 2825 1410 2871 imperatoris
1435 2835 1478 2862 se
1498 2829 1710 2863 convertat
1725 2826 1770 2862 18

216 2873 345 2908 oratio
371 2875 411 2908 ot
436 2872 489 2908 ad
514 2872 759 2908 narrandam
787 2872 1052 2914 occasionem,
1091 2881 1197 2918 quae
1220 2871 1367 2908 Basilio
1394 2872 1605 2910 Macedoni
1633 2874 1710 2910 fuit

216 2919 517 2956 contrahendae
548 2929 639 2956 cum
671 2919 865 2956 michaele
903 2920 1194 2957 familiaritatis.
1245 2920 1279 2956 6.
1319 2919 1410 2957 Fuit
1449 2919 1618 2958 Basilius
1656 2931 1708 2959 ex
