2054 3282
317 278 388 314 332
711 276 891 314 ZONAR.
919 275 1048 312 EPIT.
1076 275 1147 312 XV
1173 275 1229 320 21,
1258 274 1408 312 19-32,

319 401 477 455 ἐκείνης
519 400 770 454 κελευούσης
813 400 986 452 αἳματος
1025 397 1153 450 ἄγγος
1190 413 1224 437 τι
1261 397 1498 451 πλησθῆναι
1528 397 1599 438 καὶ
1631 397 1813 452 δοθῆναι

258 472 304 507 20
317 473 366 523 τῇ
396 473 469 510 τοῦ
501 469 705 523 βασιλέως
735 467 871 521 μητρί.
934 470 1006 519 τῆς
1039 465 1083 506 δὲ
1114 464 1172 518 μὴ
1205 465 1481 518 προσιεμένης
1501 464 1548 506 τὸ
1568 465 1809 519 προσφερό-

274 540 303 576 C
315 553 456 591 μενον,
502 538 630 591 φάναι
672 536 746 589 τὴν
787 538 997 588 περιφανῆ
1035 537 1209 587 γυναῖκα
1250 533 1410 587 ἐκείνην
1447 533 1502 574 “ὁ
1542 533 1586 574 δὲ
1618 533 1692 579 σὸς
1722 533 1812 580 υῖός

315 605 412 651 τοὺς
451 605 523 659 ἐμὲ
561 607 765 658 τιμῶντας
804 603 992 656 αἱμάτων
1030 601 1251 655 ἐμπίπλησι
1282 601 1352 642 καὶ
1383 600 1454 642 τὸν
1485 600 1589 642 θεὸν
1619 601 1690 642 καὶ
1721 601 1812 643 υἱόν

257 677 300 712 21
315 691 400 728 μου
440 675 496 719 εἷς
533 673 663 727 ὀργὴν
700 675 828 713 κινῶν
866 671 916 712 οὗ
955 670 1155 724 συνίησι.”
1215 674 1341 710 ταῦτα
1374 669 1479 711 εἶδεν
1510 671 1535 724 ἡ
1567 670 1706 724 μήτηρ
1737 674 1848 712 τοῦδ

315 742 498 788 Λέοντος
529 741 599 782 καὶ
630 745 691 794 τῷ
722 741 803 793 υἱῷ
835 739 1053 793 ἀπήγγειλε
1083 737 1130 779 τὸ
1162 738 1353 779 ἐνύπνιον
1384 738 1454 779 καὶ
1486 738 1621 779 ἐδέετο
1647 738 1811 780 παύσα-

317 812 416 852 σθαι
445 814 519 851 τοῦ
551 809 656 850 κατοὶ
696 812 780 849 τῶν
817 810 980 849 σεπτῶν
1017 806 1193 848 εἰκόνων
1231 806 1509 860 τολμήματος,
1555 803 1642 847 ἀλλ’
1676 807 1810 855 ἐξεκε-

257 882 302 918 22
316 879 453 933 κώφει
485 879 508 919 ὁ
541 877 717 923 δείλαιος
747 876 816 917 καὶ
853 876 1085 929 ’θεομαχῶν
1124 875 1203 916 οὐκ
1244 875 1430 916 ἐπαύετο.
1493 873 1610 916 cinno
1655 875 1700 916 δὲ
1742 875 1814 916 καὶ

316 948 340 988 ὁ
371 948 487 992 θεῖος
517 946 775 999 πατριάρχης
810 944 1014 998 Ταράσιος
1050 940 1152 984 καθ’
1185 944 1344 989 ὕπνους
1381 943 1454 984 τινὶ
1493 944 1574 998 ἤδη
1615 948 1687 998 τῆς
1727 943 1812 984 ἔπι-

316 1016 452 1068 κήρου
490 1015 640 1068 ταύτης
677 1015 792 1068 ζωῆς
828 1013 1043 1066 [ιιεταστάς,
1090 1011 1377 1066 ἕπιβοώμενός
1414 1027 1501 1052 τινα
1536 1011 1706 1066 ΛῙιχαὴλ
1743 1011 1814 1053 καὶ
1829 1018 1874 1053 10

255 1086 302 1121 23
317 1083 504 1125 ἐπελθεῖν
540 1088 602 1136 τῷ
640 1082 788 1123 Λέοντι
826 1082 897 1122 καὶ
936 1085 1087 1122 κτεῖναι
1130 1084 1276 1121 τοῦτον
1319 1080 1648 1134 ἐγκελευόμενος.
1711 1079 1813 1121 ἀλλὰ

316 1151 387 1193 καὶ
418 1153 443 1206 ἡ
477 1152 521 1192 ἓν
550 1156 612 1205 τῷ
649 1150 890 1204 Φιλομηλίῳ
927 1153 1119 1203 μοναχοῢ
1157 1148 1463 1202 προαγόρευσις
1494 1149 1565 1190 καὶ
1595 1145 1682 1190 ἄλλ’
1715 1149 1863 1192 &two
1882 1156 1940 1192 III
1954 1157 2025 1192 388
2053 1162 2054 1165 ’

257 1220 303 1255 24
317 1220 549 1273 ὑπέθραττε
579 1218 651 1260 τὸν
671 1218 833 1260 Λέοντα
866 1218 937 1259 καὶ
969 1218 1183 1271 ἐδείμαινε.
1246 1218 1351 1262 τέως
1384 1214 1421 1257 δ’
1448 1215 1523 1258 οὖν
1544 1217 1698 1262 κλοιοῖς
1718 1216 1814 1263 τοὺς
2053 1220 2054 1223 ’

266 1287 453 1333 Βπόδας
483 1291 556 1328 τοῦ
580 1287 751 1341 Μιχαὴλ
779 1286 1061 1340 ἐνδησάμενος
1092 1285 1163 1327 τὸν
1193 1285 1271 1339 μὲν
1301 1291 1363 1339 τῷ
1393 1286 1528 1339 παπίᾳ
1559 1285 1813 1339 φρουρηῦη-

317 1355 495 1409 σόμενον
531 1355 850 1410 παραδέδωκεν,
892 1354 1017 1400 αὐτὸς
1050 1354 1095 1395 δὲ
1125 1354 1199 1408 τὴν
1229 1354 1370 1395 κλεῖδα
1403 1359 1563 1409 κατεῖχε
1593 1358 1667 1396 τοῦ
1699 1354 1813 1409 σιδη-
1831 1361 1875 1396 15

257 1425 303 1461 25
317 1425 416 1479 ρέου
458 1424 626 1478 δεσμοῦ.
701 1425 925 1479 ἔμφροντις
965 1423 1010 1465 δὲ
1046 1423 1120 1478 τὴν
1157 1423 1285 1465 νύκτα
1326 1423 1483 1477 διάγων
1522 1424 1601 1465 οὐκ
1634 1423 1715 1478 εἶχε
1744 1422 1816 1465 τὸν

318 1576 340 1610 8
365 1576 481 1619 ἕτερον
506 1575 667 1610 ἐνύπνιον
694 1574 756 1610 ΟΕ
855 1574 899 1609 13
924 1575 974 1609 ὅτι
1001 1574 1168 1619 πεδηθεὶς
1193 1573 1272 1613 τοὺς
1296 1574 1407 1612 πόδας
1433 1574 1452 1609 ὁ
1469 1573 1617 1620 Μιχαὴλ
1635 1579 1685 1619 τῷ
1703 1575 1814 1620 παπίᾳ

316 1623 499 1668 παρεδόθη
526 1623 762 1669 φυλάττεσθαι
791 1622 852 1659 CE

388 1763 410 1798 2
433 1762 484 1809 μὴ
513 1773 587 1798 om.
607 1763 638 1798 E
734 1763 965 1808 προεσιμένης
987 1762 1033 1806 D,
1061 1772 1161 1797 corr.
1180 1761 1250 1800 Dw
1347 1762 1368 1797 3
1396 1767 1503 1807 φᾶναι
1530 1762 1593 1798 CE
1688 1762 1712 1797 4
1736 1762 1813 1798 υἱὸν

388 1811 448 1846 καὶ
473 1810 557 1846 θεὸν
584 1810 613 1847 C
710 1811 731 1846 5
758 1814 849 1856 post
874 1816 979 1846 ταῦτα
1006 1810 1096 1845 add.
1123 1810 1159 1844 ἒν
1185 1810 1330 1854 ὀνείροις
1356 1810 1454 1855 pr
1546 1810 1567 1845 7
1592 1810 1813 1855 ε’ξεκεκώῳει

389 1857 498 1894 ARw
523 1858 568 1900 (B
597 1869 698 1893 corr.
726 1869 777 1893 ex
802 1858 978 1903 ἐξεκώφει
996 1859 1077 1902 »ιε-ε),
1107 1857 1281 1902 ἒξεκώφει
1308 1869 1332 1902 p
1362 1858 1606 1902 coniectura,
1635 1862 1680 1893 ut
1706 1858 1813 1893 vide-

389 1909 471 1950 tur3
498 1918 535 1941 v.
561 1917 666 1950 quae
692 1917 774 1941 non
800 1909 910 1941 reete
936 1906 1089 1940 iudicat
1115 1906 1190 1939 hac
1218 1905 1267 1940 de
1293 1906 1422 1940 forma
1448 1905 1492 1940 L.
1511 1905 1746 1941 Dindorfius
1771 1907 1813 1940 in

390 1953 523 1999 Steph.
551 1954 648 1989 thes.
677 1954 754 1989 vol.
782 1953 840 1988 III
867 1965 903 1999 p.
922 1953 992 1988 466
1009 1953 1037 1989 C
1134 1953 1167 1988 8.
1195 1953 1216 1987 9
1242 1967 1305 1987 τινι
1332 1953 1418 1988 καθ’
1444 1954 1574 1992 ὕπνους
1601 1956 1691 1999 post
1716 1953 1813 1989 ὦπτο

389 2001 428 2036 δὲ
455 2001 485 2037 O
583 2002 606 2036 9
632 2001 653 2046 ἢ
679 2001 726 2045 D,
754 2002 822 2046 ἤδη
851 2012 950 2036 corr.
980 2001 1047 2039 Dw
1155 2000 1199 2034 10
1224 2001 1319 2045 ζωῆς
1347 2011 1420 2035 om.
1448 2000 1483 2034 D
1587 2002 1647 2036 καὶ
1675 2011 1750 2036 om.
1777 2000 1812 2035 D

389 2049 435 2083 12
460 2052 550 2094 post
576 2049 598 2094 ἡ
625 2049 716 2084 add.
743 2054 803 2084 τοῦ
830 2048 991 2094 BCEwp
1112 2048 1305 2093 φιλομιλίῳ
1331 2048 1441 2093 pr,
1468 2059 1504 2082 v.
1532 2048 1584 2083 ad
1610 2048 1683 2084 XV
1710 2049 1764 2092 19,
1790 2048 1814 2083 4

436 2097 584 2132 ἀλλάττα
608 2095 709 2132 ACE
799 2097 844 2132 13
869 2097 1069 2141 ὑπέθραπτε
1096 2096 1142 2142 ρ*
1167 2096 1304 2130 invitis
1331 2095 1439 2131 ARW
1514 2096 1558 2130 14
1581 2096 1814 2142 ἐνδυσάμενος

388 2144 437 2187 D,
464 2155 564 2180 eorr.
592 2144 661 2182 Dw
750 2144 805 2179 14.
832 2155 868 2190 p.
895 2144 975 2187 333,
1003 2144 1034 2179 2.
1054 2144 1086 2179 3.
1105 2143 1138 2178 4.
1159 2143 1215 2178 10.
1235 2143 1289 2178 14.
1309 2154 1346 2188 p.
1365 2143 1445 2187 334,
1472 2144 1504 2178 6.
1534 2144 1578 2179 13
1603 2144 1813 2179 revocavit

387 2202 535 2227 :nomen
567 2192 856 2237 appellativum
889 2193 1045 2238 papiae,
1087 2193 1201 2226 euius
1235 2192 1311 2226 viri
1344 2194 1431 2226 erat
1460 2191 1601 2236 palatii
1629 2191 1814 2227 custodia

389 2240 426 2274 B
433 2241 502 2276 -W
594 2239 638 2275 15
664 2239 810 2285 κατέσχε
836 2239 865 2276 C
962 2240 1143 2285 σιδηρειόυ
1168 2239 1199 2274 Β

257 2373 304 2408 20
318 2387 390 2411 vas
429 2387 477 2412 eo
516 2378 716 2422 sanguine
753 2377 926 2422 plenum.
982 2376 1095 2418 Quae
1134 2387 1223 2411 eum
1262 2376 1303 2410 id
1341 2376 1638 2418 adversaretur,
1679 2375 1813 2410 dicere

317 2424 509 2459 illustrem
548 2425 654 2459 illam
693 2428 935 2459 matronam:
973 2423 1056 2459 “At
1094 2425 1197 2458 filius
1235 2426 1328 2458 tuus
1367 2434 1446 2466 eos,
1487 2423 1555 2467 qui
1593 2433 1656 2457 me
1694 2432 1812 2457 vene-

316 2475 469 2515 rantur,
512 2473 713 2517 sanguine
748 2472 884 2517 implet
915 2482 1048 2516 neque
1081 2471 1276 2516 intellegit
1309 2482 1352 2506 se
1390 2473 1430 2505 et
1465 2470 1583 2504 deum
1617 2473 1656 2504 et
1689 2469 1813 2504 filium

257 2516 300 2550 ‘21
317 2529 448 2554 meum
487 2519 538 2554 ad
577 2521 677 2554 iram
718 2519 1009 2554 commovere?
1070 2519 1181 2553 Hac-‚e
1223 2519 1323 2553 vidit
1360 2518 1506 2552 Leonis
1551 2520 1680 2552 mater
1718 2517 1814 2551 filio-

318 2577 396 2610 que
439 2568 627 2612 exposuit
677 2568 886 2611 obtestata,
936 2571 980 2602 ut
1021 2568 1062 2602 in
1106 2566 1361 2601 venerandas
1408 2565 1606 2610 imagines
1656 2565 1814 2600 saevire

318 2614 536 2649 desisteret.
588 2614 667 2650 Sed
697 2615 817 2649 miser
843 2615 960 2649 homo
988 2614 1258 2649 obsurduerat
1285 2613 1486 2657 deumque
1513 2613 1711 2647 lacessere
1729 2622 1815 2657 per-

258 2659 303 2693 22
317 2661 451 2705 gebat.
503 2662 571 2697 Est
597 2668 636 2697 et-
662 2667 824 2697 sanetus
850 2662 1042 2696 Tarasius
1065 2662 1143 2696 iam
1163 2671 1212 2696 ex
1232 2661 1308 2695 hae
1327 2661 1409 2694 vita
1429 2670 1670 2694 aerumnosa
1689 2663 1815 2694 trans-

318 2708 421 2743 latus
460 2710 620 2744 cuidam
658 2711 699 2744 in
739 2710 886 2744 somnis
925 2710 1046 2752 visus,
1094 2709 1162 2754 qui
1194 2708 1427 2742 Michaelem
1461 2707 1662 2752 quendam
1697 2707 1815 2741 incla-

316 2759 444 2790 maret
471 2766 645 2801 eumque
672 2757 724 2791 ad
740 2757 1015 2791 invadendum
1035 2760 1074 2791 et
1094 2755 1358 2791 occidendum
1377 2754 1555 2790 Leonem
1573 2755 1813 2789 hortaretur.

258 2801 304 2835 23
319 2801 397 2837 Sed
424 2807 463 2837 et
489 2803 763 2839 Philomeliani
789 2805 975 2839 monaehi
1004 2803 1212 2849 praedicta
1239 2807 1277 2837 et
1304 2803 1382 2837 alia
1410 2802 1608 2847 quaedam
1636 2801 1814 2836 Leonem

259 2848 305 2882 24
319 2850 538 2885 turbabant
565 2856 604 2886 et
630 2852 847 2886 terrebant.
898 2851 1060 2886 Interea
1088 2850 1321 2885 Michaelem
1349 2849 1609 2894 compedibus
1636 2850 1814 2884 vinetum

318 2898 464 2941 papiae
491 2899 799 2933 custodiendum
826 2899 990 2933 tradidit
1009 2902 1048 2934 et
1072 2898 1225 2933 elavem
1255 2907 1370 2933 serae
1397 2899 1554 2931 ferreae
1578 2897 1665 2941 ipse
1690 2906 1814 2931 asser-

259 2942 305 2977 25
319 2945 442 2979 vavit.
495 2945 623 2986 Quam
649 2950 806 2981 noctem
834 2957 924 2982 eum
950 2946 1158 2982 sollicitam
1178 2949 1216 2980 et
1235 2956 1287 2981 ex
1305 2943 1572 2981 sollieitudine
1590 2945 1814 2979 insomnem
