2054 3282
358 228 424 266 188
742 230 922 267 ZONAR.
951 229 1080 265 EPIT.
1108 229 1199 265 XIV
1228 230 1281 274 1⁴2,
1308 229 1460 266 38—49.

354 353 419 393 ἐπὶ
450 357 534 394 τῶν
564 353 775 406 μετώπων
802 351 1006 404 σταυροὺς
1028 353 1192 405 ἔφερον,
1225 352 1583 406 καταστιχθέντων
1605 354 1744 399 αὖτοῖς
1765 357 1849 395 τῶν

354 421 603 462 ἐπισκυνίων
646 421 716 461 καὶ
758 420 938 474 μέλανος
977 419 1219 473 ἕγχεθέντος
1257 424 1341 465 τοῖς
1381 421 1591 474 στίγμασιν
1628 423 1684 467 εἰς
1719 422 1849 464 τύπον

294 492 340 527 39
354 492 550 541 σταυροῦ.
614 490 657 529 οἳ
682 488 775 541 περὶ
802 488 950 529 τούτου
973 488 1241 541 ἐρωτώμενοι
1263 489 1403 542 ἔλεγον
1423 489 1508 542 πρὸ
1529 494 1679 543 καιροῦ
1702 491 1848 532 ἱκανοῦ

353 557 489 611 λοιμῷ
521 557 567 598 τὸ
600 558 718 610 γένος
750 558 890 597 αὐτῶν
913 557 1247 610 διαφθείρεσθαι,
1279 556 1391 603 τινὰς
1414 557 1459 599 δὲ
1479 561 1565 598 τῶν
1585 555 1685 611 παρ’
1710 559 1849 605 αὐτοῖς

353 629 599 679 χριστιανῶν
632 626 871 666 ὑποθέσθαι
902 629 1023 666 τοῦτο
1055 626 1206 672 αὐτοῖς,
1238 626 1308 666 καὶ
1339 626 1500 680 μηδένα
1527 630 1612 668 τῶν
1633 631 1755 669 τοῦτο
1775 631 1884 669 nli-5

293 696 341 731 40
353 693 593 747 ποιηκότων
614 693 874 734 κινδυνεῦσαι
907 694 953 734 ἐκ
985 698 1057 735 τοῦ
1083 694 1246 748 λοιμοῦ.
1310 695 1332 735 ὁ
1353 694 1431 748 μὲν
1453 694 1529 736 οὖν
1549 695 1709 750 Βαρὰμ
1729 697 1848 750 ἡττη-

172 764 341 800 W11162
354 761 444 807 θεὶς
481 766 596 816 φυγῇ
634 761 708 815 τὴν
745 763 953 816 σωτηρίαν
991 763 1376 817 ἐπραγματεύσατο·
1425 764 1448 805 ὁ
1486 764 1531 805 δὲ
1561 763 1763 819 Χοσρόης
1793 765 1850 811 εἷς

294 830 426 884 41τὴν
458 830 564 871 ἰδίαν
596 830 730 884 ἀρχὴν
762 830 832 871 καὶ
863 832 1011 885 χώραν
1042 832 1338 886 ἐπανελήλυθε.
1400 833 1555 886 λέγεται
1588 833 1632 874 δὲ
1662 832 1747 887 πρὸ
1777 838 1850 888 τῆς

353 899 481 952 νίκης,
516 903 589 940 τοῦ
622 904 852 953 στρατηγοῦ
885 903 969 941 τῶν
995 900 1219 954 Ῥωμαίων
1251 901 1389 947 ἄλλως
1421 902 1644 943 διατιθέναι
1675 917 1848 943 σκεπτο-

351 968 482 1020 μένου
503 967 575 1008 τὸν
595 968 792 1022 πόλεμον,
826 968 897 1010 τὸν
918 968 1121 1024 Χοσρόην
1143 970 1379 1012 ἐνίστασθαι
1399 970 1459 1025 μὴ
1482 970 1587 1012 κατὰ
1613 969 1660 1011 τὸ
1693 970 1850 1012 δοκοῦν
1867 977 1910 1012 10

352 1035 498 1089 ἐκείνῳ
530 1041 809 1091 συγκροτῆσαι
839 1037 913 1092 τὴν
942 1038 1097 1092 μάχην,
1131 1035 1217 1079 ἀλλ’
1251 1039 1376 1080 ἄλλον
1408 1039 1646 1080 ὑποτιθέναι
1676 1039 1850 1092 τρόπον·

97 1104 272 1142 P1176A
292 1106 338 1141 4‘2
352 1104 422 1145 τὸν
455 1104 500 1146 δὲ
532 1105 761 1159 στρατηγὸν
793 1106 1047 1161 ἀσύμφορον
1078 1107 1178 1148 εἶναι
1209 1107 1338 1160 λέγειν
1368 1107 1414 1149 τὸ
1437 1108 1549 1149 οὕτω
1570 1108 1849 1162 μαχέσασθαι,

352 1174 423 1214 καὶ
453 1173 525 1215 τὸν
555 1173 759 1229 Χοσρόην
797 1179 869 1216 τοῦ
908 1180 1071 1217 σκοποῦ
1108 1175 1167 1230 μὴ
1209 1177 1445 1228 ,ιιεθίεσθαι,
1490 1177 1597 1218 ὥστε
1638 1178 1848 1231 παροξυν-

352 1242 478 1284 θέντα
511 1242 582 1284 τὸν
614 1243 843 1298 στρατηγὸν
875 1245 1134 1299 ἀποσκώψαι
1165 1243 1274 1299 πρὸς
1303 1245 1375 1287 τὸν
1399 1245 1614 1300 Χοσρόην,
1647 1246 1848 1300 ἀστρατή-

292 1313 339 1348 43
354 1327 477 1366 γητον
520 1311 647 1354 αὐτὸν
689 1313 854 1354 εἰπόντα
894 1313 965 1354 καὶ
1005 1314 1117 1368 ἀδαῆ
1154 1314 1396 1368 πολεμικῶν
1426 1314 1715 1368 παρατάξεων.
1779 1313 1850 1356 τὸν
1866 1318 1910 1354 15

353 1380 398 1421 δὲ
432 1380 639 1434 δηχθέντα
673 1381 737 1422 ἐπὶ
768 1386 852 1427 τοῖς
883 1383 1146 1436 σκώμμασιν,
1192 1383 1290 1424 ὄντα
1331 1383 1376 1424 δὲ
1413 1383 1484 1424 καὶ
1523 1383 1567 1424 ἓν
1598 1383 1747 1437 γνώσει
1777 1387 1849 1438 τῆς

353 1486 375 1520 6
401 1487 464 1520 ὅσα
489 1487 509 1520 ό
533 1487 698 1531 Χοσρόης
721 1487 801 1532 περὶ
828 1493 887 1522 τοῦ
911 1489 1096 1531 μέλλοντος
1128 1489 1376 1535 (ἶπεᾳ·>ι)ιβασεν,
1415 1490 1464 1528 ὡς
1496 1488 1535 1524 τὰ
1566 1488 1712 1533 ἐσόμενα
1742 1488 1847 1528 εἰδὼς

353 1534 390 1575 ἐξ
415 1534 637 1580 ἀστρολογίας
658 1535 697 1570 C.
749 1535 860 1571 Haec
888 1536 1090 1572 delineata
1116 1540 1209 1572 sunt
1236 1538 1276 1572 in
1302 1538 1384 1572 Em:
1499 1556 1576 1684 ὲ

1397 1676 1639 1868 ‘ss

425 1902 456 1937 2.
476 1904 498 1937 3
523 1904 572 1941 εἰς
591 1904 696 1938 τύπον
713 1909 864 1948 σταυροῦ
892 1909 980 1949 post
1006 1904 1218 1940 s'mamrm'wv
1245 1903 1334 1939 (¹)Dl¹
1431 1905 1453 1939 ⁴.)
1479 1905 1686 1950 ἑγχυθέντος
1701 1905 1846 1951 DEwp,

426 1950 497 1986 sed
524 1962 561 1985 v.
590 1951 606 1986 I
635 1963 670 1997 p.
700 1951 753 1994 17,
781 1952 812 1986 9.
841 1951 897 1995 56,
927 1952 981 1987 15.
1011 1952 1089 1995 153,
1117 1953 1148 1988 7.
1178 1954 1255 1995 161,
1288 1953 1325 1987 ll
1356 1956 1428 1987 cet.
1531 1954 1553 1988 3
1579 1954 1678 1988 τούτο
1704 1955 1790 1996 (Sic)
1819 1954 1848 1988 Ε

472 2000 596 2034 ἱκανοῦ
621 2010 696 2034 om.
717 1999 747 2034 Ο
845 1999 868 2034 4
892 2000 986 2044 λιμῷ
1013 2000 1096 2046 wssp
1125 2001 1259 2036 invitis
1278 2000 1348 2035 AR
1446 2001 1537 2040 τινὰς
1563 2001 1602 2036 δὲ
1619 2001 1762 2046 AEwp,
1788 2002 1853 2036 καί

376 2070 379 2072 -
424 2060 518 2085 τινας
536 2046 580 2091 R,
607 2048 671 2082 καί
685 2061 758 2082 τινα
778 2047 812 2082 Ι)
910 2047 932 2082 5
958 2048 1018 2082 καὶ
1034 2049 1169 2092 μηδένα
1188 2048 1333 2094 AEwp,
1358 2049 1494 2093 μηδένα
1511 2049 1550 2084 δὲ
1569 2049 1599 2084 O
1698 2049 1719 2083 6
1744 2050 1847 2093 λιμοῦ

425 2093 511 2140 w*p
538 2095 675 2130 invitis
701 2094 771 2129 AR
899 2095 1042 2140 βαραὰμ
1070 2096 1105 2130 D
1134 2099 1271 2141 (supra
1298 2099 1460 2141 praeter
1485 2097 1576 2131 XIV
1605 2096 1658 2140 12,
1685 2096 1731 2131 33
1758 2107 1847 2131 eon-

425 2145 580 2178 stanter
604 2142 738 2188 βαρὰμ)
897 2143 918 2179 7
946 2150 1042 2188 φυγῇ
1070 2143 1237 2190 prDi,
1266 2144 1362 2189 φυγὴ
1389 2143 1457 2179 ΑΕ
1613 2145 1636 2180 8
1661 2145 1793 2179 οἰκείαν
1820 2143 1849 2180 C

428 2190 471 2225 16
497 2189 537 2224 δὲ
553 2190 598 2236 δὴ
616 2191 747 2235 χθέντα
765 2191 813 2236 Ι),
841 2202 942 2227 corr.
959 2191 1027 2229 Dw
1101 2192 1288 2237 σκώμασιν
1302 2191 1421 2237 AED,
1448 2192 1662 2237 σκώμμασιν
1675 2190 1849 2236 RDtz‘,

427 2249 462 2273 v.
491 2238 543 2273 ad
570 2249 607 2284 p.
636 2238 715 2283 189,
741 2238 765 2274 4
861 2238 900 2274 δὲ
926 2242 1015 2285 post
1042 2241 1122 2275 ὄντα
1150 2250 1224 2275 om.
1252 2239 1287 2274 D

353 2334 452 2369 bant
494 2335 744 2380 compunctis
789 2335 1013 2381 superciliis
1057 2336 1274 2381 infusoque
1313 2337 1511 2382 stigmatis
1547 2338 1771 2371 atramento
1808 2335 1849 2369 in

293 2377 340 2412 39
354 2382 485 2417 crucis
505 2382 679 2417 modum.
732 2381 856 2419 Cuius
882 2383 939 2418 rei
959 2384 1142 2429 quaesita
1170 2393 1294 2418 causa
1320 2383 1621 2429 respondebant
1635 2383 1849 2428 superiori·
1870 2417 1874 2420 .

354 2429 429 2464 bus
467 2430 718 2476 temporibus
756 2441 845 2465 cum
891 2441 965 2466 sua
1003 2441 1104 2477 gens
1143 2432 1370 2476 pestilentia
1402 2431 1707 2476 periclitaretur,
1750 2440 1793 2465 se
1825 2440 1848 2464 a

354 2476 588 2513 Christianis
621 2478 862 2523 quibusdam
889 2479 1061 2514 monitos
1087 2479 1163 2514 hoc
1189 2479 1332 2514 fecisse
1367 2488 1500 2524 neque
1527 2488 1770 2524 quemquam
1797 2488 1848 2513 ex

294 2521 341 2555 40
354 2524 412 2568 iis,
440 2526 508 2570 qui
531 2526 773 2571 paruissent,
800 2527 1027 2572 pestilentia
1055 2527 1232 2572 periisse,
1283 2526 1479 2561 Baramus
1505 2529 1721 2571 superatus
1747 2527 1849 2571 fuga

354 2572 524 2607 salutem
551 2574 763 2618 quaesivit,
803 2573 1000 2610 Chosroes
1026 2574 1066 2608 in
1093 2584 1265 2620 regnum
1292 2577 1331 2609 et
1357 2574 1529 2619 patriam
1556 2583 1745 2609 reversus
1778 2575 1847 2608 est.

294 2616 338 2651 41
354 2619 497 2654 Fertur
512 2624 645 2655 autem
666 2625 760 2656 ante
775 2621 996 2663 victoriam,
1014 2631 1103 2656 cum
1123 2621 1206 2656 dux
1221 2621 1493 2656 Romanorum
1511 2625 1658 2657 certam
1675 2620 1767 2657 belli
1782 2620 1849 2655 ad-

354 2667 607 2703 ministrandi
633 2669 829 2704 rationem
866 2672 1080 2704 secuturus
1113 2672 1228 2713 esset,
1266 2669 1456 2704 institisse
1484 2669 1693 2712 Chosroes‚
1729 2678 1781 2703 ne
1806 2667 1848 2702 id

355 2715 562 2750 eonsilium
591 2719 895 2761 exsequeretur,
935 2720 974 2752 et
1000 2717 1122 2751 alium
1155 2717 1417 2752 instruendae
1444 2717 1544 2752 aciei
1571 2717 1732 2752 modum
1761 2725 1847 2761 pro-

295 2759 341 2794 4‘2
355 2763 557 2807 posuisse3
596 2774 714 2808 quem
746 2775 836 2799 cum
865 2765 948 2799 dux
974 2765 1155 2800 inutilem
1182 2774 1269 2800 esse
1296 2765 1516 2799 affirmaret
1554 2774 1686 2809 neque
1712 2767 1847 2798 tamen

356 2808 552 2845 Chosroes
579 2811 628 2846 de
661 2813 860 2847 sententia
888 2811 1112 2855 decederet,
1152 2812 1271 2846 etiam
1298 2812 1448 2846 salibus
1486 2812 1631 2847 dicitur
1670 2811 1752 2846 dux
1791 2810 1847 2844 in-

356 2857 523 2892 cessisse
549 2869 697 2902 regem,
737 2863 782 2894 ut
807 2861 864 2894 roi
892 2860 1072 2894 militaris
1109 2863 1148 2894 et
1173 2859 1435 2894 instruendae
1474 2860 1573 2894 aciei
1606 2859 1844 2904 imperitum.

295 2902 342 2938 43
356 2903 511 2945 Quibus
530 2906 782 2942 irrisionibus
809 2907 1005 2943 chosroes
1032 2909 1160 2943 fertur
1186 2908 1375 2951 irritatus,
1403 2908 1471 2952 qui
1485 2907 1687 2942 stellarum
1714 2909 1845 2942 motus
