1968 3302
485 272 823 318 MAGNENTIVS
849 276 1022 317 NECAT
1049 269 1411 315 CONSTANTEM.
1652 270 1699 312 33

200 402 301 446 ἀλλὰ
333 403 404 445 καὶ
441 402 506 444 ἐπὶ
542 403 669 444 πλέον
707 406 795 449 ταῖς
831 402 947 448 ὕλαις
985 401 1193 456 διέτριβεν,
1239 400 1442 442 ἐκκλίνων
1485 399 1559 454 τὴν
1596 399 1700 455 μετὰ
1715 406 1737 441 9

198 476 284 515 τῶν
315 472 507 527 κοσμίων
539 471 710 525 ἀνδρῶν
741 470 1046 525 συνδιαγωγήν.
1108 468 1225 524 παρὰ
1255 468 1326 510 τὸν
1339 468 1543 510 (Ροδανὸν
1564 470 1701 511 τοίνυν
1716 476 1762 510 10

199 541 391 596 ποταμὸν
431 541 471 583 οἶ
506 540 623 595 παρὰ
663 540 926 594 Μαγνεντίου
971 538 1180 585 σταλέντες
1224 537 1438 592 γενόμενοι
1480 537 1583 592 μετὰ
1628 538 1702 593 τὴν

198 611 342 666 θήραν
372 610 636 652 ὑπνώττοντα
669 608 740 650 τὸν
761 608 1018 650 Κώνσταντα
1041 608 1312 663 διεχρήσαντο
1333 607 1405 648 καὶ
1425 606 1523 654 τοὺς
1554 608 1702 662 ἐκείνῳ

161 679 246 724 ὅδὲ
277 679 477 725 συνόντας
508 678 672 732 ὀλίγους
704 678 827 724 ὄντας
868 677 1120 719 ἀπέκτειναν.
1183 678 1224 718 οἳ
1261 675 1306 718 δὲ
1343 675 1403 731 μὴ
1446 677 1558 718 οὕτω
1598 677 1968 731 ‹pa0211P1114A

200 748 392 803 γενέσθαι
434 747 508 802 τὴν
552 747 712 788 ἐκείνου
757 746 977 800 ἀναίρεσιν,
1023 749 1179 800 γνῶναι
1218 742 1256 786 δ’
1296 745 1454 787 ἐκεῖνον
1496 745 1571 800 τὴν
1608 743 1699 787 κατ’

0 827 42 883 sssss
199 817 329 859 αὐτοῦ
369 816 643 858 ἐπανάστασιν
681 815 752 856 καὶ
789 815 1055 869 μονωθέντα,
1099 814 1414 856 καταλιπόντων
1453 814 1581 856 αὐτὸν
1616 818 1703 856 τῶν

198 886 292 941 περὶ
324 885 461 934 αὐτόν,
500 889 593 939 ναῷ
629 887 902 938 προσφυγεῖν.
965 884 1089 925 κάκεῖ
1123 883 1171 924 τὰ
1211 887 1284 938 τῆς
1319 883 1528 938 βασιλείας
1563 883 1701 938 παρά-
1717 891 1763 927 12

200 969 314 1010 σημα
355 953 676 995 ἄπεκδύσασθαι
714 953 912 994 κάκεῖθεν
951 952 1208 1007 ἐκβληθέντα
1247 952 1532 1008 ἀναιρεθῆναι,
1578 953 1701 994 ἕπτα-

26 1071 33 1080 s
140 1032 186 1067 10
200 1023 448 1065 καιδέκατον
480 1023 570 1068 ἔτος
602 1022 810 1063 ἅνύσαντα
843 1020 959 1075 παρὰ
997 1026 1047 1076 τῇ
1087 1021 1211 1076 ἀρχῇ,
1252 1026 1324 1076 τῆς
1356 1019 1393 1062 δ’
1427 1021 1587 1076 ἡλικίας
1618 1021 1837 1076 ἤδηΨΙῙΙ
1855 1030 1901 1065 13

0 1080 42 1135 fe
198 1091 520 1147 παρεληλυθότα
551 1090 806 1145 τριακοστόν.
868 1090 1023 1144 λέγεται
1057 1090 1102 1132 δὲ
1133 1091 1224 1145 ἄρτι
1263 1090 1535 1145 γεννηθέντος
1572 1091 1701 1133 αὐτοῦ
1717 1099 1762 1134 13

19 1146 39 1187 ’τ’
200 1161 416 1215 ἐπιτρέψαι
455 1163 540 1206 τοῖς
576 1159 843 1213 ἀστρολόγοις
879 1158 951 1199 τὸν
988 1160 1147 1213 πατέρα
1185 1159 1314 1201 αὐτοῦ
1353 1159 1419 1200 ἐπὶ
1455 1164 1516 1213 τῷ
1552 1159 1702 1202 τούτου

201 1230 402 1284 γενεθλίῳ
444 1233 614 1284 ποιῆσαι
657 1229 871 1283 θεμάτιον,
919 1228 1140 1274 κάκείνους
1181 1228 1290 1282 πρὸς
1333 1228 1472 1274 ἄλλοις
1511 1228 1572 1274 οἷς
1608 1228 1703 1281 περὶ

24 1283 104 1355 ΣῙῙΙ
118 1310 188 1346 193
201 1300 330 1342 αὐτοῦ
361 1299 636 1354 προειρήκασι
667 1297 737 1338 καὶ
767 1301 889 1338 τοῦτο
926 1297 1051 1338 εἰπεῖν
1088 1297 1150 1343 ὡς
1188 1297 1232 1338 ἐν
1269 1300 1356 1343 ταῖς
1393 1297 1595 1351 ἀγκάλαις
1631 1301 1703 1352 τῆς

30 1354 34 1371 ἶ
142 1382 186 1418 15
201 1369 331 1410 αὐτοῦ
362 1368 542 1422 μάμμης
573 1366 900 1421 ἀναιρεθήσεται.
964 1366 987 1406 ὃ
1010 1365 1227 1420 θανούσης
1252 1366 1411 1420 ἐκείνης
1441 1365 1513 1406 καὶ
1546 1365 1701 1407 διέπαι-
1718 1376 1763 1411 14

201 1438 269 1487 ζεν
290 1437 315 1479 ὁ
336 1436 560 1482 Κώνστας’
593 1435 640 1477 τὸ
667 1432 704 1476 δ’
728 1436 785 1481 εἷς
816 1435 940 1488 ἔργον
972 1434 1241 1489 ἀποβεβήκει,
1274 1434 1346 1475 καὶ
1377 1434 1402 1488 ἡ
1435 1437 1520 1475 τῶν
1552 1434 1701 1489 ἄστρο-

198 1505 339 1560 λόγων
371 1506 422 1547 οὗ
455 1505 655 1560 διήμαρτε
685 1503 931 1558 πρόρρησις,
964 1503 1044 1543 κᾶν
1075 1503 1235 1557 ὑπῆρξε
1266 1503 1380 1557 λοξή.
1442 1503 1486 1544 ἐν
1518 1502 1598 1557 γὰρ
1623 1519 1701 1545 πο-
1718 1514 1763 1550 15
1789 1514 1820 1550 Β

200 1644 223 1681 5
246 1645 420 1691 ἀναίρεσις
444 1644 675 1684 Κώνσταντος
700 1642 802 1680 ACE
989 1643 1034 1678 17
1059 1644 1111 1679 ὅτι
1137 1643 1289 1683 πολλοὺς
1315 1648 1386 1679 τῶν
1411 1643 1702 1689 ἀξιολογωτέρων

200 1693 410 1740 (ἀξιολόγων
436 1693 482 1736 Ε)
507 1693 686 1729 ἀπώλεσεν
711 1693 732 1728 ὁ
756 1691 973 1738 Μαγνέντιος
1001 1690 1064 1728 ΟΕ

274 1826 292 1861 1
321 1831 392 1866 ταῖς
417 1825 528 1871 ὕλαις]
556 1824 618 1861 De
637 1825 776 1861 dativo
805 1824 882 1861 loci
902 1835 940 1860 v.
960 1824 1159 1861 Hultsehii
1179 1828 1332 1871 quaest.
1352 1824 1493 1873 Polyb.
1521 1824 1539 1862 I
1566 1838 1603 1873 p.
1620 1825 1702 1862 19s.

273 1877 313 1910 et
338 1873 554 1911 Krebsium
580 1871 658 1909 Die
684 1874 858 1919 Preipos.
885 1874 919 1909 b.
946 1873 1084 1920 Polyb.
1112 1884 1150 1920 p.
1178 1874 1223 1909 75
1354 1874 1376 1909 2
1402 1879 1473 1910 τῶν
1499 1885 1576 1911 om.
1603 1874 1701 1921 pr

347 1922 524 1968 διαγωγήν
550 1922 581 1958 Ε
678 1921 756 1967 περὶ
783 1921 818 1956 D
917 1921 939 1957 5
964 1922 1065 1960 ὄντας
1092 1932 1168 1958 om.
1183 1922 1214 1956 E
1309 1923 1331 1957 8
1356 1929 1571 1969 προςφυγεῖν
1599 1933 1701 1959 corr.

274 1982 325 2008 ex
338 1976 547 2018 προςφυγᾶν
560 1969 596 2005 Α
669 1970 701 2006 9.
730 1971 776 2005 10
800 1969 1037 2006 ἑπτακαίδεκα
1051 1970 1109 2016 ἔτη
1125 1969 1227 2016 pr
1312 1971 1357 2007 10
1381 1972 1531 2008 ἀνύοντα
1545 1971 1700 2017 BSpr

275 2021 317 2056 11
345 2019 411 2065 γὰρ
437 2019 485 2064 D,
513 2018 552 2054 δὲ
578 2029 678 2055 corr.
695 2018 764 2057 Dw
870 2018 915 2053 12
940 2023 990 2064 τῷ
1019 2017 1140 2056 om.C
1245 2019 1356 2065 τούτῳ
1383 2019 1454 2055 DE
1575 2021 1620 2056 14
1645 2020 1704 2065 ἀγ-

272 2104 393 2150 γάλαις
418 2103 450 2139 Ε
569 2102 613 2138 15
637 2081 759 2148 μάβης
784 2102 828 2147 Β,
855 2103 974 2149 κάμης
999 2103 1047 2148 D,
1071 2104 1193 2150 μάμης
1220 2103 1288 2143 Dw
1413 2106 1457 2142 17
1484 2105 1703 2152 ὀιημάρτητο

274 2151 349 2197 ΒΟ,
376 2151 564 2197 ὅιήμαρται
590 2150 639 2195 D,
669 2161 770 2186 corr.
797 2150 866 2190 Dw
963 2152 1100 2198 ὑπῆρχε
1126 2152 1225 2199 pr

204 2306 343 2334 eorum
371 2295 497 2333 oeulis
524 2296 647 2332 libido
675 2297 1004 2334 inflammaretur.
1063 2297 1121 2334 Ea
1149 2309 1312 2346 quoque
1339 2299 1390 2336 de
1423 2309 1548 2336 eausa
1580 2299 1740 2339 silvas9

203 2346 334 2392 magis
360 2345 660 2391 frequentabat,
687 2346 797 2391 quod
824 2346 1006 2382 evitabat
1026 2347 1300 2383 modestorum
1328 2349 1510 2384 virorum
1537 2358 1703 2383 consue-

203 2393 396 2429 tudinem.
446 2393 531 2428 Iam
558 2393 610 2428 ad
629 2392 870 2429 Rhodanum
898 2394 1065 2430 fluvium
1089 2405 1180 2431 eum
1200 2396 1406 2432 venissent
1425 2406 1448 2431 a
1467 2395 1702 2441 Magnentio
1719 2399 1765 2434 10

203 2441 324 2485 missi,
350 2440 609 2478 Constantem
629 2445 718 2487 post
737 2442 993 2478 venationem
1014 2442 1277 2479 dormientem
1297 2444 1558 2488 sustulerunt,
1584 2444 1703 2479 inter-

205 2489 320 2525 fectis
347 2489 466 2524 etiam
494 2489 623 2533 soene,
663 2499 764 2534 quos
796 2499 950 2535 paucos
983 2501 1119 2526 secum
1154 2491 1339 2527 habebat.
1390 2490 1468 2526 Alii
1495 2502 1594 2527 vero
1621 2495 1761 2530 nonll

204 2537 261 2572 ita
286 2537 527 2583 profitentur
554 2537 702 2572 factam
733 2547 821 2573 esse
847 2537 952 2574 illius
978 2549 1131 2583 necem,
1170 2539 1240 2574 sed
1267 2539 1378 2575 illum
1408 2539 1573 2585 cognita
1603 2539 1704 2575 sedi-

205 2585 314 2621 tione
347 2587 489 2620 contra
522 2595 564 2620 se
595 2587 704 2620 mota
737 2585 972 2621 destitutum
1005 2586 1057 2621 ad
1092 2587 1283 2634 templum
1311 2588 1543 2633 profugisse
1570 2596 1594 2622 a
1620 2588 1703 2622 suis

205 2632 453 2668 derelictum.
504 2632 616 2667 Illinc
651 2643 749 2668 vero
786 2634 903 2679 regni
937 2634 1064 2680 signis
1103 2634 1294 2680 depositis
1334 2636 1505 2670 eiectum
1543 2645 1631 2671 esse
1665 2639 1704 2671 et
1719 2638 1764 2674 12

205 2681 382 2716 occisum
409 2680 577 2726 septimo
604 2683 643 2716 et
676 2680 830 2716 decimo
865 2692 972 2717 anno
1008 2684 1188 2728 perfeeto
1222 2683 1350 2728 regni,
1390 2683 1534 2718 aetatis
1566 2687 1703 2719 autem

205 2728 367 2774 expleto
394 2728 607 2764 tricesimo.
658 2727 810 2764 Ferunt
845 2733 993 2773 autem,
1034 2741 1123 2765 cum
1161 2730 1279 2766 modo
1314 2733 1435 2766 natus
1470 2734 1575 2766 esset
1603 2730 1764 2769 Con-13

205 2779 326 2820 stans,
365 2776 584 2822 imperasse
611 2776 826 2822 astrologis
853 2781 1020 2823 patrem,
1059 2784 1104 2813 ut
1135 2779 1370 2813 natalicium
1406 2778 1525 2813 huius
1561 2781 1702 2815 consti-

206 2826 368 2859 tuerent
395 2823 541 2868 thema,
580 2823 750 2869 illosque
782 2828 944 2870 praeter
979 2829 1114 2861 cetera
1147 2826 1199 2860 illi
1234 2825 1443 2872 praedicta
1475 2827 1594 2862 etiam
1629 2827 1703 2862 hoc

206 2871 357 2907 dixisse
383 2881 474 2906 eum
502 2871 542 2906 in
570 2871 784 2917 complexu
811 2874 930 2909 aviae
949 2883 1048 2909 suae
1066 2874 1268 2908 sublatum
1289 2874 1348 2909 iri.
1399 2873 1517 2916 Quod
1544 2878 1703 2910 mortua
1722 2877 1765 2911 14

206 2919 273 2954 illa
299 2922 340 2954 et
365 2918 561 2954 inludebat
587 2917 803 2965 Constans;
844 2921 915 2956 sed
943 2921 994 2956 ad
1022 2921 1210 2957 effectum
1239 2921 1459 2958 adductum
1486 2925 1545 2957 ost
1570 2932 1703 2968 neque

208 2967 505 3012 astrologorum
534 2967 693 3013 decepit
720 2969 953 3014 praedictio,
994 2970 1179 3014 quamvis
1215 2970 1390 3015 obliqua.
1442 2969 1541 3005 Nam
1570 2971 1608 3005 in
1638 2973 1766 3016 011-15

280 3037 438 3067 zonarae
458 3037 608 3073 Epitomo
628 3037 688 3068 111.
1469 3029 1491 3068 3
