2054 3282
390 200 459 238 208
762 198 944 238 ZONAR.
971 201 1100 236 EPIT.
1128 197 1220 236 XIV
1247 198 1301 245 15,
1328 197 1479 246 35—16‚
1506 202 1538 237 8.

390 324 538 365 ἑαυτὸν
570 324 614 365 δὲ
640 324 709 365 καὶ
736 323 809 378 τὴν
831 323 1109 376 Παλαιστίνην
1131 322 1407 376 πεποιηκότος
1428 322 1497 364 καὶ
1519 323 1592 377 τὴν
1613 323 1884 378 Ἰερουσαλὴμ

340 393 609 446 Βπολιορκίᾳ
641 392 816 445 ἑλόντος,
850 392 1004 445 λέγεται
1036 390 1208 444 ἄπειρόν
1238 407 1272 431 τι
1303 391 1468 445 πλῆθος
1499 392 1770 447 ἀναιρεθῆναι
1794 408 1883 447 χρι-

331 467 377 500 36
391 465 578 502 στιανῶν.
641 460 922 513 ἐξωνούμενοι
962 459 1041 513 γὰρ
1082 459 1233 504 αὐτοὺς
1273 460 1447 505 εὗώνως
1487 460 1526 500 οἱ
1551 459 1745 501 Ἰουδαῖοι
1783 461 1883 515 ἐφό-

391 546 524 582 νευον,
559 527 621 570 ὧν
651 529 745 582 περὶ
775 528 985 582 μυριάδας
1017 528 1133 568 ἐννέα
1161 528 1264 581 φασὶ
1286 529 1664 582 σύγκορυφοῦσθαι
1694 528 1765 570 τὸν
1796 529 1882 583 ἀρι-

332 603 377 638 37
392 598 519 652 θμόν.
582 597 652 638 τὸν
693 597 739 637 δέ
777 612 821 649 γε
859 596 1118 650 πατριάρχην
1161 600 1233 649 τῆς
1272 596 1390 650 ἁγίας
1421 596 1585 642 πόλεως
1615 596 1922 651 Ἱερουσαλὴμῖ)

392 667 462 707 καὶ
492 666 540 706 τὰ
573 666 680 719 τίμια
713 669 785 706 τοῦ
819 668 1000 718 σταυροῦ
1034 665 1135 712 ξύλα
1159 665 1199 705 οἱ
1218 663 1382 718 Πέρσαι
1403 664 1598 719 λαβόντες
1620 666 1676 710 εἷς
1700 664 1884 718 Περσίδα

332 740 378 774 38
392 736 560 789 ἤγαγον.
624 734 801 786 ἀπορῶν
832 732 908 773 οὗν
940 733 964 774 ὁ
994 732 1186 787 βασιλεὺς
1212 733 1420 787 ἀναλόγου
1442 737 1525 779 τοῖς
1547 734 1742 779 ἐναντίοις
1763 750 1885 788 στρα-

391 804 603 857 τεύματος,
647 801 755 855 πρὸς
797 801 842 842 δὲ
878 801 949 842 καὶ
985 802 1226 856 χρημάτων,
1269 802 1456 855 ἄργυρον
1497 802 1575 855 μὲν
1617 802 1688 843 καὶ
1730 802 1887 856 χρυσὸν

393 872 629 913 ἐδανείσατο
661 872 708 911 ἔκ
739 887 781 911 τε
808 875 880 925 τῆς
899 870 1084 924 μεγάλης
1105 871 1325 924 ἐκκλησίας
1347 871 1417 911 καὶ
1437 874 1522 911 τῶν
1543 871 1701 911 λοιπῶν
1722 871 1888 925 εὖαγῶν

333 945 379 979 39
393 941 525 981 οἴκων
563 939 633 980 καὶ
674 939 740 980 διὰ
778 939 939 980 τούτων
976 940 1108 992 ἔκοψε
1145 939 1339 993 νόμισμα.
1401 939 1503 980 λαὸν
1538 939 1574 980 δ’
1609 939 1655 980 ἐκ
1691 943 1777 981 τῶν
1815 940 1886 981 θε-
1903 949 1949 983 10

391 1008 539 1062 μάτων
571 1008 759 1061 συνέλεγε
784 1008 855 1048 καὶ
875 1008 1048 1053 τούτους
1068 1007 1176 1060 πρὸς
1197 1007 1427 1061 πολεμικὴν
1449 1008 1662 1062 ἐμπειρίαν
1683 1009 1887 1062 ἐγύμναζε

332 1082 380 1116 40
393 1077 463 1118 καὶ
495 1077 745 1131 συμμάχους
769 1076 1117 1130 προσεκαλέσατο.
1179 1076 1365 1124 ἐξελθὼν
1397 1075 1473 1118 οὗν
1502 1077 1605 1130 μετὰ
1636 1077 1710 1131 τὴν
1741 1077 1888 1132 ἑορτὴν

200 1150 465 1187 ΡΙΙΒ4Ατοῦ
497 1146 638 1199 πάσχα
670 1150 742 1200 τῆς
772 1145 938 1191 πόλεως
968 1145 1038 1186 καὶ
1069 1145 1327 1199 προσβαλὼν
1347 1145 1568 1199 Σαρβάρῳ
1594 1151 1654 1199 τῷ
1675 1150 1748 1187 τοῦ
1771 1145 1886 1187 Χοσ-

394 1215 498 1269 ρόου
546 1214 833 1268 ἄρχισατράπῃ
879 1213 981 1267 μετοὶ
1026 1215 1198 1268 βαρείας
1246 1214 1468 1268 δυνάμεως
1514 1214 1620 1256 κατοὶ
1666 1214 1888 1269 Ῥωμαίων

394 1283 584 1331 σταλέντι,
615 1284 802 1337 τρέπεται
833 1287 979 1324 τοῦτον
1010 1283 1079 1323 καὶ
1111 1282 1158 1323 τὰ
1192 1283 1475 1337 στρατεύματα
1508 1284 1637 1324 αὐτοῦ
1669 1284 1888 1337 συγκόπτει
1906 1293 1949 1328 15

394 1353 464 1393 καὶ
494 1352 706 1406 μαχαίρας
737 1353 861 1405 ἔργον
891 1356 1010 1393 ποιεῖ.

327 1422 379 1463 16
507 1420 579 1461 Ἐν
621 1421 780 1466 τούτοις
822 1421 1181 1475 παρασπονδήσας
1220 1421 1243 1461 ὁ
1278 1420 1476 1474 Χαγάνος
1519 1422 1676 1476 ἐπῆλθε
1713 1426 1763 1476 τῇ
1799 1422 1887 1463 Βυ-
1903 1433 1938 1467 1)
1958 1431 2052 1468 1113

395 1489 560 1543 ζαντίδι,
595 1489 665 1530 καὶ
695 1488 780 1543 πρὸ
812 1493 884 1530 τοῦ
916 1490 1076 1543 τείχους
1107 1490 1149 1530 αἱ
1181 1490 1376 1543 δυνάμεις
1407 1491 1536 1531 αὐτοῦ
1568 1490 1887 1544 ἐστρατοπεδεύ-

359 1564 531 1606 Ξσαντο,
564 1558 740 1612 δῃοῦσαι
762 1558 981 1612 σύμπαντα
1003 1558 1051 1598 τοὶ
1082 1558 1209 1603 ἐκτός.
1273 1559 1374 1599 ὅθεν
1406 1560 1452 1600 οἵ
1474 1575 1515 1599 τε
1546 1564 1613 1613 τῆς
1633 1559 1798 1605 πόλεως
1819 1559 1889 1600 καὶ

395 1627 420 1668 ὁ
450 1627 710 1681 πατριάρχης
736 1626 806 1667 καὶ
828 1627 852 1667 ὁ
873 1627 1087 1680 πατρίκιος
1108 1627 1262 1673 Βῶνος
1296 1626 1484 1681 (τούτους
1506 1627 1585 1681 γὰρ
1608 1628 1742 1682 ἄμφω
1764 1628 1888 1682 κηδε-
1906 1634 1953 1668 ‘20

395 1743 418 1777 3
442 1742 522 1787 περὶ
554 1746 623 1776 τῶν
656 1741 723 1776 ὑπὸ
755 1746 826 1776 τῶν
847 1742 1031 1777 Ἰουδαίων
1062 1742 1317 1786 ἀναιρεθέντων
1350 1747 1570 1787 χριστιανῶν.
1622 1742 1681 1778 καὶ
1711 1742 1790 1788 περὶ
1823 1748 1892 1778 τῶν

396 1791 522 1835 τιμίων
547 1790 663 1831 ξύλων
689 1789 749 1825 καὶ
775 1795 835 1824 τοῦ
860 1790 1078 1834 πατριάρχου
1099 1789 1160 1825 CE
1261 1790 1304 1825 13
1330 1792 1378 1824 ὅτι
1402 1796 1450 1835 τῷ
1469 1791 1650 1835 Σαρβάρῳ
1677 1791 1891 1835 συμπλακεὶς

396 1839 417 1872 ὅ
435 1838 645 1882 Ἠράκλειος
662 1837 822 1882 ἐνίκησεν
840 1837 869 1873 C
963 1838 1005 1872 17
1023 1839 1071 1872 ὅτι
1090 1838 1250 1884 παραβὰς
1268 1838 1326 1876 τὰς
1345 1839 1527 1883 συνθήκας
1544 1840 1564 1872 ὁ
1582 1839 1744 1883 Χαγάνος
1760 1838 1892 1884 ἐπῆλθε

396 1892 438 1931 τῇ
462 1886 572 1929 πόλει,
604 1886 664 1920 καὶ
690 1885 851 1930 ἡττηθεὶς
876 1886 1005 1930 ἔφυγεν
1032 1886 1153 1931 (ἔφυγε
1180 1886 1224 1928 Ε)
1254 1885 1315 1921 ΟΕ

469 1994 491 2027 3
517 1993 582 2038 γὰρ
611 2004 686 2027 om.
714 1991 742 2028 C
842 1993 862 2028 7
889 1993 1067 2038 ἀπήγαγον
1095 1993 1192 2038 pr
1302 1993 1376 2038 οὖν]
1405 1997 1520 2029 τοίνυν
1549 1994 1582 2028 l)
1694 1994 1716 2028 9
1739 1995 1892 2039 μεγάλης

472 2052 546 2076 om.
567 2041 602 2075 D
703 2041 746 2075 13
769 2041 773 2084 Ι
795 2042 942 2087 σαβάρω
962 2041 1007 2084 A,
1035 2043 1132 2082 (tum
1158 2045 1265 2076 reete
1293 2043 1471 2087 σάρβαρον
1498 2043 1692 2087 praebet),
1721 2043 1892 2087 σαρβάρῳ

470 2088 730 2183 ἕίῖιέἰρλέἱΕψΡ
759 2090 803 2123 18
827 2089 915 2133 πρὸς
940 2087 996 2123 Di
1023 2092 1187 2132 (erroro,
1213 2094 1257 2124 ut
1285 2090 1458 2131 videtur)
1588 2091 1635 2124 ‘20
1660 2094 1754 2125 ante
1777 2091 1894 2135 βῶνος

338 2253 385 2289 36
399 2254 600 2300 quaedam
627 2253 945 2290 Christianorum
972 2254 1186 2290 multitudo
1226 2265 1312 2290 esse
1351 2256 1576 2290 interfecta.
1626 2255 1726 2291 Nam
1753 2255 1895 2290 Iudaei

399 2313 469 2338 eos
497 2303 564 2337 vili
591 2303 720 2348 pretio
749 2303 1004 2337 commercati
1023 2303 1254 2347 *necabant3
1287 2314 1457 2348 quorum
1485 2314 1639 2338 summa
1666 2303 1789 2338 fuisse
1816 2313 1894 2337 me-

338 2349 384 2385 37
399 2354 580 2386 moratur
606 2350 657 2384 ad
672 2351 898 2396 nonaginta
913 2351 1030 2384 milia.
1081 2350 1356 2386 Paniai-cham
1374 2354 1508 2385 autem
1523 2350 1895 2395 Hierosolymorum

399 2401 564 2434 sanctae
589 2398 701 2433 urbis
728 2402 766 2433 et
794 2398 970 2444 pretiosa
997 2398 1126 2433 crucis
1152 2398 1264 2443 ligna
1290 2398 1438 2433 Persae
1465 2408 1599 2433 seeum
1627 2399 1667 2433 in
1690 2397 1894 2433 Persidem

339 2444 385 2479 38
399 2449 676 2492 portaverunt.
728 2445 813 2481 Rex
841 2446 966 2491 igitur
993 2456 1083 2480 cum
1104 2447 1325 2480 exereitum
1353 2446 1533 2481 hostibus
1558 2456 1695 2491 parem
1721 2456 1801 2480 non
1830 2446 1894 2480 ha-

399 2495 513 2529 beret
539 2504 587 2528 ae
605 2494 804 2539 pecuniae
818 2494 955 2539 inopia
969 2493 1182 2535 laboraret,
1211 2497 1424 2538 argentum
1450 2496 1489 2527 et
1507 2504 1650 2528 aurum
1678 2504 1728 2528 ex
1744 2503 1894 2538 magna

340 2539 386 2574 39
400 2541 570 2576 ecclesia
597 2545 635 2576 et
662 2541 749 2576 aliis
775 2542 900 2576 saeris
926 2540 1096 2576 aedibus
1122 2544 1328 2576 mutuatus
1367 2551 1510 2575 numos
1537 2541 1630 2576 inde
1660 2542 1781 2583 cudit,
1819 2541 1894 2576 eol-

401 2589 629 2634 lectumque
668 2599 717 2624 ex
745 2589 964 2634 provinciis
991 2589 1185 2634 populum
1211 2589 1372 2623 militari
1399 2588 1611 2633 disciplina
1647 2592 1809 2624 exercet
1846 2599 1894 2623 ac

340 2635 388 2670 40
401 2637 531 2671 socios
566 2637 743 2672 arcessit.
794 2636 842 2671 Et
879 2639 969 2682 post
1007 2636 1151 2671 festum
1178 2635 1385 2671 Paschatis
1421 2635 1652 2679 Sarbarum,
1692 2636 1894 2672 chosroae

401 2684 730 2730 archisatrapam‚
764 2694 855 2719 cum
882 2684 1040 2728 magnis
1068 2684 1193 2729 copiis
1219 2689 1360 2718 eontra
1386 2684 1588 2718 Romanos
1618 2685 1781 2719 missum
1808 2694 1895 2729 pro-

402 2732 515 2776 fligat
543 2732 712 2776 eiusque
739 2732 962 2767 exercitum
990 2731 1175 2766 trucidat.

521 2779 576 2813 16.
627 2779 786 2814 Interea
814 2778 1033 2825 chaganus
1058 2781 1177 2824 rupto
1205 2779 1369 2814 foedere
1396 2780 1636 2825 aggreditur
1656 2779 1894 2824 Byzantium

402 2827 543 2861 castris
570 2827 773 2872 legionum
813 2831 907 2862 ante
944 2828 1104 2862 moenia
1130 2827 1269 2872 positis
1302 2830 1340 2861 et
1367 2827 1559 2872 quiequid
1600 2831 1716 2862 extra
1753 2827 1895 2861 urbem

366 2872 489 2908 ‘2erat
525 2874 712 2910 incendit.
763 2873 879 2910 Unde
907 2875 1016 2910 cives
1044 2877 1084 2910 et
1110 2874 1338 2920 patriarcha
1366 2878 1404 2909 et
1431 2875 1623 2920 patrieius
1650 2874 1784 2909 Bonus
1811 2874 1896 2918 (eos
