2066 3230
357 239 426 277 764
736 239 915 278 ZONAR.
943 240 1072 276 EPIT.
1100 241 1231 277 XVIII
1257 241 1313 286 29,
1339 241 1467 279 8-17,

321 361 460 403 Θόδου
492 367 553 416 τῷ
582 363 743 417 βασιλεῖ
770 363 1094 416 παρεχώρησαν.
1159 363 1182 403 ὁ
1216 362 1261 403 δὲ
1293 362 1415 418 ἀπῄει
1445 363 1553 418 πρὸς
1583 363 1632 405 τὰ
1663 365 1846 419 βασίλεια

356 429 426 471 καὶ
469 431 629 472 τούτων
673 430 786 477 ἔντος
830 431 1025 484 γεγονώς,
1071 434 1165 476 πῶς
1205 433 1256 472 ἂν
1296 432 1496 486 χρήσαιτο
1534 436 1583 487 τῇ
1621 433 1746 488 μητρὶ
1775 434 1847 476 καὶ
2053 480 2056 483 ,

355 502 438 545 τοῖς
482 499 692 553 ὁμογνίοις
734 499 805 540 καὶ
842 504 904 552 τῷ
940 502 1024 540 τῶν
1061 499 1277 553 κηδεστῶν
1314 499 1372 541 ἑνὶ
1404 505 1464 554 τῷ
1499 501 1712 556 Βρυεννίῳ
1742 502 1895 556 μετὰΙ)
1917 509 1971 546 IV
1988 504 2061 553 258

297 570 343 605 10
356 571 440 608 τῶν
478 567 571 621 περὶ
603 567 729 609 αὐτὸν
761 567 1012 621 ἐβουλεύετο.
1075 569 1129 609 ἔτι
1161 567 1240 622 γὰρ
1273 568 1472 610 ἐδεδοίκει
1502 570 1675 616 τούτους
1705 570 1780 612 καί
1807 571 1848 612 οἱ
2046 567 2059 580 “”

355 635 462 689 ἦσαν
493 636 537 677 ἕν
568 636 767 689 ὑποψίαις
799 636 997 684 ἐλπίζοντι
1028 637 1280 690 νεωτερίσειν
1311 638 1413 683 ἴσως
1444 637 1607 684 αὐτούς.
1860 645 1883 682 5

298 707 339 741 11
468 703 521 746 Ὁ
553 705 597 746 δὲ
627 704 775 745 τούτου
806 704 943 758 πατὴρ
980 705 1081 759 παρ’
1115 705 1216 760 ὅλην
1245 705 1323 759 μὲν
1354 705 1427 760 τὴν
1458 707 1621 761 ἡμέραν
1652 708 1847 762 ἐμπνέων

354 771 406 825 ἦν
436 772 507 813 καὶ
540 773 828 821 δυσθανατῶν,
872 773 966 827 περὶ
1004 773 1050 815 δὲ
1080 773 1154 827 τὴν
1185 775 1364 827 ἑσπέραν
1396 775 1564 829 ἐξέλιπε,
1610 776 1740 830 ζήσας
1769 776 1847 831 μὲν

355 841 421 894 ἔτη
467 841 758 895 ἑβδομήκοντά
798 858 881 883 που
921 841 969 883 τὰ
1003 842 1137 883 πάντα
1169 845 1194 897 ἢ
1229 843 1304 896 ὅ,τι
1336 843 1557 897 ἐγγυτάτω,
1601 844 1848 898 βασιλεύσας

355 906 391 949 δ’
426 909 472 950 ἔκ
503 909 663 950 τούτων
695 909 906 956 ἐνιαυτοὺς
938 910 1037 951 ἑπτὰ
1069 911 1140 952 καὶ
1171 911 1390 965 τριάκοντα
1430 911 1496 953 ἐπὶ
1526 912 1628 967 μησὶ
1657 913 1848 967 τέσσαρσι

73 966 340 1037 ὃθξξρῗρἕῇᾘὲ
354 976 424 1018 καὶ
467 978 642 1031 ἡμέραις
684 979 795 1020 τισίν.
859 979 985 1020 ἔθανε
1023 978 1068 1020 δὲ
1104 979 1210 1020 κατὰ
1241 979 1287 1021 τὸ
1320 980 1665 1034 ἑξακισχιλιοστὸν
1696 983 1845 1030 ἑξακο-
1865 986 1908 1022 10

354 1045 516 1087 σιοστόν
547 1045 734 1087 εἰκοστὸν
765 1048 885 1088 ἕκτον
917 1048 1020 1101 ἔτος,
1054 1047 1127 1102 τὴν
1157 1047 1235 1102 μὲν
1265 1048 1476 1102 βασιλείαν
1499 1049 1709 1103 διηνυκὼς
1730 1051 1845 1092 εὐτυ-

297 1120 340 1155 13
353 1116 455 1167 χῶς,
500 1113 547 1155 τὸ
587 1115 634 1156 δέ
664 1131 709 1169 γε
739 1116 853 1162 τέλος
885 1117 964 1170 οὐχ
996 1117 1144 1170 ὅμοιον
1176 1117 1381 1171 ἐσχηκώς.
1443 1118 1734 1160 καταλέλειπτο
1766 1118 1846 1173 γὰρ

311 1181 460 1236 Οπρός
496 1186 581 1224 τῶν
617 1183 895 1238 θεραπόντων
932 1184 1082 1239 σχεδὸν
1122 1185 1332 1235 ἁπάντων,
1379 1186 1440 1232 ὡς
1475 1183 1577 1240 μηδ’
1610 1186 1711 1228 εἶναι
1741 1187 1845 1242 τάχα

352 1250 463 1297 τινὰς
492 1251 589 1297 τοὺς
619 1251 690 1293 τὸν
721 1253 880 1294 ἐκείνου
912 1252 1063 1307 νεκρὸν
1093 1257 1177 1300 τοῖς
1207 1254 1407 1300 λοισθίοις
1437 1255 1627 1309 λουτροῖς
1655 1255 1844 1310 ἀπορρύ-

352 1335 524 1374 ψοντας,
558 1320 629 1361 καὶ
661 1322 754 1362 οὔτε
786 1321 947 1376 κόσμος
977 1322 1181 1376 βασίλειος
1211 1327 1375 1377 προσῆν
1403 1327 1487 1369 τοῖς
1508 1323 1600 1378 περὶ
1623 1323 1761 1372 αὐτόν,
1793 1321 1843 1366 ἵν’
1863 1327 1906 1364 15

353 1388 470 1442 αὐτῷ
499 1388 545 1430 τὸ
578 1393 703 1443 σῶμα
735 1390 969 1444 κοσμηθείη
1001 1391 1240 1445 βασιλικῶς,
1275 1392 1368 1432 οὔτε
1397 1391 1484 1446 μὴν
1515 1393 1704 1446 ἐκφορᾶς
1729 1393 1845 1447 ἔτυχε

351 1456 513 1510 βασιλεῖ
538 1457 810 1513 καταλλήλου,
850 1458 920 1499 καὶ
951 1462 1077 1500 ταῦτα
1111 1460 1189 1500 οὐκ
1223 1459 1452 1514 ἀλλοτρίου,
1492 1458 1579 1501 ἀλλ’
1612 1460 1723 1507 υἱέος
1756 1461 1843 1502 δια-

353 1586 374 1620 6
406 1586 543 1632 τελευτὴ
576 1592 636 1622 τοῦ
665 1588 838 1633 βασιλέως
870 1594 982 1633 κυροῦ
1021 1590 1112 1630 (om.
1138 1589 1180 1633 E,
1215 1600 1251 1623 v.
1279 1599 1435 1635 argum.
1463 1589 1515 1624 ad
1541 1589 1674 1626 XVIII
1701 1589 1756 1635 16,
1783 1590 1844 1635 31)

348 1633 497 1676 Ἀλεξίου
523 1639 583 1670 τοῦ
608 1636 797 1681 Κομνηνοῦ
823 1634 892 1671 ΑΕ

423 1753 446 1788 3
470 1754 644 1798 βρυεννίω
663 1753 862 1800 R(WpDi),
887 1756 1071 1801 βρυεννύω
1098 1756 1134 1798 b,
1160 1758 1312 1802 βρυενίω
1337 1755 1404 1792 AC
1501 1756 1523 1792 5
1549 1756 1651 1802 ἦσαν]
1677 1757 1700 1802 ἦ
1725 1771 1791 1802 γαρ
1819 1758 1843 1793 b

424 1801 445 1836 7
472 1800 694 1847 6voz9afaw‘1v
709 1801 737 1838 C
810 1803 833 1838 8
847 1803 904 1848 ἔτη
920 1802 960 1838 τὰ
972 1803 1083 1838 πάντα
1096 1803 1340 1849 ἑβδομήκοντα
1355 1805 1499 1839 omisso
1513 1818 1582 1839 που
1597 1803 1692 1840 bCD
1702 1806 1768 1841 Wo
1778 1805 1843 1841 lat.

424 1848 446 1883 9
471 1848 504 1884 δ’
531 1859 606 1884 om.
633 1849 658 1884 b
810 1849 883 1895 καὶ]
909 1850 995 1895 πρὸς
1022 1850 1118 1887 bCD
1275 1852 1414 1896 τέσαρσι
1441 1851 1521 1896 DE,
1549 1854 1682 1897 τέταρσι
1709 1853 1734 1887 b

425 1931 470 1966 10
494 1932 798 1978 ἕξακιςχιλιοστὸν]
816 1903 906 1972 {SD
1006 1934 1047 1968 11
1075 1935 1234 1970 εἰκοστὸν
1253 1945 1327 1970 om.
1342 1934 1378 1969 D
1490 1935 1534 1970 12
1559 1935 1797 1970 κατελέλειπτο
1812 1935 1841 1972 C

424 1979 469 2014 13
494 1979 562 2014 ὑπὸ
586 1979 656 2014 BD
814 1980 859 2015 14
883 1981 1156 2027 ἀπορρύψαντας
1183 1983 1278 2028 Ewp
1438 1982 1482 2017 15
1506 1982 1654 2029 προσῆν]
1680 1990 1847 2028 προςεχεῖ

423 2028 582 2071 punctis
607 2031 722 2064 notat
748 2028 783 2062 D
895 2029 939 2064 16
964 2029 1071 2064 αὐτοῦ
1096 2029 1166 2064 BD
1274 2029 1473 2077 ἒκῖφθορᾶς
1500 2031 1534 2065 D
1646 2031 1689 2066 17
1715 2031 1841 2066 καταλ-

421 2074 547 2120 λήλους
569 2075 574 2118 Ι
597 2075 632 2109 D
732 2076 775 2112 17
803 2087 838 2122 p.
866 2076 945 2121 765,
974 2077 992 2111 1
1019 2077 1123 2116 υἷέως
1149 2078 1245 2123 Ewp
1346 2079 1389 2115 17
1415 2078 1607 2124 δεξαμένου
1634 2079 1742 2125 Ewp‚
1769 2080 1842 2114 δια-

423 2122 611 2167 δεξομένου
638 2122 673 2157 D

352 2243 589 2286 peratorem,
608 2242 800 2289 Varangi,
827 2244 1088 2280 iureiurando
1108 2245 1262 2280 sancita
1282 2246 1367 2280 eius
1385 2246 1443 2281 rei
1461 2245 1550 2289 fide,
1581 2246 1670 2291 regi
1687 2246 1843 2291 regiam

315 2285 338 2320 9
351 2289 510 2334 ingredi
529 2294 826 2326 concesserunt.
877 2291 963 2333 Quo
984 2302 1072 2327 cum
1092 2292 1157 2327 ille
1175 2294 1427 2338 pervenisset
1446 2303 1617 2338 eamque
1642 2293 1842 2337 intrasset,

352 2336 553 2381 quomodo
588 2338 802 2373 tractanda
835 2342 940 2374 esset
974 2343 1102 2375 mater
1134 2343 1173 2375 et
1203 2341 1348 2376 fratres
1380 2343 1418 2376 et
1444 2351 1602 2376 sorores
1629 2344 1667 2375 et
1694 2340 1843 2376 Caesar

294 2380 338 2415 10
351 2382 589 2429 Bryennius,
627 2396 716 2420 cum
756 2387 839 2421 suis
877 2387 1145 2433 deliberabat3
1183 2388 1270 2423 illos
1304 2389 1408 2423 enim
1439 2391 1523 2423 tum
1549 2389 1755 2423 metuebat
1781 2398 1843 2423 su-

351 2434 591 2477 spectosque
618 2433 804 2477 habebat,
831 2445 882 2469 ne
908 2445 973 2470 res
999 2445 1127 2470 novas
1155 2436 1401 2471 molirentur.

293 2475 334 2510 11
469 2477 521 2514 At
547 2480 633 2515 eius
659 2484 774 2526 pater
800 2484 927 2517 totum
954 2492 1026 2527 per
1052 2482 1156 2518 diem
1184 2484 1364 2528 spirabat
1391 2483 1682 2528 difficulterque
1702 2484 1843 2518 morie-

351 2526 480 2570 batur,
508 2527 582 2561 sub
606 2538 822 2573 vesperum
849 2529 1007 2564 demum
1036 2531 1274 2575 exstinctus;
1302 2531 1404 2565 vixit
1430 2533 1565 2566 autem
1588 2541 1715 2566 annos
1733 2530 1841 2566 LXX

351 2574 437 2608 fere
455 2577 525 2608 aut
544 2575 713 2619 circiter,
740 2578 928 2621 regnavit
946 2577 1134 2613 XXXVII
1152 2580 1191 2613 et
1210 2588 1366 2613 menses
1386 2581 1577 2623 quattuor
1603 2581 1641 2612 et
1668 2578 1752 2613 dies
1775 2578 1842 2612 ali—

293 2618 337 2653 12
353 2624 461 2665 quot.
511 2621 618 2657 Obiit
650 2633 756 2658 anno
785 2624 922 2659 mundi
949 2625 1080 2660 sexies
1106 2625 1311 2661 millesimo
1339 2626 1622 2661 sescentesimo
1649 2626 1840 2660 vicesimo

352 2671 478 2712 sexto,
505 2679 632 2714 regno
660 2671 828 2706 feliciter
855 2672 1144 2716 administrato,
1175 2674 1285 2708 vitae
1312 2673 1463 2707 exitum
1490 2683 1570 2707 non
1598 2683 1727 2717 aeque
1754 2683 1842 2718 pro-

293 2713 337 2748 13
352 2725 513 2760 sperum
540 2718 714 2753 sortitus.
765 2717 800 2752 A
826 2719 1016 2754 ministris
1043 2721 1148 2755 enim
1175 2721 1260 2755 fere
1287 2721 1471 2755 omnibus
1498 2723 1556 2755 est
1577 2720 1770 2763 desertus,
1796 2724 1842 2755 ut

352 2773 479 2808 prope
504 2764 602 2798 nulli
630 2768 774 2809 essent,
802 2767 870 2811 qui
898 2767 984 2802 eius
1011 2777 1157 2812 corpus
1184 2768 1394 2812 postremis
1413 2767 1585 2802 lavacris
1605 2770 1840 2813 purgarent,

353 2820 485 2855 neque
518 2815 684 2847 ornatus
715 2814 853 2858 regius
884 2818 1045 2859 praesto
1072 2815 1120 2849 iis
1146 2818 1261 2859 esset,
1295 2825 1374 2860 quo
1402 2825 1548 2860 corpus
1575 2815 1661 2849 eius
1688 2826 1759 2860 pro
1787 2815 1841 2850 di-

354 2857 509 2901 gnitate
535 2860 650 2904 regia
678 2863 907 2906 ornaretur3
945 2872 1077 2907 neque
1107 2863 1231 2898 funus
1259 2863 1295 2897 ei
1322 2864 1472 2897 factum
1499 2866 1557 2897 est
1583 2863 1671 2907 regi
1698 2872 1841 2898 conve-

356 2904 480 2949 niens,
520 2906 642 2950 idque
680 2918 759 2942 non
799 2908 940 2953 alieno,
981 2909 1049 2944 sed
1087 2910 1162 2945 filio
1195 2910 1311 2955 regni
1346 2919 1578 2945 successore
1610 2913 1647 2944 et
1675 2920 1721 2944 eo
1748 2909 1840 2954 filio,
