2054 3282
521 269 787 307 TZIMISCES
811 267 1117 307 SATISFACIT
1142 265 1463 304 POLYEVCTO.
1671 264 1740 301 521

247 398 382 448 τροπῇ
413 398 485 447 τῆς
506 392 755 447 Θεοφανοῦς
786 390 856 433 τὸν
883 389 1132 445 Νικηφόρον
1163 387 1501 444 διαχειρίσασθαι.
1562 386 1636 441 τὴν
1665 385 1778 441 μὲνῖ
1805 389 2005 429 ΡΙΙ209Α

249 460 326 504 οὖν
347 461 560 516 &seq-amb
582 460 607 501 ό
626 460 885 514 πατριάρχης
905 458 1090 513 ἄπῄτησε
1116 461 1202 499 τῶν
1231 456 1451 512 βασιλείων
1481 455 1743 510 ἀπελαθῆναι

249 529 320 571 καὶ
349 531 666 584 περιορισθῆναι
696 528 767 569 καὶ
797 527 895 574 τοὺς
925 526 1170 582 αὐτόχειρας
1198 529 1272 567 τοῦ
1305 523 1560 579 Νικηφόρου
1593 523 1743 565 ἐκδιω-

250 599 418 653 χθῆναι,
442 597 513 639 τὸν
539 597 584 639 δὲ
605 597 747 651 τόμον,
770 594 901 649 οὗπερ
924 595 1208 651 ἐμνήσθημεν,
1232 595 1505 648 διαρραγῆναι
1526 592 1598 634 καὶ
1617 590 1745 633 αὐτὸν

212 673 235 709 5
250 666 320 708 τὸν
339 666 541 720 Ἰωάννην
573 664 775 713 δέξασθαι
806 664 992 718 ἐπιτίμια.
1055 663 1079 704 ὃ
1112 662 1157 704 δὲ
1187 663 1319 703 πάντα
1351 665 1519 716 ποιῆσαι
1544 661 1781 715 ὓπέσχετσῧ

249 734 319 776 καὶ
352 734 499 775 αὐτίκα
531 733 680 775 στέλλει
716 732 784 774 καὶ
822 732 990 787 κατάγει
1026 731 1100 786 τὴν
1137 731 1327 785 βασιλίδα
1367 733 1452 771 τῶν
1495 728 1745 783 ἀνακτόρων

250 802 320 845 καὶ
362 802 434 844 τὸν
475 802 606 856 τόμον
644 802 733 844 ἐκεῖ
763 801 1017 855 κομισθέντα
1058 800 1248 854 διέρρηξε
1285 798 1356 840 καὶ
1394 800 1446 853 ἣν
1482 797 1526 839 ἒν
1563 797 1746 843 ἰδιώταις

249 872 380 914 τελῶν
410 871 492 926 εἶχε
521 871 775 924 περιουσίαν,
814 870 1017 923 διανεῖμαι
1047 869 1217 922 πένησιν
1247 866 1524 922 ἐπηγγείλατο.
1585 865 1782 910 τούτων9

20 281 55 606 Ξ

18 725 29 754 2.

18 931 48 1005 ξ
251 941 296 982 δὲ
328 941 579 995 γενομένων,
611 938 717 980 κατὰ
749 938 823 992 τὴν
855 937 1066 991 γενέθλιον
1094 940 1167 978 τοῦ
1189 940 1381 990 σωτῆρος
1403 936 1527 989 ἡμῶν
1548 934 1620 975 καὶ
1641 935 1746 975 θεοῦ

31 1008 34 1014 ”
192 1017 237 1052 10
249 1009 398 1063 ἑορτὴν
433 1010 521 1063 ἅμα
561 1024 603 1049 τε
641 1007 715 1062 τὴν
750 1007 807 1053 εἷς
844 1006 916 1061 τὴν
948 1005 1169 1060 ἐκκλησίαν
1199 1005 1452 1058 ἐπιτρέπεται
1482 1003 1646 1045 εἴσοδον
1676 1001 1748 1043 καὶ

250 1078 338 1133 ἅμα
370 1082 431 1131 τῷ
463 1077 684 1131 διαδήματι
715 1076 916 1130 στέφεται,
949 1074 1023 1128 τὴν
1055 1073 1100 1115 δὲ
1123 1072 1335 1127 Θεοφανὼ
1368 1073 1424 1118 εἷς
1452 1071 1748 1126 Προικόνησον

249 1147 507 1201 περιώριοεν.
570 1145 682 1186 οὕτω
713 1145 853 1198 μέντοι
884 1143 1150 1197 ἀναρρηθείς,
1183 1141 1269 1183 ἐπεὶ
1290 1142 1520 1196 ἀρχιερέως
1541 1141 1566 1195 ἡ
1588 1139 1746 1194 μεγάλη
1765 1150 1808 1185 10

244 1214 468 1270 Ἀντιόχεια
500 1213 738 1269 χηρεύουσα
767 1212 833 1267 ἦν,
864 1211 1168 1266 προχειρίζεταί
1184 1225 1270 1251 τινα
1292 1208 1482 1263 μοναχὸν
1503 1208 1747 1262 Θεόδωρον,
1763 1219 1793 1254 Β

251 1284 299 1330 ὃς
329 1284 447 1337 αὐτῷ’
476 1283 644 1336 προέφη
676 1286 749 1336 τῆς
784 1280 992 1335 βασιλείας
1030 1283 1178 1334 τυχεῖν,
1223 1278 1294 1320 καὶ
1335 1278 1395 1332 μὴ
1435 1281 1608 1319 σπεῦσαι
1645 1274 1746 1331 μηδ’

193 1359 237 1395 15
252 1352 436 1406 ἁρπάσαι
458 1351 599 1405 αὐτήν,
621 1349 723 1391 ἀλλὰ
743 1353 879 1403 μεῖναι
900 1348 974 1403 τὴν
995 1349 1042 1390 ἔκ
1065 1351 1137 1389 τοῦ
1159 1348 1278 1389 θείου
1299 1347 1565 1401 προχείρισιν.
1618 1345 1749 1399 ὅσπερ
1768 1358 1806 1393 11
1861 1373 1868 1376 <

70 1430 107 1467 D
125 1430 178 1467 1V
191 1431 238 1467 93
251 1421 325 1477 τὴν
355 1419 672 1476 ἀρχιερωσύνην
702 1418 1038 1472 καταδεξάμενος
1069 1417 1240 1466 ἀξίωσιν
1271 1417 1392 1458 ἔθετο
1423 1414 1531 1469 πρὸς
1563 1414 1633 1457 τὸν
1655 1413 1747 1455 Ἰω-

252 1570 275 1605 8
299 1570 382 1604 πότε
401 1567 555 1613 ἐστέφθη
573 1568 594 1602 ό
615 1566 808 1612 Τζιμισκής
827 1566 1024 1611 (τζιμισκῆς
1043 1566 1084 1609 C,
1114 1575 1149 1599 V.
1167 1564 1218 1599 ad
1234 1563 1341 1599 XVII
1363 1563 1391 1608 l,
1408 1563 1443 1607 l)
1463 1563 1526 1600 ΟΕ
1603 1562 1645 1597 15
1669 1563 1751 1598 πότε

253 1618 289 1653 οἱ
311 1617 505 1662 λῙανιχαῒοι
532 1616 573 1651 ἐκ
601 1620 659 1661 τῆς
685 1615 775 1660 ἑῴας
801 1614 850 1653 εἰς
876 1613 976 1658 (πρὸς
1003 1612 1049 1658 Ε)
1075 1611 1115 1648 τὰ
1139 1612 1278 1657 ἑσπέρια
1303 1612 1571 1657 μετηνέχθησαν
1596 1610 1659 1647 CE

328 1759 345 1794 1
364 1763 422 1803 τῆς
437 1768 512 1794 om.
528 1757 563 1792 D
629 1756 651 1791 4
665 1757 769 1800 ὅνπερ
784 1755 832 1799 D,
849 1765 950 1791 corr.
965 1754 1033 1791 Dw
1094 1753 1183 1799 ε’μν.]
1199 1753 1289 1789 XVI
1306 1753 1363 1797 25,
1381 1754 1425 1789 18
1485 1752 1507 1787 ἴ)
1520 1751 1701 1794 δείξαοθαι
1716 1751 1751 1786 D

327 1807 348 1842 7
373 1806 451 1841 ἐκεῖ
463 1804 609 1851 AEwp,
627 1804 724 1849 αὐτῷ
740 1804 848 1839 OWo
866 1803 932 1838 lat.
1029 1802 1052 1837 8
1078 1802 1185 1837 τελῶν
1204 1812 1280 1837 om.
1296 1801 1344 1846 D,
1362 1800 1491 1847 suppl.
1508 1799 1576 1838 Dw
1672 1799 1752 1844 περὶ

327 1854 451 1890 οὐσίαν
477 1852 512 1887 D
609 1853 632 1887 9
659 1854 749 1898 post
773 1851 970 1897 γενομένων
989 1849 1172 1885 distinxit
1190 1850 1301 1885 B·W
1316 1849 1404 1885 coll.
1423 1848 1539 1885 Cedr.
1559 1846 1750 1893 (Scylitz.)

329 1901 364 1937 II
397 1912 433 1947 p.
459 1901 540 1943 381,
566 1900 652 1935 Gss.
799 1900 844 1934 10
867 1899 915 1938 εἰς
941 1898 1004 1944 τὴν
1029 1897 1221 1942 ἐκκλησίαν
1247 1895 1328 1942 ΑΟ,
1355 1902 1413 1943 τῆς
1438 1896 1628 1941 ἐκκλησίας
1656 1895 1751 1940 Ewp

330 1950 370 1985 ll
397 1949 655 1993 προικόννησον
679 1946 722 1990 Β,
749 1947 1008 1992 Προικοννήσῳ
1035 1944 1150 1982 Cedr.
1177 1944 1368 1990 (Scy-litz.)
1396 1944 1433 1980 II
1460 1955 1496 1990 p.
1522 1944 1603 1986 380,
1633 1943 1687 1985 19,
1716 1954 1752 1977 v.

327 1996 379 2032 ad
405 1995 476 2032 XV
506 1996 559 2039 19,
585 1995 632 2031 36
742 1994 786 2029 14
811 1995 938 2030 σπεῦδε
964 1993 995 2028 Β
1107 1992 1151 2028 15
1176 1993 1327 2045 ἀρπᾶσαι
1357 1993 1452 2038 Ewp
1573 1990 1647 2026 ἀλλ’
1673 1991 1753 2025 ἀνα-

326 2050 439 2090 μεῖναι
466 2043 565 2090 pr
690 2046 785 2078 ante
810 2041 872 2088 τὴν
898 2041 990 2077 add.
1017 2042 1136 2085 ὥσπερ
1162 2040 1218 2075 Dz
1243 2040 1382 2076 Haasii
1410 2039 1674 2075 annotatione
1699 2041 1752 2078 (v.

328 2103 421 2128 ann.
450 2094 577 2137 sequ.)
605 2100 815 2137 perperam
844 2089 921 2125 hue
947 2089 1075 2125 relata
1171 2089 1279 2132 ὅσπερ
1299 2085 1496 2134 EwwpDi,
1523 2087 1642 2130 ὥσπερ
1673 2084 1752 2128 ΑΕ,

327 2142 364 2179 ὃς
383 2140 415 2176 Ο
514 2138 559 2174 16
583 2138 839 2183 ἅρχιεροσύνην
864 2136 950 2183 ΨἿ)
969 2136 1106 2172 invitis
1124 2134 1195 2171 AR
1291 2136 1399 2178 ἀξίως
1419 2135 1557 2170 ἐνέθετο
1576 2133 1622 2178 D,
1650 2143 1751 2169 corr.

328 2188 396 2225 Dw
493 2189 583 2233 post
608 2186 666 2221 τὸν
692 2185 783 2220 add.
809 2184 1052 2230 αὐτοκράτορα
1078 2183 1176 2229 pr

258 2325 456 2373 phanonis
474 2325 586 2360 iussu
604 2323 874 2370 Nicephorum
893 2321 1113 2357 sustulisse.
1164 2320 1420 2367 Quapropter
1439 2318 1669 2365 patriarcha
1689 2328 1753 2364 po·
1769 2315 1789 2351 7

256 2373 434 2416 stulavit,
470 2375 515 2408 ut
551 2371 662 2407 Theo
692 2370 799 2406 hano
834 2370 983 2416 palatio
1025 2369 1141 2415 pulsa
1176 2368 1430 2414 relegaretur
1463 2370 1502 2402 et
1540 2365 1754 2412 Nicephori

257 2430 515 2468 percussores
533 2419 573 2455 in
599 2419 663 2455 exi
683 2419 764 2454 ium
791 2421 1013 2465 agerent-ur
1031 2420 1070 2452 et
1089 2417 1199 2459 libor,
1226 2415 1277 2452 de
1296 2425 1376 2461 quo
1395 2414 1583 2457 diximus,
1606 2414 1755 2449 lacera-

257 2471 369 2505 retur
403 2471 443 2504 et
477 2468 563 2514 ipse
596 2466 769 2502 Ioannes
796 2475 948 2512 poenas
982 2464 1146 2500 subiret.
1198 2463 1268 2499 Ille
1302 2473 1344 2498 se
1379 2462 1514 2497 omnia
1553 2459 1792 2497 facturumss

258 2516 468 2563 pollicitus,
507 2515 639 2550 statim
676 2514 804 2549 missis
830 2512 1069 2548 satellitibus
1094 2511 1438 2557 Theophanouem
1475 2510 1588 2555 regia
1621 2508 1756 2544 educit

258 2567 298 2600 et
330 2563 474 2599 librum
508 2562 671 2598 allatum
712 2562 864 2597 lacerat
900 2564 939 2595 et
973 2569 1074 2605 quas
1110 2559 1293 2606 privatus
1325 2558 1532 2593 habuisset
1567 2567 1589 2592 o
1621 2567 1675 2600 es,
1713 2566 1757 2591 se

258 2611 565 2647 distributurum
605 2609 854 2656 pauperibus
893 2608 1083 2654 promisit.
1134 2606 1206 2642 His
1245 2606 1372 2649 sactis,
1411 2604 1534 2641 natali
1575 2568 1640 2640 dria
1678 2603 1793 2639 ser-5)

258 2659 411 2694 vatoris
437 2661 477 2694 et
502 2657 566 2694 dei
594 2657 718 2693 nostri
754 2655 869 2692 simul
897 2656 936 2690 in
969 2654 1179 2691 ecclesiam
1212 2653 1446 2695 admittitur.
1485 2652 1599 2687 simul
1624 2650 1758 2687 diade·

258 2710 365 2742 mate
386 2709 565 2749 ornatur,
584 2704 887 2751 Theophanone
908 2702 1202 2739 Proeconesum
1224 2702 1416 2747 relegata.
1445 2699 1509 2737 Sic
1531 2699 1757 2746 appellatus
1774 2698 1819 2734 10

259 2755 489 2801 imperator,
529 2763 618 2788 cum
655 2762 806 2798 magna
839 2750 1054 2786 Antiochia
1087 2749 1274 2796 pontifice
1309 2752 1477 2792 careret,
1515 2746 1757 2782 monachum

261 2800 464 2847 quendam
491 2800 761 2843 Theodorum,
797 2799 864 2845 qui
904 2798 1113 2844 imperium
1141 2797 1176 2833 ei
1207 2796 1514 2843 praenuntiarat
1543 2804 1677 2840 neque
1702 2794 1758 2830 fe·

261 2849 412 2885 stinare
430 2851 502 2884 aut
519 2858 674 2894 rapere,
693 2847 764 2883 sed
779 2857 869 2883 eum
886 2845 1061 2881 numinis
1080 2844 1403 2891 designationem
1423 2846 1663 2890 exspectare
1682 2842 1758 2877 ius-

262 2901 381 2939 serat,
420 2895 654 2931 nominavit.
707 2894 744 2930 Is
779 2894 1015 2941 pontificatu
1047 2896 1235 2939 suscepto
1263 2891 1314 2927 ab
1348 2891 1499 2927 Ioanne
1527 2889 1816 2937 postulavit,ll

261 2948 307 2980 ut
347 2942 583 2988 Manichaei,
622 2944 690 2990 qui
730 2942 850 2977 foeda
889 2950 963 2976 sua
1002 2944 1109 2976 sam-tn
1150 2939 1296 2975 multos
1335 2939 1667 2983 contaminarent,
1706 2947 1758 2973 ex
