2054 3282
455 312 729 352 COMNENVS
753 313 1045 362 ARROGANS,
1071 312 1290 360 GRATVS,
1315 313 1506 351 RAPAX.
1656 313 1727 353 667

355 435 450 479 Τῶν
481 436 527 479 δὲ
555 436 641 492 πρὸ
672 438 802 480 αὐτοῦ
832 437 1050 494 βασιλέων,
1081 438 1172 481 ὅσοι
1201 436 1306 493 μετὰ
1335 436 1408 480 τὸν
1431 437 1725 492 πορφυρογέν-
1740 441 1762 478 7

231 520 356 559 νητον
386 505 545 548 ἐκεῖνον
565 506 784 549 Βασίλειον
804 511 876 562 τῆς
896 507 1104 563 βασιλείας
1124 507 1346 563 ἐπέβησαν,
1379 507 1430 548 οὗ
1451 504 1596 553 καλῶς
1621 521 1725 561 χρη-

232 575 430 628 σαμένων
460 579 544 622 τοῖς
576 575 794 630 δημοσίοις
823 576 895 618 καὶ
933 579 1089 623 κοινοῖς
1123 575 1376 630 πράγμασιν,
1422 574 1525 618 ἀλλὰ
1561 574 1610 616 τὰ
1648 574 1776 630 μὲνῙ)

231 643 289 689 εἰς
327 643 482 690 οἰκείας
518 644 768 691 ἀπολαύσεις
804 644 875 686 καὶ
912 646 970 691 εἷς
1006 645 1273 700 ἀσκητηρίων
1305 644 1727 700 κατασπαθησάντων

194 711 476 766 ὃοῑκοδομάς,
506 711 555 754 τά
588 712 634 755 δὲ
663 713 957 768 δωρουμένων
988 713 1050 760 οἷς
1081 714 1221 768 ἔτυχεν
1252 715 1277 768 ἢ
1309 713 1416 760 τέως
1436 713 1580 767 οἷσπερ
1602 712 1725 768 ἕβού·

230 779 363 828 λοντο,
395 781 437 822 οἳ
464 781 668 836 βασιλικοὶ
699 781 911 836 θησαυροὶ
942 781 1226 824 ἕκκεκένωντο
1252 781 1323 823 καὶ
1343 781 1392 824 τὰ
1416 781 1596 837 δημόσια
1617 797 1725 836 πρυ-

229 853 366 890 τανεῖα
405 849 637 904 χρημάτων
673 850 907 899 ἐσπάνιζον.
969 854 1091 892 τοῦτο
1127 851 1265 893 τοίνυν
1296 851 1320 893 ὁ
1351 849 1581 906 Κομνηνὸς
1617 855 1762 905 προ-8

230 917 411 972 θέμενος
442 918 779 973 διορθώσασθαι,
813 920 893 961 οὐκ
926 920 1063 975 ἠρέμα
1096 919 1196 962 οὐδὲ
1227 919 1333 962 κατὰ
1365 919 1504 975 βραχὺ
1534 924 1584 975 τῇ
1611 919 1724 974 διορ-

229 986 363 1028 θώσει
394 987 712 1042 ἐπικεχείρηκεν,
757 985 845 1029 ἀλλ’
878 988 941 1035 ὡς
970 993 1034 1043 τῷ
1064 993 1230 1044 στατῆρι
1261 988 1410 1030 ἑαυτὸν
1440 989 1725 1044 ἀνεστήλωσεν

171 1060 218 1096 10
229 1055 531 1110 ἀνατεταμέτόν
561 1055 636 1111 τὴν
665 1059 798 1111 χεῖρα,
831 1058 1046 1111 φέρουσαν
1077 1056 1123 1099 τὸ
1156 1058 1277 1112 ξίφος
1307 1057 1479 1112 γυμνόν,
1512 1058 1624 1099 οὕτω
1653 1056 1726 1099 καὶ

227 1127 312 1171 τοῖς
341 1124 581 1179 πράγμασιν
613 1125 837 1181 ἐπήνεγκεν
868 1125 1016 1168 ἑαυτὸν
1047 1126 1118 1167 καὶ
1142 1127 1301 1181 τέμνειν
1322 1126 1469 1168 αὐτίκα
1490 1125 1722 1180 παρεσκεύ-

227 1208 328 1235 αστο
350 1192 398 1234 τὰ
421 1193 641 1248 οἰδήματα,
670 1194 757 1236 ἀλλ’
780 1194 832 1236 οὗ
852 1195 1078 1250 μαλάσσειν
1099 1192 1191 1237 οὐδ’
1215 1195 1453 1250 ἐμπλάττειν
1474 1193 1522 1235 τὰ
1545 1194 1722 1236 ὕπουλα.

227 1262 330 1304 ὅθεν
355 1259 447 1304 οὐδ’
470 1263 517 1311 ἐξ
547 1261 678 1318 οὗπερ
709 1267 783 1305 τοῦ
814 1264 996 1318 κράτους
1028 1264 1156 1319 ἐπέβη
1188 1263 1260 1305 καὶ
1290 1264 1347 1310 εἶς
1378 1264 1557 1318 ἔννομον
1588 1261 1759 1318 ᾶρχὴνθ

225 1330 301 1386 τὴν
330 1331 428 1386 πρὶν
459 1332 588 1374 αὐτοῦ
618 1332 840 1387 τυραννίδα
870 1333 1131 1387 μετήνεγκεν,
1164 1333 1422 1379 ἄναποδίσας
1448 1331 1522 1387 τὴν
1543 1336 1616 1374 τοῦ
1638 1330 1723 1386 πρὸ
1737 1337 1935 1375 ΡΙΙ269Α

169 1404 214 1441 15
227 1400 356 1443 αὐτοῦ
376 1402 528 1455 πρᾶξιν
549 1401 749 1456 ἀνέτρεψε
770 1401 840 1443 καὶ
871 1403 914 1443 εἴ
936 1418 970 1443 τι
1002 1401 1159 1448 ἐκεῖνός
1188 1417 1287 1443 τισιν
1319 1401 1577 1456 ἐδωρήσατο,
1610 1401 1721 1456 ἀφῃ-

226 1473 336 1523 ρεῖτο
365 1469 438 1511 καὶ
468 1469 679 1525 ἀπεστέρει
708 1469 805 1517 τοὺς
836 1469 1070 1526 εἰληφότας,
1103 1468 1206 1512 ἀλλὰ
1238 1469 1309 1512 καὶ
1339 1473 1424 1512 τῶν
1454 1469 1539 1525 πρὸ
1562 1470 1722 1512 ἐκείνου

224 1537 358 1580 πολλὰ
396 1538 619 1594 καθῄρησε
656 1538 728 1581 καὶ
766 1539 956 1594 ῆθέτησε,
1001 1539 1073 1582 καὶ
1109 1540 1161 1582 οὐ
1196 1538 1332 1594 μόνον
1369 1542 1495 1581 ταῦτα
1532 1537 1640 1594 πρὸς
1675 1537 1723 1580 τὸ

227 1606 425 1663 δημῶδες
461 1607 601 1663 ἐποίει,
646 1605 732 1650 ἀλλ’
767 1607 867 1651 οὐδὲ
903 1611 988 1651 τῶν
1023 1612 1095 1665 τῆς
1126 1608 1345 1663 γερουσίας
1376 1607 1574 1663 ἐφείδετο.
1637 1606 1720 1650 εἶτα
1737 1612 1783 1649 10

227 1738 246 1773 1
279 1739 329 1773 ὅτι
356 1737 545 1784 ἀποτόμως
569 1744 612 1785 τῇ
643 1743 715 1775 τῶν
744 1743 878 1775 κοινῶν
908 1740 1124 1786 πραγμάτων
1157 1741 1351 1786 διορθώσει
1383 1739 1630 1785 ἐπικεχείρηκε
1660 1738 1733 1774 καὶ·

226 1785 364 1832 γέγονεν
377 1787 494 1822 ἅπασι
518 1789 665 1833 μισητός
691 1787 721 1824 C
854 1788 899 1824 18
923 1789 974 1823 ὅτι
1001 1787 1084 1824 οὐδὲ
1109 1788 1226 1824 αὐτῶν
1251 1793 1322 1824 τῶν
1347 1793 1398 1834 τῷ
1422 1789 1500 1833 θεῷ
1527 1788 1720 1823 καθωσιω-

223 1833 344 1880 μένων
368 1834 530 1880 ἐφείσατο
558 1835 811 1882 (ἀφωσιώσατο
837 1836 883 1881 Ε)
909 1835 972 1873 ΟΕ

297 1954 320 1990 3
345 1955 527 1999 δημοσίοις
545 1953 627 1999 AR,
650 1955 835 2001 βασιλείοις
853 1955 989 2002 DEwp
1077 1956 1279 2002 πράγμασιν
1292 1955 1439 2002 Apr‚
1465 1956 1644 2002 χρήμασιν
1659 1955 1721 1994 Cw

345 2001 386 2037 τὰ
404 2000 570 2048 prDi,
597 2003 711 2039 initio
730 2013 873 2039 versus
892 2014 967 2039 om.
986 2002 1021 2039 A
1117 2004 1140 2039 4
1165 2004 1516 2050 κατασπαθησάντων
1534 2002 1719 2050 Οθννρῦἰ,

297 2050 671 2095 κατασπασθησάντων
696 2050 743 2094 A,
769 2051 1161 2095 κατασπαῖσθεισάντων
1186 2052 1217 2087 Ε
1314 2052 1336 2087 6
1361 2052 1421 2087 καὶ
1447 2050 1616 2097 prDz',
1644 2062 1719 2087 om.

296 2096 331 2133 A
453 2098 475 2134 7
499 2098 683 2140 ἕαπανίζον
709 2098 757 2144 p*
886 2099 908 2135 9
933 2099 1129 2145 ἀνεστηλῶς
1155 2099 1191 2134 D
1315 2099 1360 2134 10
1383 2100 1663 2145 ἀνατεταμμένον
1690 2098 1720 2135 C

299 2145 340 2180 ll
369 2151 503 2190 τεμνεῒν
529 2145 577 2192 p*
688 2145 733 2181 12
757 2146 831 2182 ἀλλ’
857 2146 912 2192 οὐ]
938 2147 982 2182 οὐ
1007 2147 1047 2183 δὲ
1074 2146 1104 2183 C
1211 2147 1393 2191 ἕμπλάττει
1421 2146 1456 2182 D
1567 2147 1612 2182 13
1637 2146 1721 2183 οὐδὲ

296 2192 471 2239 EsswpDi
558 2193 603 2229 14
626 2193 722 2239 αὐτῷ
750 2194 785 2230 D
870 2199 931 2230 τσῦ
958 2205 1032 2231 om.
1049 2195 1088 2239 C,
1116 2195 1246 2242 suppl.
1260 2193 1321 2233 Cw
1412 2195 1457 2231 18
1482 2195 1664 2240 ὄυςμῶόες
1682 2194 1718 2230 D

342 2323 529 2361 Ceterum
568 2334 658 2361 cum
693 2335 832 2362 omnes
865 2327 952 2362 eius
987 2329 1077 2373 post
1101 2326 1293 2363 Basilium
1326 2324 1754 2373 porphyrogenitum‘l

225 2370 456 2409 decessores
493 2373 578 2409 flsci
617 2376 656 2410 et
694 2374 840 2410 aerarii
881 2375 1093 2420 pecuniam
1128 2384 1270 2421 parum
1304 2378 1414 2410 recte
1441 2374 1717 2418 collocassent,

225 2421 368 2466 partim
395 2421 435 2456 in
462 2430 557 2457 suas
584 2421 813 2467 voluptates
839 2425 879 2457 et
896 2422 1231 2458 monasteriorum
1252 2422 1552 2458 aedificationes
1571 2423 1717 2459 insum-

225 2471 346 2514 ptam,
426 2469 516 2504 rtim
542 2468 630 2505 sine
655 2469 814 2505 delectu
840 2479 888 2504 ac
915 2480 987 2515 pro
1013 2469 1179 2506 libidine
1210 2478 1285 2505 sua
1314 2469 1596 2514 condonatam,
1635 2474 1716 2506 tarn

224 2516 326 2562 regii
354 2519 368 2551 t
397 2516 531 2552 esauri
558 2516 745 2552 exhausti
772 2518 948 2561 suerunt,
976 2527 1096 2563 quam
1115 2518 1316 2553 aerarium
1337 2518 1510 2564 pecunia
1528 2527 1716 2553 vacuum.

224 2562 342 2605 Quod
366 2564 506 2599 vitium
526 2562 756 2600 Comnenus
781 2568 1038 2601 correcturus
1065 2565 1385 2601 emendationem
1406 2575 1486 2601 non
1509 2564 1753 2611 paullatimss

224 2621 273 2646 ac
298 2610 544 2658 pedetentim
582 2615 642 2648 est
679 2622 911 2658 aggressus,
950 2612 1021 2648 sed
1047 2617 1091 2648 ut
1117 2614 1157 2648 in
1191 2616 1340 2648 statere
1372 2623 1415 2648 se
1448 2613 1568 2648 incidi
1602 2614 1717 2649 iussit

224 2663 360 2694 erecta
393 2669 516 2695 manu
547 2660 728 2695 strictum
761 2671 898 2695 ensem
930 2661 1205 2705 sustinentem,
1243 2661 1298 2696 ita
1325 2661 1444 2696 etiam
1472 2661 1647 2707 negotiis
1673 2672 1716 2697 se

223 2706 402 2752 ingessit,
428 2708 561 2743 statim
588 2710 754 2753 paratus
780 2707 831 2743 ad
853 2707 1051 2743 secandos
1077 2711 1265 2753 tumores,
1292 2718 1373 2743 non
1388 2708 1578 2744 adhibitis
1596 2708 1716 2744 medi-

224 2754 429 2798 camentis,
457 2764 563 2800 quae
589 2755 845 2790 exulceratas
873 2758 1007 2801 partes
1026 2755 1225 2791 mollirent
1250 2765 1298 2791 ac
1326 2757 1522 2791 soverent.
1573 2755 1751 2802 Itaq'ue9

224 2805 437 2848 postquam
475 2802 730 2847 tyrannidem
770 2812 859 2838 cum
899 2802 1076 2848 legitimo
1116 2803 1282 2848 imperio
1322 2804 1595 2847 commutavit,
1634 2814 1714 2839 non

225 2848 343 2885 modo
382 2848 606 2886 decessoris
640 2855 732 2885 acta
766 2851 852 2885 sine
888 2850 1117 2886 discrimine
1151 2850 1370 2896 abrogavit
1395 2854 1434 2886 et
1460 2852 1492 2886 si
1525 2851 1622 2897 quid
1649 2852 1713 2887 cui

222 2895 289 2932 ille
315 2896 486 2942 largitus
513 2898 658 2941 suerat,
684 2898 892 2944 eripiebat,
916 2897 986 2933 sed
1005 2898 1126 2934 etiam
1145 2899 1399 2944 superiorum
1424 2899 1713 2945 imperatorum

222 2943 348 2979 multa
372 2947 464 2980 aeta
489 2945 697 2982 evertebat
724 2950 763 2982 et
789 2946 1029 2991 abrogabat,
1064 2955 1198 2991 neque
1223 2945 1262 2982 id
1290 2946 1329 2981 in
1358 2946 1469 2992 vulgi
1497 2946 1711 2982 dumtaxat

223 2991 421 3038 fraudem,
458 2992 529 3029 sed
561 3003 612 3030 ne
643 2994 801 3030 senatui
835 2992 996 3039 quidem
1025 2994 1214 3040 pepercit.
1264 2993 1452 3040 Denique
1482 2998 1624 3031 eontra
1649 3005 1714 3031 res
1729 2994 1774 3031 10
