2066 3230
620 199 927 238 BASILACIVS
953 199 1153 238 CAPTVS
1177 199 1214 237 A
1238 198 1435 238 TVRCIS.
1705 200 1776 237 699

281 322 328 364 τό
360 323 639 378 στρατόπεὸον
668 322 740 364 καὶ
769 326 890 364 τοῦτο
911 322 1247 377 περιιππεύοντες
1267 322 1368 377 βέλη
1390 321 1543 376 ἔβαλον
1563 321 1635 363 καὶ
1654 323 1776 376 βοαῖς

282 392 461 447 ἀσήμοις
494 391 566 434 καὶ
602 391 776 438 ὗλακαῖς
811 392 1041 446 περιήχουν
1075 390 1151 446 τὴν
1181 390 1384 445 στρατιάν.
1447 390 1560 432 οὕτω
1589 389 1669 444 μὲν
1700 389 1776 432 οὖν
1789 394 1836 430 22

281 461 307 515 ἡ
339 459 415 509 νὺξ
445 460 578 515 ἐκείνη
610 459 847 515 παρῆλθεν·
893 460 1033 502 ἕωθεν
1073 459 1119 502 ὁὲ
1155 459 1311 509 Οὔζων
1347 475 1383 500 τι
1419 458 1634 513 σύνταγμα
1667 457 1776 513 πρὸς

280 528 377 575 τοὺς
396 529 622 584 πολεμίους
642 528 973 583 ἀπηυτομόλησε.
1034 527 1106 570 καὶ
1135 532 1258 570 τοῦτο
1289 528 1477 570 ὕποπτον
1506 527 1578 569 καὶ
1607 526 1655 569 τὸ
1685 530 1774 582 μεῖ-
1788 532 1835 568 23

245 601 359 639 5ναν
390 598 445 639 ἔτι
474 597 640 652 πλῆθος
669 600 755 638 τῶν
784 595 940 646 Οὔζων
971 597 1174 652 ἐποίησεν.

396 665 449 708 Ὁ
479 666 526 708 δὲ
555 665 746 721 βασιλεῦς
777 665 953 714 ὀξύτατα
984 666 1160 720 πέμψας
1191 666 1248 712 εἰς
1278 665 1326 708 τὸ
1350 665 1484 707 Χλιάτ
1512 665 1774 720 μετεκαλεῖτο
1792 666 1842 708 14

279 733 329 776 τὰ
361 735 491 776 ἐκεῖσε
522 734 816 789 στρατεύματα.
878 734 940 781 ὡς
972 731 1009 776 δ’
1043 735 1123 776 οὐκ
1161 733 1365 789 ἀφίκοντο
1412 734 1454 789 (ὁ
1485 733 1565 789 γὰρ
1605 734 1813 789 Ταρχα-2

281 804 463 858 νειώτης,
496 801 618 849 οὗτος
649 802 729 858 γὰρ
759 802 812 858 ἦν
843 803 868 845 ὁ
898 803 955 850 εἷς
984 806 1070 844 τῶν
1101 803 1190 845 ἐκεῖ
1206 806 1490 858 στραταρχῶν,
1520 803 1681 857 μαθὼν
1702 806 1776 844 τοῦ

282 872 512 914 σουλτάνου
543 871 617 927 τὴν
648 872 799 926 ἄφιξιν,
838 872 1062 926 παρέπεισε
1092 871 1164 913 καὶ
1194 871 1266 914 τὸν
1292 871 1536 926 Ῥουσέλιον,
1571 871 1642 913 καὶ
1672 870 1776 926 μετὰ
1791 876 1827 912 D

223 947 269 983 10
281 943 367 982 τῶν
406 940 476 982 ὑπ’
517 940 669 987 αὐτοὺς
708 941 932 995 δυνάμεων
969 941 1143 995 ἄραντες
1179 945 1296 996 φυγῇ
1332 940 1442 995 πρὸς
1476 939 1525 982 τὰ
1553 939 1778 995 Ῥωμαίων

47 1015 107 1069 ,D
126 1017 179 1055 IV
195 1018 267 1054 214
283 1010 506 1064 ἐχώρησαν
543 1007 672 1064 ὅρια),
716 1010 825 1064 ἔγνω
857 1009 882 1051 ὁ
913 1009 1111 1064 Διογένης
1147 1009 1251 1064 μετὰ
1288 1013 1374 1051 τῶν
1411 1008 1624 1051 συνόντων
1661 1009 1778 1063 αὐτῷ

40 1075 50 1083 Τ
285 1078 614 1133 διαγωνίσασθαι
636 1078 678 1125 ἐς
706 1078 780 1133 τὴν
809 1079 957 1132 αὔριον
987 1078 1059 1120 καὶ
1089 1079 1177 1133 ἅμα
1208 1078 1323 1132 πρωὶ
1353 1077 1461 1132 πρὸς
1491 1076 1563 1120 τὸν
1592 1077 1779 1132 πόλεμον

282 1147 511 1202 ἐξηρτύετο.
573 1147 617 1189 ἐν
647 1147 783 1201 τούτῳ
815 1146 861 1189 δὲ
890 1147 1084 1202 πρέσβεις
1114 1145 1221 1202 ἧκον
1252 1147 1300 1189 ἐκ
1331 1150 1405 1188 τοῦ
1431 1146 1661 1188 σουλτάνου
1683 1145 1814 1200 περὶ3

282 1216 448 1271 εἰρήνης
492 1216 785 1270 διαλεξόμενοι.
847 1215 872 1257 ὁ
906 1215 952 1258 δὲ
989 1214 1182 1270 βασιλεὺς
1218 1216 1269 1257 οὐ
1305 1215 1416 1257 πάνυ
1455 1215 1814 1270 φιλανθρώπως4

221 1291 267 1328 15
281 1284 378 1331 τοὺς
396 1286 591 1340 πρέσβεις
611 1285 794 1339 ἐδέξατο,
827 1284 949 1339 ὅμως
975 1285 1116 1339 μέντοι
1146 1283 1218 1326 καὶ
1248 1284 1388 1339 λόγων
1420 1284 1533 1339 σφίσι
1562 1284 1779 1339 μετέδωκε

280 1353 352 1395 καὶ
390 1353 587 1396 ἀπελθεῖν
622 1353 731 1409 πρὸς
766 1353 838 1395 τὸν
868 1353 1016 1408 κύριον
1047 1354 1188 1395 αὐτῶν
1217 1354 1508 1408 προετρέψατο
1539 1353 1611 1395 καὶ
1642 1353 1777 1407 ἀπαγ-

281 1421 407 1477 γεῖλαι
428 1422 490 1469 ὡς
518 1422 587 1464 “sl
602 1422 796 1478 βούλοιτο
817 1422 912 1477 περὶ
933 1422 1189 1478 συμβάσεων
1211 1422 1486 1476 διαλέξεσθαι,
1517 1422 1777 1464 καταλιπέτω

280 1561 303 1597 3
328 1562 379 1597 ὅτι
410 1561 518 1602 Οὖζοι
546 1561 656 1604 (οὗτοι
685 1561 731 1603 Ε)
755 1561 844 1607 πρὸς
869 1561 949 1601 τοὺς
979 1561 1161 1606 Τούρκους
1186 1561 1443 1607 ηὐτομόλησαν,
1468 1561 1530 1596 καὶ
1554 1562 1604 1596 ὅτι
1629 1575 1777 1606 μετεκα-

279 1609 401 1644 λέσατο
426 1609 487 1645 καὶ
514 1609 607 1654 (om.
633 1609 679 1652 E)
705 1609 742 1645 τὸ
771 1610 966 1655 στράτευμα
992 1609 1066 1653 OE,
1107 1610 1129 1644 ὃ
1159 1609 1286 1645 διεῖλεν
1314 1610 1336 1644 ὁ
1358 1609 1535 1655 βασιλεύς·
1574 1610 1610 1645 οἱ
1638 1608 1678 1644 δὲ
1709 1609 1777 1645 οὐκ

280 1656 465 1702 ἀφίκοντο,
490 1657 552 1692 καὶ
574 1658 623 1692 ὅτι
649 1662 710 1693 τοῦ
734 1658 908 1703 βασιλέως
932 1657 1203 1703 ἕτοιμαζομένου
1227 1657 1317 1702 πρὸς
1341 1657 1495 1702 πόλεμον
1519 1657 1562 1692 ἐκ
1588 1662 1648 1693 τοῦ
1674 1657 1778 1693 σουλ-

281 1703 342 1740 τὰν
364 1706 528 1751 πρέσβεις
553 1706 660 1752 ἥκασι
685 1705 765 1751 περὶ
790 1705 931 1752 εἰρήνης
957 1705 987 1742 C
1084 1705 1107 1740 6
1130 1705 1210 1750 περὶ
1235 1710 1296 1741 τοῦ
1320 1705 1493 1751 βασιλέως
1519 1705 1551 1740 Ε

354 1837 373 1872 1
398 1837 675 1882 παριππεύοντες
693 1837 724 1872 Β
820 1838 946 1884 ἔβαλον
963 1836 1112 1884 Apr,
1137 1837 1282 1883 ἔβαλλον
1300 1835 1423 1873 BCDi
1519 1836 1542 1873 2
1566 1837 1712 1882 ὕλαχαΐς
1731 1836 1778 1883 p*

352 1885 375 1921 6
399 1884 522 1931 Χλιὰτ]
550 1895 588 1920 v.
603 1885 655 1920 ad
671 1884 804 1921 XVIII
820 1885 874 1931 13,
888 1886 911 1921 8
1020 1885 1043 1921 6
1066 1885 1308 1930 μετακαλεῖται
1324 1884 1493 1931 BDsswp
1601 1885 1622 1921 7
1648 1899 1778 1930 ταρχα-

352 1933 498 1978 νειώτης
522 1931 658 1979 Apr
685 1932 844 1979 Scylitz.
901 1959 909 1968 .
936 1932 1016 1978 695,
1044 1933 1099 1978 19,
1127 1933 1367 1978 ταρχανιώτης
1393 1932 1434 1977 C,
1459 1932 1718 1978 χαρτανειώτης
1744 1932 1775 1967 Ε

352 1981 375 2015 8
399 1985 640 2026 στρατιαρχῶν
665 1980 708 2025 B,
735 1991 773 2016 V.
800 1980 852 2016 ad
919 1980 989 2016 VII
1016 1981 1049 2026 6,
1078 1980 1122 2016 12
1255 1981 1278 2016 9
1304 1980 1495 2016 σουλτάνου
1520 1979 1588 2016 AC
1615 1979 1774 2026 Scylitz.

353 2028 375 2064 l.
403 2038 446 2071 c.,
473 2028 620 2063 σουλτὰν
645 2027 715 2063 Rw
852 2029 912 2064 καὶ
939 2031 1034 2064 ante
1059 2028 1117 2063 τὸν
1144 2039 1219 2064 om.
1247 2027 1276 2064 C
1386 2028 1432 2063 10
1456 2033 1555 2074 φυγῆ
1581 2026 1778 2073 O(wpDi),

353 2075 448 2122 φυγὴ
475 2075 544 2111 AE
691 2076 705 2111 1
759 2075 795 2115 ἐς
820 2075 956 2122 Apr
982 2075 1142 2122 Seylitz.
1197 2103 1205 2111 .
1231 2076 1313 2118 696,
1341 2076 1371 2120 1,
1398 2076 1447 2115 εἰς
1472 2075 1516 2120 Β,
1543 2086 1580 2110 v.
1607 2075 1661 2110 ad
1686 2074 1779 2111 XIV

355 2123 470 2168 1214
568 2123 612 2159 13
637 2123 748 2170 ἦλθον
773 2123 843 2159 BD
941 2124 1132 2159 σουλτάνου
1219 2122 1379 2169 Scylitz.
1406 2123 1429 2159 l.
1446 2133 1491 2168 (3.,
1518 2122 1666 2159 aevitas·
1679 2122 1778 2170 pr

355 2171 399 2208 17
426 2171 654 2214 ὅιαλέξασθαι
680 2170 938 2218 BsDEwpDi‚
967 2181 1005 2207 v.
1030 2171 1083 2207 ad
1109 2170 1201 2207 XIV
1227 2171 1260 2216 5,
1279 2171 1302 2207 2

281 2303 475 2347 rediisset,
508 2302 631 2339 'rm-ei
656 2313 705 2339 ea
731 2302 1086 2339 circumdederunt
1111 2306 1151 2339 et
1178 2303 1461 2349 obequitantes
1488 2302 1568 2339 tela
1596 2303 1776 2339 coniece-

281 2355 386 2395 runt,
413 2350 657 2386 clamoribus
682 2350 897 2387 inconditis
923 2355 963 2386 et
988 2350 1210 2386 ululatibus
1237 2351 1460 2387 exereitum
1481 2351 1779 2386 circumsonan-

282 2402 352 2435 tes.
403 2398 490 2434 Hoc
517 2398 635 2434 modo
662 2403 781 2434 nocte
806 2398 873 2433 illa
898 2402 1054 2442 exacta,
1081 2408 1200 2434 mane
1218 2398 1396 2435 Uzorum
1414 2398 1615 2444 quaedam
1637 2398 1780 2434 cohors
1794 2396 1841 2432 22

282 2446 334 2482 ad
361 2445 517 2483 'rurcos
542 2446 763 2492 transfugit
789 2450 912 2491 atque
939 2456 1009 2482 eos
1035 2446 1156 2482 etiam
1182 2446 1300 2491 Uzos,
1336 2446 1406 2492 qui
1432 2449 1676 2490 manserant,
1718 2445 1841 2480 ειη-23

282 2498 441 2541 spectos
467 2494 573 2530 fecit.

402 2541 458 2577 14.
507 2540 593 2577 Rex
622 2541 747 2586 igitur
773 2541 979 2577 celerrime
1008 2540 1060 2576 ad
1086 2541 1340 2578 revocandos
1366 2542 1569 2578 exercitus
1595 2541 1780 2578 Chiaturn

282 2589 399 2625 misit.
450 2589 525 2632 Qui
553 2599 643 2624 eum
669 2598 751 2625 non
778 2589 984 2625 venissent
1009 2589 1117 2633 (nam
1143 2588 1447 2634 Tarehaniotes,
1489 2599 1595 2624 unus
1622 2599 1672 2624 ex
1701 2588 1817 2623 illici?

283 2636 465 2680 ducibus,
508 2637 671 2681 cognito
710 2636 857 2672 sultani
898 2636 1079 2672 adventu
1105 2636 1268 2673 Ruselio
1308 2641 1578 2683 persuaserat,
1615 2642 1660 2671 ut
1698 2646 1781 2671 una

283 2694 373 2720 cum
400 2685 484 2720 suis
519 2695 565 2719 co
598 2684 645 2719 iis
677 2684 717 2719 in
744 2683 1017 2720 Rornanorum
1043 2685 1142 2720 fines
1175 2686 1441 2731 confugeret),
1481 2684 1661 2720 decrevit
1688 2683 1780 2718 Dio-

282 2742 410 2777 genes
436 2732 559 2777 postri
593 2732 629 2767 ie
663 2741 753 2767 cum
780 2731 863 2767 suis
890 2730 1027 2767 Martis
1053 2731 1182 2767 aleam
1209 2732 1385 2778 experiri
1413 2736 1536 2777 atque
1564 2741 1682 2766 mane
1710 2740 1780 2776 pu·

281 2789 405 2825 gnam
432 2780 603 2825 paravit.
654 2778 815 2814 Interea
842 2778 965 2825 legati
991 2790 1016 2814 a
1034 2779 1194 2815 sultano
1211 2784 1410 2815 venerant
1437 2779 1487 2814 de
1514 2788 1615 2824 pace
1635 2778 1816 2820 acturi,3

284 2836 386 2873 quos
412 2836 655 2873 quamquam
684 2837 755 2862 rex
783 2836 925 2872 parum
947 2826 1173 2863 humaniter
1191 2828 1379 2872 suscepit,
1408 2830 1540 2861 tamen
1561 2829 1598 2861 et
1618 2825 1815 2862 ‹licendi4

284 2875 441 2921 copiam
468 2874 564 2911 fecit
589 2877 628 2911 et
656 2874 838 2911 hortatus
864 2877 934 2920 est,
972 2878 1017 2911 ut
1042 2885 1116 2912 suo
1144 2875 1306 2911 domino
1334 2874 1625 2919 renuntiarent,
1667 2874 1700 2909 si
1727 2873 1778 2911 de
