2054 3282
310 274 659 314 CONSTANTINI
687 274 852 312 ODIVM
879 273 932 311 IN
958 271 1307 311 POLYEVCTVM
1333 272 1399 308 ΕΤ
1426 270 1622 309 OBITVS.
1677 270 1748 308 489

249 398 530 453 ἀσκουμένων
560 397 701 453 εὐχαῖς
731 397 1038 453 καθοπλισθείη
1069 395 1175 439 κατὰ
1206 398 1292 438 τῶν
1316 395 1577 451 Ἆγαρηνῶν,
1616 400 1676 450 τῷ
1708 392 1745 437 δ’

251 467 349 520 ὄντι,
394 467 456 513 ὡς
493 466 662 520 λέγεται,
706 467 771 507 ἵνα
814 470 876 520 τῷ
914 466 1104 515 Κυζίκου
1141 464 1361 519 Θεοῦώρῳ
1398 465 1641 519 συγγένηται
1677 463 1748 506 καὶ

251 535 371 581 ὅπως
400 534 473 576 τὸν
505 534 776 576 Πολύευκτον
807 534 1015 590 ἕξωθήσει
1045 538 1117 590 τῆς
1157 534 1377 589 ἐκκλησίας
1415 533 1620 588 σκέψηται
1658 529 1745 586 μετ’

251 603 394 645 αὐτοῦ.
456 603 561 644 ἔνθα
595 602 647 657 δὴ
682 604 878 657 γεγονώς,
915 605 1064 650 κακῶς
1093 603 1206 658 ἔχων
1237 602 1471 658 ἐπανῆλθεν
1501 602 1559 648 εἶς
1588 601 1637 644 τὰ
1668 602 1746 656 βα·
1761 605 1808 641 20

213 670 376 713 ὖσίλεια
407 671 478 712 καὶ
507 668 596 725 μετ’
629 671 768 725 ὀλίγον
793 671 867 726 τὴν
889 671 1006 726 ζωὴν
1027 671 1308 726 ἓξεμέτρησεν,
1341 670 1403 718 ὡς
1421 670 1501 725 μέν
1521 686 1595 711 τισι
1618 671 1747 723 δοκεῖ,

251 739 299 781 ἐκ
332 739 588 793 δυσκρασίας
619 744 875 795 σωματικῆς,
913 740 975 786 ὡς
1006 737 1043 782 δ’
1077 741 1230 794 ἑτέροις
1261 739 1488 793 δοξάζεται,
1521 738 1592 781 καὶ
1623 737 1749 785 αὖθις

251 807 335 850 ὑπὸ
366 811 441 850 τοῦ
472 808 566 850 υἱοῦ
599 808 923 862 ἐπιβουλευθείς.
986 808 1038 863 ἦν
1070 806 1107 851 δ’
1141 809 1165 850 ὁ
1197 809 1365 863 σύμπας
1397 811 1470 863 τῆς
1499 808 1641 863 βιοτῆς
1671 806 1747 848 αὐ·
1761 811 1805 847 21

249 878 324 918 τοῦ
355 875 509 931 χρόνος
540 876 717 918 ἐνιαυτοὶ
746 877 1002 931 πεντήκοντα
1033 878 1227 931 τέσσαρες
1257 876 1328 918 καὶ
1358 880 1488 931 μῆνες
1517 875 1610 930 δύο,
1631 891 1748 931 μσυμ-

249 944 570 999 βασιλεύσαντος
600 949 662 999 τῷ
699 945 822 999 πατρὶ
853 945 1001 986 Λέοντι
1037 945 1109 986 καὶ
1134 945 1398 999 Ἀλεξάνδρῳ
1434 949 1495 998 τῷ
1533 944 1640 997 θείῳ
1678 942 1750 985 καὶ

193 1016 299 1067 10τῇ
329 1011 455 1067 μητρὶ
485 1013 554 1068 ἔτη
586 1013 851 1067 τρισκαίδεκα
876 1013 946 1055 καὶ
967 1017 1028 1068 τῷ
1049 1013 1258 1068 Ῥωμανῴ
1278 1013 1352 1068 τὴν
1372 1012 1582 1068 βασιλείαν
1613 1011 1748 1065 dymi-
1764 1018 1794 1053 B

250 1096 364 1123 σαντι
395 1082 463 1136 ἔτη
496 1082 543 1130 ἒξ
573 1081 638 1123 ἐπὶ
670 1083 812 1135 εἴκοσι,
842 1083 1192 1138 μοναρχήσαντος
1224 1081 1269 1124 δὲ
1290 1082 1518 1124 τελευταῖον
1539 1080 1750 1127 ἐνιαυτοὺς

249 1149 556 1192 πεντεκαίδεκα.
618 1150 670 1205 ἦν
710 1150 756 1192 δὲ
791 1152 939 1205 μέχρις
975 1151 1255 1205 ἅποβιώσεως
1298 1151 1342 1192 ἒν
1384 1150 1518 1205 πολλῇ
1561 1149 1750 1204 φροντίδι
1763 1156 1810 1191 ‘22

250 1217 324 1273 τὴν
359 1221 432 1260 τοῦ
470 1218 767 1274 ἀρχιποίμενος
803 1220 1049 1273 καθαίρεσιν
1091 1223 1164 1261 τοῦ
1203 1218 1476 1261 Πολυεύκτου
1519 1219 1748 1272 τιθέμενος.

250 1285 405 1340 λέγεται
437 1286 483 1328 δὲ
512 1286 597 1341 πρό
628 1303 752 1329 τινων
783 1289 957 1342 ἡμερῶν
983 1292 1055 1343 τῆς
1076 1288 1206 1330 αὐτοῦ
1227 1288 1413 1343 τελευτῆς
1433 1288 1580 1334 λίθους
1601 1286 1750 1333 νυκτὸς
1763 1293 1810 1329 23

192 1360 236 1397 15
250 1354 456 1409 φέρεσθαι
485 1355 590 1410 μετὰ
621 1356 766 1410 ῥοίζου
797 1356 956 1398 πολλοῦ
989 1356 1094 1398 κατὰ
1126 1360 1211 1398 τῶν
1243 1357 1371 1398 αὐτοῦ
1410 1356 1633 1411 θαλάμων,
1679 1355 1750 1397 καὶ

251 1426 373 1465 τοῦτο
404 1425 645 1479 συμβαίνειν
676 1424 742 1466 ἐπὶ
772 1425 938 1472 πλείους
972 1425 1133 1474 νύκτας,
1164 1425 1236 1467 καὶ
1267 1425 1432 1479 νομίσαι
1461 1424 1540 1480 μὲν
1571 1424 1642 1466 τὸν
1670 1426 1748 1479 βα-

251 1491 363 1534 σιλέα
393 1493 510 1547 παρά
541 1509 665 1535 τινων
696 1493 945 1548 ἀνθρώπων
970 1494 1322 1536 λιθολει,νστεΐσθαι
1343 1492 1414 1534 καὶ
1433 1492 1614 1539 πολλοὺς
1634 1509 1748 1546 περι-

69 1565 106 1602 D
124 1565 177 1602 IV
192 1566 238 1603 72
252 1564 396 1616 στῆσαι
426 1565 510 1609 τοῖς
539 1561 770 1617 βασιλείοις,
803 1562 865 1610 οἷς
886 1563 1147 1618 ἔπιτετήρητο
1169 1562 1214 1605 τὸ
1237 1562 1468 1617 γινόμενον·
1502 1559 1589 1604 ἀλλ’
1613 1561 1750 1610 οὐδεὶς

250 1708 273 1745 4
299 1709 436 1756 τελευτὴ
464 1715 524 1746 τοῦ
548 1711 722 1756 βασιλέως
747 1712 1015 1748 Κωνσταντίνου
1041 1709 1142 1748 ACE

326 1853 343 1889 1
370 1853 496 1899 ἀρχαῖς
521 1853 569 1899 D,
596 1864 698 1891 corr.
725 1854 794 1893 Dw
891 1855 1161 1902 καθοπλησθειή
1189 1855 1236 1902 ρ*
1333 1854 1372 1890 δὲ
1398 1854 1434 1890 D
1539 1855 1562 1890 2
1587 1856 1748 1897 κυζύκου

322 1902 407 1944 (Sic)
432 1899 468 1936 A
565 1903 588 1938 3
612 1907 689 1942 πῶς
716 1902 748 1939 O
849 1902 1026 1949 ἕξωθήσει
1054 1901 1185 1948 BCDi,
1211 1903 1380 1948 ἕξωθὴση
1408 1901 1573 1949 AR(wp)
1671 1904 1748 1938 σκέ-

322 1963 425 1994 ψεται
451 1949 499 1992 D,
526 1960 628 1986 corr.
654 1950 722 1988 Dw
843 1951 866 1986 5
891 1951 1018 1997 ὀλίγων
1045 1950 1093 1998 p*
1215 1953 1237 1986 6
1262 1951 1335 1996 καὶ]
1363 1951 1413 1990 ὡς
1440 1950 1474 1986 D
1601 1952 1621 1987 7
1648 1951 1686 1985 δὲ
1714 1951 1747 1985 D

321 1997 344 2032 8
368 1996 430 2032 καὶ
455 1997 520 2032 δύο
544 2003 652 2044 μῆνες
679 1998 786 2044 Ewp,
811 1998 866 2034 ἐπὶ
891 1999 956 2034 ὀὺο
982 1999 1069 2044 μησὶ
1095 2001 1128 2036 0
1262 1999 1306 2034 10
1332 2002 1420 2044 post
1447 2004 1496 2043 τῷ
1524 1998 1614 2034 add.
1642 1999 1747 2033 λακα-

321 2050 424 2089 πηνιῇ
451 2045 549 2091 pr
657 2047 836 2091 βασίλειαν
862 2046 909 2093 p*
1021 2047 1062 2081 ll
1088 2047 1317 2092 μοναρχήσας
1343 2046 1413 2081 DE
1524 2047 1568 2081 12
1595 2050 1684 2092 post
1710 2046 1749 2081 δὲ

325 2092 417 2127 add.
443 2092 504 2127 καὶ
531 2091 686 2139 BwpDi
817 2093 862 2130 14
890 2098 981 2141 post
1004 2094 1126 2134 λίθους
1152 2094 1244 2130 add.
1269 2093 1420 2133 ,πολλοὺς
1447 2093 1560 2130 DWo
1586 2094 1651 2129 lat.

325 2139 368 2176 15
385 2140 548 2185 σφοδροῦ
565 2140 602 2176 D
681 2141 788 2177 αὐτοῦ
807 2140 951 2188 AEwp,
969 2142 1158 2188 βασιλείων
1177 2142 1284 2178 OWO
1303 2142 1368 2177 lat.
1454 2141 1498 2176 16
1516 2141 1657 2186 νύκτας]
1679 2147 1748 2176 τῶν

323 2192 464 2223 νυκτῶν
490 2188 521 2224 O
660 2189 704 2226 17
727 2188 825 2235 παρὰ
850 2189 947 2235 (παρ’
975 2189 1019 2234 C)
1047 2190 1194 2226 omisso
1221 2203 1325 2225 τινων
1351 2189 1382 2225 O
1518 2192 1608 2235 post
1633 2190 1748 2224 λιθολ.

323 2235 416 2271 add.
443 2241 547 2271 τινῶν
573 2237 605 2273 Ο
706 2237 750 2273 18
775 2237 826 2277 οἷς
851 2236 933 2281 AR,
960 2237 1031 2277 οἷος
1058 2237 1143 2284 w*p
1241 2237 1278 2272 τὸ
1303 2238 1483 2283 γινόμενον
1511 2247 1585 2273 om.
1614 2236 1643 2274 C

251 2383 295 2415 ut
322 2381 468 2423 ferunt,
497 2383 542 2415 ut
567 2380 824 2416 Theodorum
847 2380 1091 2427 Cyzicenum
1118 2381 1355 2417 conveniret
1380 2389 1470 2415 eum
1498 2390 1629 2426 eoque
1656 2380 1749 2415 ‹luli-

253 2427 423 2471 beraret,
464 2428 667 2473 quomodo
699 2428 962 2474 Polyeuctum
997 2428 1166 2465 ecclesia
1199 2429 1375 2475 pelleret.
1426 2427 1526 2463 Indo
1559 2428 1662 2463 malo
1694 2426 1811 2464 ,tr-20

253 2475 382 2511 fect-us
408 2475 449 2511 in
477 2476 631 2522 regiam
659 2476 763 2512 redit
789 2487 863 2512 nec
890 2477 1012 2512 inulto
1041 2481 1129 2522 post
1156 2482 1217 2512 est
1242 2475 1470 2519 defunctus,
1503 2476 1590 2511 sive
1615 2487 1665 2511 ex
1695 2477 1750 2511 in-

252 2522 444 2568 temperie
476 2524 668 2570 con-poris,
707 2525 794 2560 sive
827 2524 982 2560 insidiis
1017 2524 1082 2559 tilii
1118 2524 1309 2570 repetitis.
1360 2523 1469 2559 Vixit
1495 2533 1624 2559 annos
1650 2522 1749 2567 LIV,
1763 2521 1806 2557 21

252 2580 408 2606 menses
443 2570 564 2616 duos3
602 2572 793 2654 regnavit
828 2582 919 2607 eum
952 2576 1067 2618 patre
1096 2570 1234 2608 Leone
1269 2574 1309 2607 et
1335 2570 1568 2607 Alexandro
1603 2577 1748 2617 pat-ruo

251 2621 292 2653 et
309 2622 436 2654 matre
454 2628 583 2654 annos
601 2618 636 2654 X
681 2619 709 2663 Ι,
736 2630 826 2655 cum
849 2618 1027 2655 Romano
1047 2624 1221 2665 tyranno
1242 2618 1383 2662 XXVI,
1410 2623 1612 2664 postremo
1638 2618 1749 2654 solus

251 2664 333 2701 XV.
383 2664 462 2701 Sed
498 2676 629 2712 usque
665 2667 717 2702 ad
753 2668 861 2703 vitae
895 2668 1013 2703 tinem
1045 2667 1096 2702 (le
1123 2667 1359 2713 pontificatu
1386 2665 1607 2712 polyeucto
1634 2664 1810 2702 ahto-22

249 2711 388 2758 gando
422 2714 545 2750 anxio
580 2714 786 2761 cogitavit.
837 2714 988 2751 Ferunt
1025 2718 1157 2750 autem
1190 2714 1344 2760 aliquot
1371 2714 1515 2749 (liebus
1541 2717 1636 2750 ante
1662 2714 1749 2749 cius
1762 2712 1810 2748 23

251 2760 404 2796 obitum
438 2764 560 2797 noctu
595 2761 750 2809 lapides
777 2772 867 2798 cuin
895 2773 1044 2808 magno
1071 2761 1244 2798 stridore
1269 2765 1412 2798 eontra
1438 2762 1525 2797 eius
1552 2761 1750 2797 thalamos

249 2817 338 2843 osse
363 2807 537 2853 delatum
576 2809 685 2856 quod
712 2820 802 2846 eum
838 2810 1020 2856 pluribus
1054 2810 1240 2846 noctibus
1276 2810 1400 2854 fleret,
1439 2819 1576 2855 regem
1616 2814 1746 2844 ratum

249 2866 320 2891 eos
338 2855 389 2891 ab
412 2855 640 2893 hominibus
667 2857 909 2904 quibusdam
938 2858 1026 2902 iaci,
1053 2857 1198 2893 multos
1224 2857 1374 2893 circum
1402 2857 1557 2903 regiam
1583 2857 1670 2893 eius
1690 2857 1746 2892 rei

250 2903 534 2939 observatores
552 2905 787 2950 collocasse3
815 2915 948 2951 nequo
967 2915 1064 2942 vero
1083 2915 1201 2951 quem
1233 2914 1326 2941 uam
1347 2915 1435 2940 esse
1455 2905 1596 2948 visum,
1623 2915 1647 2939 a
1666 2914 1747 2950 quo

249 2951 522 2996 mitten-emtum
548 2952 658 2988 unde
683 2954 954 2990 existimatum
983 2963 1071 2989 esse
1098 2963 1178 2989 non
1234 2953 1290 2989 eri
1319 2951 1415 2988 illud
1442 2952 1685 2989 humanitus.
