1968 3302
265 195 312 241 ’96
623 192 804 242 Z‘ONAR.
832 194 962 240 ΕῬΙΤ.
990 192 1087 239 ΧΙῙῙ
1114 202 1171 249 20,
1200 192 1351 247 15-2'1',
1379 196 1412 242 1.

267 326 438 373 σκαλίας
458 326 837 381 προσαρμόττουσα
865 325 1027 380 (ἤλεγχε
1046 324 1125 379 γὰρ
1143 324 1272 380 αὐτὴν
1288 326 1314 380 ἡ
1333 327 1562 381 συνείδησις
1576 326 1769 383 τοιαύτην

267 394 414 450 οὖσαν)
462 395 610 450 ἒμηνία
654 395 725 436 καὶ
767 394 864 440 τοὺς
907 393 1075 447 θυμοὺς
1119 393 1277 441 ἒςέκαιε
1320 393 1425 435 κατὰ
1469 398 1542 436 τοῦ
1585 395 1769 449 μεγάλου

41 501 56 515 Β
133 468 182 517 {D
208 470 253 506 16
266 464 435 518 πατρός.
497 463 568 505 καὶ
598 464 731 511 πάλιν,
764 464 829 504 ἵνα
861 461 909 502 wi
943 462 986 503 ἓν
1011 462 1131 516 με’σῳ
1153 464 1294 516 παρῶ,
1326 463 1460 504 πείθει
1481 462 1552 504 τὸν
1575 464 1769 518 γαμέτην,

267 533 445 573 ἕλκουσα
478 536 625 573 τοῦτον
657 532 800 585 ὥσπερ
834 532 880 572 ἔκ
903 531 1122 585 φορβειᾶς,
1155 530 1383 584 ὑπερορίαν
1404 534 1477 572 τοῦ
1500 531 1620 585 ἁγίου
1642 547 1769 572 κατα-

209 609 253 644 17
266 601 549 655 ψηφίσασθαι.
611 599 682 640 καὶ
714 600 737 640 ὁ
768 599 846 653 μὲν
877 603 949 653 τῆς
981 599 1202 653 ἐκκλησίας
1224 599 1394 653 ἒξῶσῦη
1417 603 1678 653 τυραννικῶς
1699 600 1806 642 καὶὸ

267 670 324 715 εἰς
355 670 501 723 χώρας
533 668 714 722 ἀπήγετο
747 667 1034 713 ἐπικινδύνους
1074 667 1145 708 καὶ
1182 667 1238 713 εἶς
1275 668 1539 722 πορρωτάτω
1579 668 1772 722 κειμένας

209 746 254 782 18
268 738 469 792 ἐσχατιάς,
513 737 682 777 πολλῶν
719 735 933 790 πειραθεὶς
971 735 1078 777 κατὰ
1117 735 1190 790 τὴν
1230 735 1333 777 ὁδὸν
1365 736 1596 791 δυσχερῶν,
1642 738 1668 778 ἃ
1699 741 1772 792 τῆς

268 807 426 848 ἐκείνου
459 806 640 860 χρυσέας
672 805 854 859 γλώττης
887 805 930 846 ἕν
962 804 1190 850 ἐπιστολαῖς
1222 805 1372 852 ἔξεστιν
1401 805 1570 846 ἀκούειν
1603 805 1770 860 διηγου-

209 884 253 918 19
266 876 407 930 μένης.
468 874 728 928 καταντήσας
761 873 798 913 δ’
832 874 888 919 εἷς
920 873 1174 915 Κουκουσόν
1208 874 1406 915 κάκεῖθεν
1445 875 1502 920 εἷς
1537 873 1770 916 Πιτυοῦντα

268 942 549 997 ἀπαγόμενος,
583 942 626 983 ἓν
647 941 865 996 Κομάνοις
887 942 1109 996 γενόμενος
1139 942 1226 982 ἐκεῖ
1250 941 1323 996 τὴν
1353 942 1469 996 ζωὴν
1491 943 1771 997 ἒξεμέτρησεν,
1786 951 1832 987 10

269 1013 374 1053 ἐτῶν
406 1011 590 1066 γεγονὼς
623 1011 700 1052 δύο
731 1027 773 1052 τε
804 1010 875 1052 καὶ
906 1011 1175 1066 πεντήκοντα,
1209 1011 1530 1065 ἀρχιερατεύσας
1559 1016 1632 1066 τῆς
1652 1012 1930 1066 fiam-Dm-

207 1090 255 1124 2Ο
268 1081 380 1126 λίδος
410 1083 496 1121 τῶν
526 1080 693 1121 πόλεων
725 1080 792 1134 ἔτη
825 1080 943 1121 πέντε
974 1079 1083 1133 πρὸς
1113 1084 1174 1133 τῷ
1206 1080 1355 1134 ἡμίσει.
1418 1080 1497 1121 οὒκ
1525 1080 1771 1129 ἒπενύσταξε

267 1150 407 1204 μέντοι
434 1150 459 1203 ἡ
483 1149 578 1190 ’θεία
602 1149 711 1202 δίκη,
745 1148 847 1190 ἀλλὰ
869 1149 1031 1202 ταχέως
1061 1148 1242 1202 μετῆλθε
1273 1148 1346 1202 τὴν
1377 1149 1634 1202 τριτάλαιναν
1666 1149 1769 1191 ἐκεί-

0 1229 73 1266 PII
88 1227 183 1265 39A
209 1228 251 1263 21
269 1235 345 1273 νην
381 1218 632 1273 βασίλισσαν.
696 1218 819 1259 οὔπω
858 1217 937 1271 γὰρ
975 1221 1082 1271 τρεῖς
1118 1216 1342 1271 παρῆλθον
1386 1221 1516 1271 μῆνες
1557 1216 1661 1271 μετὰ
1700 1217 1772 1259 τὸν

269 1287 456 1328 θάνατον
477 1290 551 1328 τοῦ
573 1286 884 1340 Χρυσοστόμου
906 1285 1065 1340 πατρὸς
1086 1285 1157 1326 καὶ
1177 1285 1302 1339 βιαίῳ
1323 1286 1613 1339 περιπέπτωκε
1633 1285 1771 1341 μόρῳ.
1786 1291 1831 1331 15

210 1366 256 1401 22
269 1356 456 1411 κυούσης
488 1355 568 1410 γὰρ
599 1355 646 1397 τὸ
679 1356 866 1410 ἔμβρυον
896 1355 1087 1409 τέθνηκε,
1120 1353 1191 1395 καὶ
1223 1354 1371 1400 ὠδῖνες
1403 1354 1562 1409 ἐκείνην
1583 1358 1772 1409 συνεῖχον

271 1425 465 1479 δριμεῖαι’
499 1425 700 1470 σαπέντος
733 1421 769 1465 δ’
804 1423 925 1465 ἔνδον
957 1423 1116 1464 ἐκείνου
1149 1421 1220 1463 καὶ
1241 1423 1266 1477 ἡ
1289 1422 1418 1477 νηδὺς
1438 1426 1511 1478 τῆς
1535 1422 1774 1478 βασιλίσσης

271 1542 318 1579 14
342 1542 481 1589 τελευτὴ
508 1542 683 1584 Εὐδοξίας
709 1541 810 1578 ACE

343 1663 367 1698 4
391 1662 608 1709 ε’κφορβειὰς
634 1661 680 1707 A,
707 1661 748 1697 ἐκ
777 1663 948 1708 φορβειᾶς
974 1660 1077 1703 RDi,
1104 1660 1145 1696 ἐκ
1173 1661 1328 1707 φορβιᾶς
1354 1659 1456 1706 pr
1596 1660 1618 1696 6
1642 1675 1676 1706 χ.
1704 1674 1775 1696 κιν-

344 1711 515 1749 δυνώδεις
541 1710 693 1756 ἀπήγετο
721 1711 770 1749 εἴς
795 1724 830 1744 τε
857 1711 1076 1755 πορρωτάτω
1103 1709 1201 1755 pr
1307 1709 1327 1744 7
1354 1712 1444 1755 post
1471 1709 1656 1754 δυσχερῶν
1682 1709 1773 1744 add.

343 1773 379 1794 τε
405 1759 464 1794 καὶ
490 1759 660 1805 ἀλγεινῶν
686 1758 784 1804 pr
923 1759 944 1793 9
971 1757 1195 1792 κουκουσσὸν
1222 1757 1252 1791 Β
1391 1762 1578 1792 πιτυοῧντα
1604 1754 1773 1802 prDi,

343 1812 553 1852 πιτυροῢντα
578 1806 613 1841 Α
713 1806 758 1840 10
783 1807 889 1841 inter
915 1807 1100 1851 γενόμενος
1127 1809 1166 1840 et
1194 1805 1273 1840 ἐκεῖ
1295 1805 1368 1839 lac.
1394 1804 1452 1839 XI
1477 1805 1563 1840 fere
1589 1805 1707 1840 litter.
1733 1805 1775 1839 in

344 1855 387 1900 E,
415 1856 487 1890 lac.
507 1854 582 1890 XX
608 1855 694 1890 fere
721 1854 839 1889 litter.
866 1855 908 1888 in
934 1854 975 1897 Β,
1004 1854 1076 1889 lac.
1096 1853 1206 1889 XXV
1232 1854 1318 1888 fere
1344 1853 1462 1887 litter.
1488 1853 1531 1887 in
1557 1852 1586 1888 C
1685 1855 1775 1898 post

343 1901 1588 1991 Ξὲῗῗεὲἕὶεᾶιῗὲἒεῗοῗὲχᾞ(ῗίἔῖῦῖέηἶέΨεΡᾰαΡῖἰὲρῖᾸ-ῗςῖῗηζθίὀῗῗ
1615 1900 1775 1990 ³³E11¹²¹⁰5

391 1999 600 2044 ἐξεμέτρησε
626 1976 770 2043 Assem
798 2008 835 2032 v.
863 1961 915 2032 ald
932 1964 1097 2041 *x1}1²1‚
1125 1997 1146 2031 5
1216 1970 1288 2030 'ii
1315 1973 1349 2030 is
1374 1974 1451 2031 hm.
1478 1995 1553 2039 Bo,
1582 1959 1775 2041 x’r.¹{³01yi'1.

345 2047 363 2082 I
389 2048 422 2091 3,
445 2048 464 2081 1
564 2046 603 2081 δὲ
628 2049 723 2081 ante
749 2050 810 2091 τῆς
836 2045 928 2081 add.
948 2043 1106 2091 prDi
1206 2044 1250 2078 1⁶.)
1275 2043 1312 2078 τὸ
1338 2044 1454 2089 ἡμίσει
1481 2044 1512 2078 Ε
1611 2043 1656 2078 14
1681 2044 1775 2078 οὕτω

345 2095 393 2140 D,
421 2106 522 2131 corr.
544 2094 614 2132 Dw
725 2093 769 2128 16
796 2094 953 2138 κυούσης
978 2092 1024 2137 A,
1052 2093 1234 2137 τικτούσης
1261 2092 1359 2137 pr
1469 2092 1513 2127 17
1539 2092 1704 2130 σαπέντος
1729 2089 1776 2136 A,

345 2143 603 2189 διαφθαρέντος
629 2142 727 2188 pr
824 2142 1004 2188 βασιλίδος
1033 2140 1061 2177 C

214 2269 260 2304 16
274 2268 381 2301 mato
409 2267 551 2300 contra
576 2273 769 2309 magnum
798 2265 954 2308 patrem
980 2262 1113 2296 animo
1141 2261 1226 2296 irae
1252 2260 1371 2306 pleno
1402 2270 1554 2303 rursus,
1593 2262 1639 2294 ut
1670 2268 1776 2304 quae

273 2312 531 2349 intercedunt
567 2312 757 2355 omittam,
798 2309 1018 2356 persuadet
1051 2309 1207 2353 marito,
1249 2318 1367 2354 quem
1408 2308 1552 2353 quovis
1589 2307 1776 2342 trahebat

215 2365 259 2401 17
274 2362 387 2397 velut
413 2361 601 2406 capistro,
628 2362 674 2394 ut
699 2360 740 2394 in
768 2359 933 2394 exilium
960 2360 1142 2392 sanctum
1170 2357 1280 2391 illum
1302 2359 1410 2401 agat.
1461 2356 1510 2391 Et
1528 2355 1593 2390 ille
1611 2354 1774 2400 quidem

274 2419 327 2445 ex
354 2408 525 2444 ecelesia
551 2409 742 2443 extrusus
769 2410 809 2442 et
834 2407 875 2440 in
901 2409 1032 2441 terras
1059 2405 1260 2439 abductus
1287 2404 1535 2449 periculosas
1556 2408 1595 2439 et
1613 2403 1655 2437 in
1672 2402 1772 2446 loca,

215 2461 261 2496 18
275 2467 382 2503 quae
407 2456 549 2502 procul
576 2455 758 2499 aberant,
785 2458 975 2496 remotus,
1002 2452 1147 2487 multas
1175 2455 1367 2497 expertus
1394 2454 1454 2486 est
1476 2451 1516 2485 in
1537 2451 1682 2485 itinere
1702 2449 1774 2484 dif-
1951 2446 1968 2486 ’ἵε

274 2505 485 2548 fieultates,
512 2513 613 2548 quas
638 2503 744 2537 illius
770 2512 936 2537 auream
964 2501 1146 2545 linguam
1172 2500 1212 2534 in
1233 2499 1413 2545 epistulis
1432 2501 1665 2533 narrantem
1682 2497 1774 2532 licet
1958 2508 1968 2542 ς

215 2555 261 2591 19
275 2552 430 2588 audire.
479 2551 692 2586 Profectus
725 2550 830 2585 enim
864 2549 1068 2585 Cueusum
1100 2547 1276 2592 indeque
1307 2547 1539 2592 Pityuntem
1575 2545 1775 2580 abductus
1951 2552 1968 2583 154

276 2599 466 2636 Cumanis
491 2609 583 2634 cum
609 2600 854 2640 versaretur,
881 2597 1004 2631 vitam
1033 2595 1161 2629 finivit
1188 2605 1316 2629 annos
1346 2598 1466 2629 natus
1494 2593 1576 2638 LII,
1613 2593 1776 2627 functus

215 2651 263 2686 20
276 2647 515 2694 pontificatu
540 2647 710 2692 reginae
735 2645 898 2681 urbium
925 2653 1053 2678 annos
1081 2643 1260 2688 quinque
1288 2653 1379 2677 cum
1411 2641 1586 2676 dimidio.
1636 2640 1777 2685 Neque

275 2700 412 2730 tamen
444 2694 677 2730 dormitavit
711 2693 850 2728 divina
883 2691 1046 2735 iustitia,
1088 2690 1160 2725 sed
1193 2690 1375 2725 celeriter
1406 2699 1604 2735 aggressa
1630 2691 1690 2723 est
1715 2692 1777 2723 ter

216 2746 260 2782 21
276 2743 462 2777 miseram
481 2742 589 2777 illam
607 2741 804 2787 reginam.
853 2739 1042 2776 Nondum
1062 2738 1167 2773 enim
1188 2740 1269 2772 tres
1297 2738 1592 2782 praeterierant
1618 2745 1777 2771 menses

277 2793 368 2837 post
394 2793 560 2825 mortem
589 2789 863 2835 Chrysostomi
895 2787 1030 2834 patris,
1070 2795 1161 2821 cum
1187 2786 1229 2820 in
1254 2795 1423 2830 gravem
1456 2784 1595 2819 incidit
1627 2793 1776 2818 casum.

216 2841 264 2880 22
277 2837 484 2875 Gravidae
511 2838 618 2873 enim
643 2836 823 2873 mulieris
851 2836 985 2872 foetus
1007 2834 1187 2878 moritur,
1213 2833 1269 2868 ita
1287 2835 1331 2868 ut
1351 2832 1510 2868 dolores
1529 2841 1644 2868 acres
1662 2840 1778 2878 puer-

277 2896 418 2941 peram
444 2887 661 2934 vexarent3
699 2885 768 2933 qui
803 2893 893 2923 cum
926 2883 1036 2920 intus
1070 2883 1333 2930 putresceret,
1368 2880 1513 2928 regina
1544 2882 1661 2916 utero
1695 2888 1778 2917 cor-
