2054 3282
604 250 839 296 MICHAEL
867 256 996 296 AGIT
1021 258 1127 296 CVM
1151 257 1410 298 COMNENO.
1676 261 1747 299 663

252 378 398 433 ἡσθεὶς
429 377 506 421 οὖν
530 379 597 422 ἐπὶ
616 380 776 428 τούτοις
795 381 821 423 δ
841 380 1033 436 βασιλεὺς
1061 381 1196 424 πάντα
1226 382 1448 438 πληρῶσαι
1479 383 1558 425 ὅσα
1589 383 1747 431 ἐκεῖνος
1761 387 1806 424 13

250 449 400 503 ᾔτησεν
431 448 697 504 ἐπηγγείλατο
722 449 794 491 καὶ
813 451 1133 506 προσεπήγαγεν
1154 451 1215 493 ὅτι
1235 451 1410 506 “ὥσπερ
1432 452 1589 499 ἐκεῖνος
1610 452 1744 508 ἀπορ-
1758 456 1836 493 PII
1845 454 1958 494 267A

252 517 406 572 ρήτους
442 533 516 571 μοι
554 518 727 572 γνώμας
770 518 958 573 ἐδήλωσε
1001 516 1053 561 δι’
1093 519 1231 574 ὑμῶν,
1275 520 1412 567 οὕτως
1454 518 1580 567 αὖθις
1622 520 1744 575 κάγὼ

250 586 539 641 μυστικώτερά
577 602 664 628 τινα
705 587 852 641 ἐκείνῳ
896 586 963 629 διὰ
1006 590 1092 630 τῶν
1134 589 1275 631 αὐτῶν
1318 589 1443 643 ὗμῶν
1486 588 1743 644 ἀνατίθεμαι.

215 653 481 709 5διόμνυσθε
511 655 648 697 τοίνυν
678 655 822 710 τάνδρὶ
852 656 912 698 ὅτι
944 657 996 698 οὗ
1025 655 1195 711 μακρὸν
1233 658 1285 699 ἂν
1322 659 1382 713 εἴη
1414 656 1461 700 τὸ
1491 658 1622 712 μέσον
1654 658 1742 700 διά-
1760 662 1805 700 14

251 739 387 778 στημα
424 723 495 765 καὶ
532 716 797 779 συμμέτοχον
833 723 961 767 αὐτὸν
995 729 1068 767 τοῦ
1099 726 1281 780 κράτους
1311 726 1553 782 ποιήσομαι,
1597 730 1672 769 νῦν
1704 724 1742 769 δ’

250 792 537 847 ἀναβάλλομαι
566 796 688 835 τοῦτο
720 793 787 834 διά
815 809 902 834 τινα
924 794 1076 835 αἴτια.”
1136 795 1202 836 ἐπὶ
1222 795 1381 842 τούτοις
1403 795 1598 850 ἀπῆλθον
1618 794 1744 843 αὖθις
1758 801 1803 838 15

250 861 291 902 οἱ
318 861 579 915 πρεσβευταί,
611 859 682 902 καὶ
713 861 738 902 ὁ
769 861 996 916 Κομνηνὸς
1026 863 1207 917 ἄσμενος
1237 863 1309 911 τὰς
1340 864 1531 918 ἀγγελίας
1562 864 1742 913 ἐδέξατο,

249 928 321 970 καὶ
340 933 425 976 τοῖς
445 929 583 976 ἄλλοις
605 929 684 971 οὐκ
706 929 926 984 ἀποθύμια
948 929 997 972 τὰ
1027 931 1254 986 μηνύματα
1286 933 1437 981 ἔδοξαν
1467 932 1539 974 καὶ
1568 933 1742 987 μᾶλλον,

191 1003 238 1040 10
249 997 309 1040 ὅτι
344 1003 590 1054 μεταστῆναι
626 1001 712 1040 τῶν
744 999 993 1054 διοικήσεων
1022 999 1094 1042 τὸν
1125 1001 1478 1055 ἕγκεχειρισμένον
1509 1000 1637 1048 αὐτὰς
1666 1018 1742 1056 με-

247 1067 512 1122 μαθήκεσαν,
545 1066 616 1109 καὶ
647 1067 728 1123 ἤδη
761 1069 1004 1110 καταθεῖναι
1034 1067 1083 1110 τὰ
1115 1068 1223 1110 ὅπλα
1256 1069 1400 1118 ἔδοξεν
1431 1071 1559 1112 ἅπασι
1579 1069 1744 1125 καὶτῆς

247 1124 491 1190 τυραννίδος
527 1137 768 1191 ἀφέξεσθαι.
830 1137 855 1178 ὁ
884 1137 1119 1193 πρεσβύτης
1152 1137 1197 1180 δὲ
1227 1137 1419 1193 βασιλεὺς
1448 1138 1534 1193 πρὸ
1564 1142 1638 1181 τοῦ
1669 1138 1742 1186 τὰς
1758 1145 1802 1181 16

248 1205 474 1260 συμβάσεις
505 1205 622 1260 αὐτῷ
651 1204 760 1259 πρὸς
789 1205 861 1247 τὸν
892 1205 1121 1261 Κομνηνὸν
1153 1207 1358 1261 γενέσθαι,
1402 1206 1477 1262 τὴν
1515 1211 1588 1263 τῆς
1624 1207 1786 1250 πολι-Β

35 1275 73 1313 D
92 1275 147 1313 IV
168 1277 236 1313 190
246 1278 361 1330 τικῆς
389 1274 544 1329 μοίρας
575 1275 739 1316 εὔνοιαν
769 1274 1116 1330 περιποιούμενος
1147 1276 1297 1330 ἑαυτῷ,
1338 1276 1483 1329 ὥσπερ
1515 1277 1636 1331 ᾤετο,
1673 1277 1740 1331 ἔγ-

189 1348 233 1385 15
246 1342 413 1399 γραφόν
432 1359 467 1385 τι
489 1344 806 1398 συγγεγραφώς,
840 1344 984 1398 ὅρκοις
1005 1345 1297 1399 καταδεσμοῦν
1318 1343 1390 1386 καὶ
1414 1345 1536 1399 ἀραῖς
1566 1346 1742 1387 ἕκαστον

245 1412 352 1454 ὥστε
393 1412 498 1467 μήτε
540 1412 710 1467 βασιλέα
754 1412 925 1454 καλέσαι
961 1411 1033 1454 τὸν
1064 1411 1293 1468 Κομνηνὸν
1330 1413 1435 1468 μήτε
1473 1413 1594 1469 τιμὴν
1625 1414 1743 1470 αὐτῷ·

242 1481 479 1536 προσοίσειν
499 1481 718 1536 βασίλειον,
750 1480 847 1529 τοὺς
870 1481 949 1536 μὲν
979 1485 1064 1523 τῶν
1095 1481 1383 1537 συγκλητικῶν
1413 1483 1613 1538 χρήμασι,
1645 1482 1742 1531 τοὺς

245 1546 282 1592 δ’
321 1549 577 1605 ἀξιωμάτων
617 1550 848 1606 διανομαῖς,
893 1550 964 1593 καὶ
1007 1550 1158 1599 ἄλλους
1195 1550 1333 1598 ἄλλοις
1369 1550 1630 1607 θελκτηρίοις
1667 1552 1740 1595 ἀν-

244 1698 290 1734 12
321 1699 377 1734 οἷα
403 1698 481 1743 (ὅσα
508 1699 552 1741 E)
577 1698 766 1745 ἐγγράφως
798 1699 1011 1746 (ἐγγράφους
1038 1699 1082 1743 C)
1116 1699 1195 1740 τοὺς
1226 1700 1484 1747 συγκλητικοὺς
1514 1700 1690 1748 ἀπῄτησεν
1722 1701 1743 1737 ὁ

241 1745 405 1793 βασιλεὺς
429 1746 578 1793 Μιχαήλ
605 1749 695 1789 (om.
723 1747 769 1790 E)
797 1747 860 1784 OE

312 1889 335 1924 2
359 1888 669 1934 ᾔτησεν-ἐκεῖνος
696 1900 772 1925 om.
799 1889 830 1925 E
986 1890 1009 1925 3
1037 1894 1126 1935 post
1152 1889 1254 1935 κάγὼ
1282 1890 1373 1925 add.
1401 1890 1446 1925 δι’
1473 1891 1575 1935 ὑμῶν
1602 1889 1738 1944 DEwp

311 1937 336 1972 4
361 1937 567 1981 ἀνατίθεμαι
581 1937 684 1982 ὑμῶν
698 1937 794 1983 Ewp
891 1937 914 1973 5
940 1937 1059 1982 τάνδρὶ
1074 1936 1154 1982 AR,
1181 1938 1282 1983 ἀνδρὶ
1297 1937 1338 1982 Β,
1366 1942 1416 1973 τῶ
1433 1938 1535 1982 ἀνδρὶ
1553 1938 1739 1984 E(wpDz)

312 1985 335 2020 6
358 1985 501 2030 ποιήσαι
529 1983 564 2019 D
661 1990 724 2020 νῦν
750 1983 896 2020 ARWo
914 1985 993 2030 lat„
1019 1985 1083 2020 οὖν
1109 1985 1194 2031 w*p
1293 1986 1314 2021 7
1339 1986 1432 2021 αἴτια
1459 1996 1534 2021 om.
1553 1985 1601 2028 D,
1627 1985 1740 2021 αἰτίαν

312 2033 345 2068 E
441 2032 598 2078 ἀπῆλθεν
625 2031 660 2067 D
757 2032 780 2067 9
805 2033 906 2074 ἔδοξε
924 2032 959 2067 D
1059 2033 1104 2068 10
1126 2047 1223 2078 μεμα
1263 2033 1358 2068 ’κασι
1385 2032 1450 2069 ΒΟ
1549 2033 1591 2068 ll
1619 2033 1739 2075 ἔδοξεν

314 2078 482 2126 prDi,
510 2080 635 2121 ἔδοξαν
662 2078 696 2115 Α
795 2084 885 2126 post
909 2082 1035 2116 ἅπασιν
1061 2081 1162 2115 add.v
1180 2081 1231 2120 ὡς
1275 2081 1353 2125 lwp
1454 2081 1498 2115 13
1523 2080 1586 2126 τὴν
1611 2091 1687 2116 om.
1709 2081 1738 2116 E

314 2128 358 2164 16
374 2127 425 2174 μὴ
443 2127 483 2163 δὲ
500 2142 529 2163 τ.
545 2127 684 2174 E(wp),
700 2128 788 2174 μήτε
804 2128 877 2175 μὴν
895 2142 922 2164 τ,
938 2128 968 2163 Β
1069 2129 1112 2165 17
1128 2129 1303 2174 προςοίσει
1324 2127 1360 2163 D
1460 2129 1505 2165 18
1523 2129 1689 2174 διανομᾶς
1707 2128 1739 2165 Ε

241 2271 345 2308 datis
363 2271 511 2307 auditis
530 2271 754 2308 delectatur
772 2276 811 2308 et
825 2273 1011 2309 omnibus
1026 2273 1130 2309 illius
1146 2273 1358 2319 postulatis
1371 2274 1548 2319 acceptis
1565 2273 1588 2286 ‘'
1597 2272 1738 2315 Quem·
1756 2269 1800 2307 13

240 2319 457 2356 admodum
468 2319 490 2332 ”
514 2320 642 2365 inquit
669 2320 763 2355 “ille
791 2331 862 2366 per
879 2331 952 2356 vos
972 2321 1130 2356 occulta
1149 2320 1348 2366 quaedam
1367 2321 1461 2356 mihi
1480 2321 1737 2366 significavit,

241 2368 298 2403 ita
323 2378 401 2413 ego
432 2377 596 2413 quoque
623 2367 675 2403 illi
703 2379 775 2414 per
801 2368 963 2404 eosdem
990 2379 1064 2404 vos
1091 2369 1312 2404 occultiora
1335 2369 1543 2404 nuntiabo.
1594 2368 1738 2414 Itaque
1754 2364 1799 2402 14

241 2415 373 2450 virum
406 2415 639 2451 confirmate
672 2415 933 2451 iureiurando
966 2417 1073 2451 facto
1101 2426 1182 2452 non
1208 2416 1376 2451 multum
1402 2417 1594 2462 temporis
1620 2416 1738 2452 inter-

242 2473 460 2506 cessurum,
488 2463 584 2508 quin
613 2463 720 2498 illum
745 2463 942 2508 collegam
961 2464 1116 2509 imperii
1136 2464 1347 2508 asciscan13
1374 2473 1483 2499 nunc
1501 2474 1598 2499 vero
1618 2464 1737 2499 certis

243 2510 294 2546 de
312 2511 444 2546 causis
458 2510 498 2546 id
517 2510 696 2546 differo.'’
744 2510 855 2546 Haec
874 2521 946 2556 per
963 2511 1119 2556 legatos
1139 2512 1326 2547 nuntiata
1344 2510 1573 2547 Comnenus
1591 2510 1737 2557 cupide
1754 2508 1798 2544 15

243 2557 413 2602 admisit,
439 2569 514 2593 nec
540 2558 606 2593 alii
636 2558 750 2593 inviti
777 2563 1033 2604 acceperunt,
1074 2559 1309 2604 praesertim
1363 2558 1446 2594 uod
1472 2568 1607 2595 rerum
1633 2568 1737 2594 com-

242 2606 421 2641 munium
457 2606 710 2652 procuratori
753 2610 930 2652 potestas
968 2605 1083 2642 adem
1103 2611 1158 2642 ita
1196 2609 1312 2649 esset,
1366 2615 1512 2652 amque
1550 2606 1737 2642 omnibus

243 2652 447 2689 decretum
482 2658 568 2689 erat
603 2654 741 2699 positis
766 2654 888 2688 armis
915 2654 1076 2699 tyranni
1109 2664 1130 2689 e
1157 2654 1371 2689 abstinere.
1421 2652 1474 2689 At
1500 2663 1624 2689 senex
1651 2663 1735 2698 rex,
1754 2653 1797 2689 16

242 2701 476 2746 priusquam
515 2710 605 2736 cum
646 2700 852 2737 comneno
891 2712 954 2736 res
994 2701 1247 2746 transigeret,
1285 2705 1517 2746 togatorum
1557 2711 1658 2747 erga
1693 2711 1737 2737 se

242 2747 561 2791 benevolentiae,
587 2753 631 2784 ut
647 2749 826 2794 putabat,
854 2748 1155 2784 conflrnmndae
1174 2758 1298 2785 causa
1316 2749 1509 2795 seriptum
1532 2748 1736 2794 quoddam

242 2797 484 2839 confecerat,
525 2806 604 2842 quo
637 2796 820 2842 singulos
853 2796 1116 2831 iureiurando
1150 2807 1198 2831 ae
1225 2796 1322 2832 diris
1355 2796 1647 2842 obstringebat,
1686 2806 1738 2832 ne

242 2841 489 2879 Comnenum
517 2844 772 2879 nominarent
790 2854 927 2890 regem
946 2854 1050 2879 neve
1069 2845 1225 2889 regium
1246 2843 1437 2879 honorem
1457 2844 1493 2879 ei
1520 2843 1736 2889 deferrent,

243 2894 365 2936 atque
383 2895 591 2927 senatores
605 2891 705 2927 alios
724 2892 908 2937 pecunia,
935 2891 1034 2926 alios
1053 2890 1296 2935 dignitatum
1316 2891 1611 2937 largitionibus,
1637 2891 1738 2928 alios

244 2937 331 2974 aliis
357 2937 554 2975 illecebris
581 2939 806 2986 impulerat,
833 2943 878 2975 ut
915 2939 1212 2986 subscriptione
1237 2948 1313 2976 sua
1344 2949 1483 2976 earum
1513 2938 1737 2976 litterarum
