2054 3282
24 99 26 117 „A
24 0 49 59 ,Ἣ

482 242 726 282 ROMANVS
753 244 856 282 CVM
884 243 1038 282 FILIIS
1063 242 1240 281 REGNO
1265 240 1471 281 PVLSVS.
1651 242 1721 281 481

226 370 288 421 τῷ
331 366 523 421 ἀδελφῷ·
567 365 655 408 ἀλλ’
690 367 769 409 οὐκ
806 366 858 422 ἦν
895 367 1190 422 ὁμοφρονῆσαι
1227 365 1324 413 τοὺς
1362 369 1481 420 τρεῖς.
1543 366 1588 407 ἔν
1624 381 1724 407 τισιν
1738 371 1784 406 15

228 433 306 476 οὖν
344 435 585 490 διεφέροντο
623 435 695 477 καὶ
737 435 928 490 ἀλλήλοις
970 434 1204 489 ἀντέλεγον·
1248 434 1477 476 κάντεῦθεν
1520 434 1724 489 ἀλλήλους
1737 438 1773 473 D

46 506 84 544 D
100 506 152 544 1v
166 503 477 545 66ὖπώπτευον
513 503 585 545 καὶ
615 503 877 545 κατασπάσαι
908 507 980 559 τῆς
1010 503 1219 558 βασιλείας
1248 502 1320 545 τὸν
1350 502 1668 545 Κωνσταντῖνον
1699 503 1724 544 ὁ

225 571 446 627 Στέφανος
489 572 555 614 διὰ
599 572 825 627 φροντίδος
869 572 1025 614 ἐτίθετο
1069 571 1140 613 καὶ
1178 571 1204 614 ὁ
1243 572 1561 618 Κωνσταντῒνος
1599 570 1724 618 αὖθις

188 639 296 682 5τὸν
315 640 551 695 Στέφανον.
612 638 700 682 ἀλλ’
724 640 776 695 ἦν
797 640 822 682 ὁ
845 640 1160 687 Κωνσταντῒνος
1179 639 1289 695 πρὸς
1317 638 1496 695 τοῦργον
1527 639 1724 694 ὀξύτερος
1737 645 1783 681 16

222 709 346 757 πάνυ,
377 708 486 763 πρὸς
511 712 633 750 τοῦτο
654 709 725 750 καὶ
745 713 818 764 τῆς
840 708 1025 763 συζύγου
1042 708 1210 764 Ἑλένης
1231 708 1562 764 ἒπισπερχούσης
1582 708 1722 750 αὐτόν.

221 777 569 831 προσλαβόμενος
610 778 747 819 τοίνυν
790 777 864 818 καί
897 792 1008 823 τινας
1047 780 1133 818 τῶν
1169 780 1476 832 στρατιωτικῶν
1506 776 1724 832 ἀρχόντων
1738 782 1782 819 17

223 847 396 900 κατέσχε
426 845 496 887 καὶ
535 846 670 900 ἄμφω
710 844 808 891 τοὺς
848 844 1059 900 ἀδελφοὺς
1097 849 1443 899 συναριστοῦντας
1479 845 1609 900 αὐτῷ,
1653 845 1724 887 καὶ

223 914 371 955 αὐτίκα
402 914 474 955 τὸν
501 914 582 968 μὲν
612 915 670 960 εἷς
699 914 773 969 τὴν
809 918 937 969 νῆσον
977 913 1052 968 τὴν
1083 913 1320 968 Πάνορμον
1357 914 1635 962 ἐξαπέστειλεν
1679 913 1722 969 (ἡ

166 986 296 1024 1οτοῦ
321 982 556 1036 Ἀντιγόνου
588 983 691 1037 αὕτη
723 982 860 1036 ἐστίν),
903 981 974 1023 τὸν
1015 982 1059 1023 δὲ
1097 983 1154 1028 εἰς
1192 982 1266 1036 τὴν
1302 981 1568 1037 καλουμένην
1602 981 1723 1036 Τερέ-

221 1051 385 1105 βινθον,
417 1050 489 1092 καὶ
519 1049 746 1105 κληρικοὺς
776 1050 846 1092 καὶ
878 1051 1013 1104 ἄμφω
1047 1050 1274 1103 ἀπέκειρεν.
1336 1047 1403 1090 εἶτ’
1435 1049 1596 1091 ἐκεῖθεν
1625 1065 1722 1104 μετ-
1739 1057 1783 1092 18

223 1120 406 1174 αχθῆναι
445 1119 662 1174 μέλλοντες
698 1119 902 1174 ἐζήτησαν
940 1119 998 1164 εἷς
1040 1119 1141 1173 ὄψιν
1179 1118 1314 1160 ἐλθεῖν
1356 1123 1418 1172 τῷ
1459 1117 1603 1171 πατρί·
1649 1119 1812 1163 οὓςΡΙΙ
1824 1125 1936 1161 193Α

223 1188 329 1230 ῖὸὼν
359 1189 516 1234 ἐκεῖνος
547 1187 657 1229 εἶπεν
687 1187 835 1233 “υιόὺς
865 1188 1065 1243 ἐγέννησα
1106 1187 1177 1229 καὶ
1213 1188 1386 1241 ὕψωσα,
1431 1186 1548 1227 αὐτοὶ
1587 1187 1633 1228 δέ
1669 1203 1724 1241 με

222 1256 476 1312 ἠθέτησαν.”
522 1257 682 1298 ἐκεῖθεν
704 1255 781 1298 οὖν
803 1257 827 1297 ὁ
847 1256 926 1311 μὲν
949 1257 1170 1311 Στέφανος
1192 1257 1236 1298 ἐν
1258 1255 1546 1311 Προικονήσῳ
1567 1271 1721 1310 περιω-
1738 1263 1783 1298 19

164 1329 210 1365 15
223 1326 363 1380 ρι’σθη,
395 1325 594 1367 κάκεῖθεν
625 1326 682 1371 εἷς
698 1324 846 1367 Ῥόδον
877 1325 961 1366 κάκ
992 1325 1143 1380 ταύτης
1166 1325 1223 1370 εἷς
1244 1324 1485 1380 Μτυλήνην
1505 1324 1722 1379 μετετέθη·
1737 1330 1786 1368 W
1806 1331 1862 1366 ΙΙΙ
1879 1331 1949 1368 155

220 1399 282 1449 τῷ
314 1394 360 1435 δὲ
387 1393 692 1447 Κωνσταντίνῳ
723 1394 748 1449 ἡ
781 1393 1056 1448 Σαμοθρᾴκη
1088 1392 1368 1448 περιγραπτόν
1399 1393 1559 1447 ἐγένετο
1591 1392 1722 1447 ὅριον.

223 1524 268 1560 14
293 1525 498 1569 καθαίρεσις
525 1524 567 1559 ἐκ
594 1529 653 1570 τῆς
676 1524 853 1571 βασιλείας
877 1524 937 1560 καὶ
964 1529 1034 1559 τῶν
1059 1525 1149 1559 υἱῶν
1175 1529 1235 1559 τοῦ
1253 1524 1473 1568 Αακαπηνοΰ
1499 1522 1559 1557 καὶ
1582 1521 1721 1567 τελευτὴ

222 1572 338 1608 αὐτῶν
365 1573 426 1608 καὶ
451 1578 511 1608 τοῦ
535 1572 665 1617 πατρὸς
689 1572 807 1608 αὐτῶν
833 1571 874 1616 C,
907 1571 1046 1619 τελευτὴ
1073 1577 1144 1607 τῶν
1169 1573 1258 1607 υἱῶν
1282 1576 1343 1606 τοῦ
1370 1572 1590 1615 Λακαπηνοῦ
1615 1569 1721 1606 αὑτοῦ

221 1620 282 1655 καὶ
306 1625 365 1655 τοῦ
389 1620 518 1665 πατρὸς
542 1620 659 1655 αὐτῶν
688 1620 719 1655 Ε

296 1741 315 1775 1
342 1740 575 1786 ὅμοφωνῆσαι
603 1738 759 1786 EwpDi
867 1739 891 1774 3
916 1739 1134 1775 κατασπάσαι
1161 1738 1265 1783 ADss,
1292 1741 1513 1774 κατασπᾶσαι
1539 1747 1642 1772 corr.
1670 1747 1720 1772 ex

298 1787 519 1823 κατασπάσαι
541 1786 582 1832 C,
607 1792 823 1823 κατασπᾶσαι
841 1786 940 1833 pr
1038 1791 1133 1822 ante
1159 1786 1218 1822 τὸν
1243 1786 1335 1822 add.
1361 1786 1418 1820 τὸν
1443 1785 1603 1831 γαμβρὸν
1624 1784 1722 1830 pr

295 1835 330 1871 3.
356 1835 378 1870 4
404 1836 424 1870 ὁ
448 1835 617 1880 στέφανος
644 1845 720 1870 om.
748 1834 795 1879 D,
822 1838 913 1881 post
937 1835 1113 1881 βασιλείας
1140 1834 1232 1869 add.
1252 1834 1319 1872 Dw
1417 1834 1440 1868 5
1465 1834 1613 1878 τοῦργον
1639 1831 1720 1875 AR,

295 1882 444 1928 τοῦργον
470 1882 505 1917 Ι)
531 1885 584 1925 (v.
611 1882 664 1918 ad
690 1882 760 1918 XV
790 1884 820 1926 l,
851 1882 919 1927 12),
945 1882 983 1917 τὸ
1007 1883 1109 1928 ἔργον
1137 1881 1291 1928 EwpDz'
1465 1881 1487 1915 6
1515 1884 1605 1927 post
1629 1881 1720 1915 πάνυ

296 1930 552 1976 distinguunt
578 1929 717 1974 ARDi,
745 1934 834 1976 post
860 1935 959 1965 ιοῦω
987 1940 1199 1976 perperam
1226 1940 1289 1976 wp
1402 1929 1520 1974 ε’λένης
1546 1928 1626 1972 ΑΕ,
1652 1928 1720 1962 ἑλέ-

295 1992 358 2023 νης
385 1976 542 2022 Οὓννῦἱ,
569 1988 605 2013 v.
632 1977 685 2013 ad
709 1977 805 2013 XIII
836 1979 867 2022 l,
893 1978 916 2013 2
1037 1978 1132 2022 αὐτῷ
1159 1977 1206 2021 D,
1233 1988 1335 2012 corr.
1363 1975 1431 2015 Dw
1550 1977 1573 2010 9
1598 1976 1659 2020 τὴν
1684 1990 1721 2010 π.

296 2025 429 2070 ΑΕΒΟ,
456 2025 514 2060 τὸν
529 2039 565 2061 π.
584 2025 668 2071 w*p
766 2026 800 2060 9.
830 2026 873 2060 10
896 2025 1150 2066 ἐξαπέστειλεν·
1178 2025 1200 2070 ἡ
1226 2030 1287 2060 τοῦ
1311 2024 1492 2069 ἄντιγόνου
1517 2025 1604 2068 αὕτη
1630 2023 1721 2058 ε’σιίν

297 2073 345 2118 Α,
369 2074 391 2119 ἣ
418 2078 478 2108 τοῦ
503 2073 684 2118 ἀντιγόνου
710 2074 796 2118 αὕτη
822 2073 911 2108 ἐστὶν
936 2073 1149 2114 ἐξαπέστειλε
1176 2072 1221 2116 I),
1250 2073 1272 2118 ἣ
1298 2072 1357 2107 καὶ
1382 2071 1554 2116 ἀντιγονιά
1577 2071 1719 2116 λέγεται,

297 2121 513 2162 ἐξαπέστειλε
540 2131 614 2166 wp,
640 2120 854 2161 ἐξαπέστειλε
881 2121 1037 2156 omissis
1063 2120 1224 2166 ἧ-ἔστίν
1250 2120 1295 2164 R,
1323 2120 1373 2155 cf.
1399 2118 1470 2155 XV
1496 2119 1554 2161 28,
1580 2119 1626 2153 33

301 2169 344 2204 14
369 2169 554 2215 ἠθέθησαν
581 2168 629 2214 p*
726 2174 979 2207 κωνσταντΐνος
1006 2167 1052 2212 D,
1079 2168 1261 2213 Στέφανος
1287 2178 1390 2203 corr.
1409 2166 1475 2204 Dw
1577 2166 1620 2201 15
1644 2180 1721 2211 μει-

298 2217 401 2262 ετέθη
429 2220 519 2262 post
544 2217 670 2261 ταύτης
696 2215 728 2252 Ο
827 2217 871 2250 16
897 2216 918 2261 ἧ
945 2215 1174 2261 σαμοθρᾴκη]
1201 2215 1250 2253 εἰς
1275 2215 1523 2260 σαμοθριῖκην
1550 2213 1585 2248 D

226 2349 266 2381 et
291 2346 417 2381 fratre
444 2345 559 2390 regia
585 2345 723 2380 munia
750 2344 858 2379 obiit.
909 2342 1050 2389 Neque
1073 2353 1170 2378 vero
1191 2342 1320 2389 potuit
1341 2342 1441 2384 sieri,
1468 2345 1511 2377 ut
1530 2344 1611 2377 tres
1630 2351 1720 2376 con·
1735 2343 1781 2378 15

226 2394 440 2438 εειηὶιϊ.ῐιῐ;
473 2402 646 2438 cunique
673 2391 875 2427 nonnuliis
903 2392 940 2426 in
972 2392 1093 2426 rebus
1120 2390 1362 2426 dissiderent
1390 2393 1429 2425 et
1456 2391 1560 2424 intvr
1585 2400 1627 2424 se
1654 2389 1720 2424 ad-

227 2444 498 2484 versarentur,
533 2440 831 2486 suspicionibus
859 2439 966 2483 ortis,
1003 2438 1307 2474 Constantinum
1336 2437 1565 2483 Stephanus
1592 2447 1719 2482 regno

227 2488 375 2535 penei-e
402 2488 557 2523 studuit
582 2493 622 2523 et
647 2487 934 2523 Constantinus
960 2485 1220 2532 Stephanum.
1271 2484 1559 2521 Constantinus
1585 2488 1717 2520 tamen
1735 2486 1780 2521 16

226 2535 278 2572 ad
306 2545 388 2571 rem
418 2535 657 2582 patrandam
686 2535 808 2570 inuito
836 2534 1014 2578 coia-rior,
1040 2534 1159 2569 etiam
1180 2533 1334 2568 Helena
1360 2542 1489 2568 uxore
1515 2532 1719 2574 incitante,

226 2584 362 2619 ascitis
398 2583 639 2629 quibusdam
675 2582 914 2617 militaribus
951 2581 1176 2627 praesectis,
1220 2581 1360 2615 ambos
1399 2581 1544 2615 frati-os
1582 2581 1780 2617 secuml?

228 2631 472 2677 prandentes
498 2629 800 2677 comprehendit
826 2634 948 2675 atque
975 2629 1144 2664 alterum
1171 2629 1304 2663 statim
1324 2628 1362 2663 in
1382 2627 1553 2663 insulam
1574 2627 1719 2663 Panor-

227 2688 333 2714 mum
361 2688 433 2714 seu
459 2677 666 2724 Antigoni,
692 2677 861 2713 aiterum
884 2677 922 2712 in
942 2676 1243 2719 Terebinthmn,
1271 2685 1375 2721 quae
1396 2678 1576 2718 vocatur,
1602 2676 1720 2710 mittit

227 2730 267 2762 et
291 2729 508 2771 utrumque
534 2725 692 2761 tonderi
719 2725 906 2760 clericum
935 2724 1056 2759 iubet.
1110 2723 1223 2758 Unde
1250 2733 1340 2758 cum
1368 2722 1636 2758 transferendi
1663 2723 1781 2759 es·18

228 2777 327 2818 sent,
365 2774 404 2809 in
440 2774 564 2819 patrii-s
600 2773 738 2808 venire
772 2776 1031 2818 conspertum
1065 2770 1362 2812 desidet-aruum
1402 2779 1504 2815 qnos
1530 2780 1620 2805 culn
1658 2770 1719 2805 ilio

230 2820 406 2864 vidisset,
444 2819 625 2856 “Filios’'
654 2821 782 2866 inquit
807 2820 962 2865 “genui
996 2822 1034 2854 et
1068 2820 1209 2862 evexi3
1252 2819 1325 2863 ipsi
1360 2828 1457 2853 vero
1487 2827 1550 2852 ine
1581 2817 1631 2852 ad
1666 2819 1720 2852 ni—

229 2868 351 2904 hilum
371 2868 466 2904 rede
500 2867 654 2903 serumst·
691 2867 919 2913 Stephanus
940 2868 1063 2912 igitur
1083 2866 1390 2908 Proventu-sum,
1412 2864 1504 2899 inde
1525 2864 1718 2907 Rhodum,
1735 2866 1781 2901 19

229 2925 280 2952 ex
308 2915 448 2951 Rhodo
518 2916 694 2962 iternen
722 2921 782 2950 est
815 2914 1044 2957 translatus,
1084 2913 1347 2950 Constantino
1374 2912 1634 2949 Samothrace
1661 2917 1719 2948 est

300 2985 459 3016 zonara·
477 2985 629 3023 spatam
647 2985 707 3015 m.
1472 2972 1518 3009 31
