2066 3230
557 206 777 250 DIOGENI
802 171 1057 250 1MPERIV¹M
1081 205 1411 250 ABROGA'PVR.
1660 206 1730 250 705

235 329 468 388 Κρισπίνου
514 332 734 388 (Φράγγος
769 331 806 376 δ’
839 331 978 389 οὗτος)
1025 332 1100 376 σὺν
1137 334 1371 389 ὁμοφύλοις
1406 339 1469 388 τῷ
1499 332 1728 376 Κωνσταν-

235 402 348 456 τίνῳ,
392 402 417 444 6
447 402 646 457 Διογένης
681 401 913 457 Θεόδωρον
947 401 1019 444 τὸν
1048 402 1250 458 Ἀλυάτην
1288 406 1379 445 κατ’
1418 403 1559 445 αὐτῶν
1603 403 1728 451 ἐξαπ-

236 470 416 512 έστειλεν.
478 471 503 512 ὁ
532 470 578 512 δὲ
609 471 818 525 συμμίξας
849 471 988 517 αὐτοῖς
1018 471 1177 526 ἡττήθη
1209 471 1279 513 καὶ
1311 470 1439 518 ἁλοὺς
1470 471 1648 527 ἐξεκόπη
1680 471 1729 513 τὰ
1746 478 1790 513 10

236 539 418 593 ὄμματα.
479 542 600 580 τοῦτο
630 538 702 581 τὸν
733 539 906 594 Διογένη
938 539 1028 581 λίαν
1059 540 1244 594 ἠνίασεν·
1286 540 1371 582 ὄντι
1403 539 1448 582 δὲ
1480 540 1524 582 ἐν
1554 545 1616 595 τῷ
1650 540 1788 582 Τυ-11
1815 546 1847 581 Β

199 615 223 652 5
236 611 402 661 ροποιῴ
443 606 580 661 (τοῦτο
613 604 651 649 δ’
684 607 766 649 ἐστὶ
796 608 1004 662 φρούριον
1034 607 1330 663 ἐρυμνότατον)
1371 608 1582 663 πρόσεισιν
1613 609 1731 663 αὐτῷ

235 679 309 730 τῆς
333 675 580 730 Ἀντιοχείας
611 675 635 718 6
667 675 772 724 δούξ
816 674 957 731 (οὗτος
988 673 1025 718 δ’
1059 675 1111 731 ἦν
1142 677 1166 718 6
1198 677 1243 725 ἐξ
1267 677 1498 732 Ἀρμενίων
1529 677 1554 718 6
1584 676 1730 719 Χατα-

236 742 418 798 τούριος)
452 744 703 799 στρατιώτας
734 743 912 799 συχνοὺς
943 744 1213 799 ἐπαγόμενος.
1274 745 1539 800 παραλαβὼν
1563 745 1640 787 οὗν
1659 745 1731 788 τὸν
1746 753 1791 788 12

237 811 410 867 Διογένη
458 810 582 858 οὗτος
624 812 695 854 καὶ
738 813 796 858 εἷς
838 812 1028 854 Κιλικίαν
1071 813 1304 867 ἀπαγαγὼν
1347 813 1394 855 ἐκ
1436 818 1511 855 τοῦ
1555 813 1732 856 σουλτὰν

17 877 52 957 [y
43 895 53 918 θ
67 887 135 924 IV
153 887 224 924 218
238 880 489 935 ἐκαραδόκει
509 882 714 936 βοήθειαν
735 881 806 923 καὶ
827 881 953 927 αὐτὸς
976 881 1021 923 δὲ
1043 882 1296 936 συνήθροιζε
1317 882 1562 937 στράτευμα.
1618 882 1730 924 στέλ-
1745 891 1791 927 13

178 959 225 995 10
236 949 345 991 λεται
384 948 460 990 οὖν
497 948 623 996 αὖθις
659 950 750 991 κατ’
783 951 923 991 αὐτῶν
960 950 984 990 6
1015 950 1297 1005 πρεσβύτερος
1334 954 1420 992 τῶν
1455 950 1622 993 παίδων
1657 954 1731 992 τοῦ

238 1017 454 1072 Καίσαρος
489 1018 514 1059 6
544 1018 755 1073 πρόεδρος
779 1018 1049 1073 Ἀνδρόνικος
1085 1018 1156 1060 καὶ
1196 1020 1253 1064 εἷς
1283 1018 1473 1060 Κιλικίαν
1510 1019 1732 1074 γενόμενος

236 1091 298 1140 τῷ
318 1086 599 1142 Χατατουρίῳ
626 1087 915 1142 συρρήγνυται,
948 1087 1019 1129 καὶ
1041 1087 1262 1142 ἀναιρεῖται
1282 1087 1360 1141 μὲν
1382 1088 1406 1129 6
1428 1087 1731 1142 Χατατούριος,

237 1156 278 1196 οῖ
309 1155 354 1197 δὲ
384 1154 479 1209 περὶ
511 1156 669 1197 ἐκεῖνον
697 1157 754 1201 εἰς
771 1155 954 1197 ’Ἁδαναν
976 1156 1328 1210 συμπεφεύγασιν,
1360 1156 1465 1198 ἔνθα
1488 1157 1512 1197 6
1534 1157 1733 1211 Διογένης

239 1223 425 1278 διέτριβε.
486 1224 763 1278 περικαθίσας
803 1224 848 1266 δὲ
886 1224 960 1278 τὴν
995 1224 1115 1265 πόλιν
1146 1224 1171 1264 6
1197 1224 1465 1278 Ἀνδρόνικος
1501 1225 1731 1279 ἐπολιόρκει
1746 1234 1792 1269 14

178 1302 224 1339 15
237 1292 381 1347 αὐτήν.
442 1291 526 1333 εἶτα
558 1292 624 1334 ἐπὶ
655 1293 888 1347 συνθήκαις
919 1292 1068 1334 ἑαυτὸν
1100 1293 1124 1333 6
1156 1293 1354 1347 Διογένης
1383 1293 1651 1347 παρέδωκεν·
1690 1293 1734 1334 αῖ
1749 1303 1794 1338 15

238 1360 284 1402 δὲ
315 1361 537 1416 συνθῆκαι,
571 1361 811 1403 ἀποθέσθαι
842 1361 920 1415 μὲν
944 1360 1019 1416 τὴν
1039 1361 1249 1415 βασιλείαν
1271 1360 1398 1402 αὐτὸν
1418 1361 1489 1402 καὶ
1510 1361 1733 1403 ἰδιωτεύειν
1747 1372 1776 1408 C

235 1428 310 1484 τὴν
346 1429 464 1484 τρίχα
501 1430 759 1485 κειρόμενον.
821 1429 887 1471 ἐπὶ
918 1430 1083 1475 ταύταις
1114 1428 1194 1483 γὰρ
1225 1429 1297 1470 καὶ
1328 1429 1532 1484 ἀρχιερεῖς
1563 1429 1731 1484 ἐστάλη·
1749 1442 1792 1477 16

236 1512 315 1539 σαν
333 1497 443 1552 πρὸς
462 1501 536 1540 τοῦ
562 1498 866 1553 βασιλεύοντος,
897 1498 1191 1553 πληροφορίαν
1212 1499 1390 1553 ἔνορκον
1412 1498 1594 1543 διδόντες
1615 1499 1734 1552 αὐτῷ

238 1627 284 1663 14
308 1628 405 1666 ὅπως
429 1628 663 1674 κατεκλείσθη
687 1629 708 1663 ὁ
732 1628 896 1674 Διογένης
921 1628 982 1663 καί
1013 1627 1249 1673 ἐπολιορκεῖτο
1279 1628 1340 1664 καὶ
1370 1629 1422 1663 ὅτι
1453 1628 1509 1663 ἐπὶ
1536 1628 1734 1674 συνθήκαις

236 1676 445 1721 παρέδωκεν
470 1676 591 1711 ἑαυτόν
617 1675 647 1712 C

310 1795 334 1831 2
357 1795 528 1840 ἆλυιίττην
554 1795 661 1831 EWO
686 1795 764 1840 lat„
802 1795 956 1842 ἇλυάτην
986 1795 1018 1831 Ο
1051 1795 1211 1842 Scylitz.
1245 1807 1282 1842 p.
1308 1796 1388 1840 703,
1412 1796 1436 1831 2
1466 1795 1582 1832 Mieh.
1614 1794 1735 1831 Attal.

314 1854 349 1889 p.
367 1844 445 1887 170,
462 1844 517 1887 ll,
542 1843 684 1889 ἄλιάτην
701 1843 748 1888 A,
773 1844 926 1889 ἆλυάτην
944 1843 1015 1888 w*,
1040 1845 1205 1889 Αλυάτην
1224 1855 1259 1890 p,
1283 1844 1465 1889 Ἀλυάττην
1481 1843 1538 1878 Di
1633 1844 1656 1879 3
1678 1858 1736 1878 συ-

309 1892 526 1935 μι’ξας’(3ἰο>
552 1890 585 1926 Α
741 1891 764 1926 4
789 1892 949 1936 ὄιογὲνην
974 1891 1085 1937 pr,
1113 1903 1150 1927 v.
1177 1893 1230 1927 ad
1258 1902 1314 1927 vs.
1341 1894 1364 1926 8
1518 1891 1551 1927 δ’
1579 1890 1736 1937 prDi

312 1941 334 1973 b'
361 1939 603 1985 Λαχατούριος
622 1939 854 1974 nominatur
871 1950 896 1974 a
914 1939 1075 1984 Seylitz.
1096 1950 1133 1985 p.
1149 1939 1230 1983 703,
1244 1940 1302 1981 21,
1329 1939 1558 1984 Χατατούρης
1577 1950 1601 1973 a
1620 1939 1735 1974 Pseu.

313 1987 445 2032 p.285,
463 1988 516 2021 16.
542 1987 684 2031 286,13
783 1987 815 2023 7.
840 1988 863 2021 8
888 1986 988 2024 οὗτος
1014 1991 1109 2022 ssnte
1135 1987 1193 2022 τὸν
1217 1987 1246 2022 C
1343 1990 1366 2022 8
1393 1987 1554 2031 ὅιογένην
1580 1985 1737 2032 prDl'

316 2036 360 2070 10
384 2041 468 2080 γοῦν
495 2034 664 2080 BDEwp
780 2036 821 2069 11
849 2035 898 2072 εἰς
925 2044 999 2069 om.
1027 2034 1062 2068 D
1182 2035 1225 2069 12
1250 2039 1456 2080 χατατοινρῶ
1486 2034 1515 2069 Ε
1634 2047 1737 2078 προς-

313 2084 470 2128 μίγνυται
499 2082 680 2127 B(?)Ewp
780 2082 824 2116 13
849 2083 897 2120 εἷς
922 2082 1053 2117 ἅδαναν
1080 2092 1154 2117 om.
1183 2082 1223 2126 C,
1252 2083 1381 2127 suppl.
1409 2082 1470 2119 Cw
1578 2081 1620 2116 14
1644 2095 1738 2126 περι·

313 2131 465 2169 καθίσας
483 2130 522 2164 δὲ
547 2128 715 2176 prDl'‚
742 2130 802 2165 καὶ
818 2130 1051 2174 περικαθίσας
1070 2130 1112 2172 C,
1135 2131 1384 2174 παρακαθίσας
1402 2129 1442 2164 δὲ
1456 2129 1491 2164 Α
1593 2130 1635 2164 16
1660 2143 1738 2163 συν-

313 2179 423 2223 θῆκαι
450 2179 535 2219 (sic)
561 2177 607 2222 A,
635 2188 672 2214 v.
699 2177 751 2212 ad
770 2177 899 2213 XVIII
922 2178 975 2221 16,
997 2178 1037 2212 11
1139 2178 1183 2212 18
1208 2178 1361 2215 διδόντες
1379 2176 1424 2222 A,
1451 2177 1610 2215 διδόντος
1628 2176 1738 2222 pr‚

316 2237 352 2262 v.
379 2226 540 2272 Scylitz.
568 2237 605 2272 p.
631 2225 711 2269 704,
740 2226 784 2260 13

244 2368 335 2394 cum
361 2358 446 2394 suis
472 2357 738 2404 popularibus
764 2367 807 2392 se
833 2357 1044 2392 coniunxit
1063 2366 1152 2392 cum
1173 2355 1448 2401 Constantino,
1478 2355 1736 2392 Theodorum

243 2405 430 2452 Alyatcm
457 2410 599 2441 contra
626 2405 714 2440 illos
740 2405 856 2447 misit,
893 2405 956 2440 cui
994 2405 1100 2440 victo
1128 2407 1166 2439 ct
1194 2408 1313 2450 capto
1340 2405 1444 2439 oculi
1472 2408 1566 2439 sunt
1591 2405 1736 2440 effossi.
1752 2406 1798 2442 10

244 2454 290 2489 Id
327 2454 603 2489 molestissimo
640 2453 782 2488 ici-enti
811 2452 986 2497 Diogeni
1017 2456 1056 2487 ct
1083 2453 1122 2487 in
1149 2451 1578 2497 Tyropoeo,east‹110
1611 2452 1736 2487 muni·
1753 2455 1794 2490 ll

245 2502 407 2558 tissime,
445 2505 578 2537 castra
625 2501 788 2535 habenti
824 2499 1083 2535 Chataturins
1122 2498 1337 2535 Armenius
1375 2498 1614 2535 Antiochiae
1653 2499 1736 2535 dux

244 2560 287 2585 se
313 2550 488 2594 conium„
478 2549 524 2584 it
550 2549 684 2584 inultis
715 2548 900 2583 adductis
932 2547 1134 2590 militibus,
1172 2550 1462 2592 assumptoque
1488 2546 1673 2593 Diogene
1699 2550 1738 2581 et
1754 2549 1798 2584 12

244 2598 285 2632 in
304 2596 480 2633 Ciliciam
501 2597 708 2643 perducto,
735 2607 758 2631 a
777 2596 936 2631 sultano
963 2597 1173 2640 exspectat
1200 2594 1395 2630 auxilium
1423 2599 1463 2630 ct
1489 2596 1574 2640 ipsc
1600 2606 1620 2630 c
1625 2595 1738 2630 oiias

245 2645 406 2690 colligit.
458 2645 591 2687 Qum-c
631 2644 764 2680 denuo
803 2647 943 2678 contra
979 2654 1048 2678 (os
1080 2642 1249 2678 mittitur
1280 2646 1380 2678 natu
1411 2644 1610 2678 maximus
1625 2605 1737 2678 obae—
1753 2645 1798 2679 13

245 2694 346 2728 saris
372 2693 476 2727 iilius
503 2703 645 2738 praes«
642 2703 666 2726 s
685 2691 959 2734 Andionicus3
986 2691 1196 2725 commisso
1215 2694 1349 2725 autem
1369 2690 1409 2725 in
1429 2689 1567 2726 Cilicia
1586 2690 1737 2736 proelio

245 2744 286 2776 et
311 2739 547 2776 Chataturio
573 2741 718 2775 inicii(
723 2743 798 2782 cto,
825 2739 968 2773 militm-i
994 2738 1081 2773 eius
1107 2737 1158 2772 ad
1185 2737 1408 2782 Diogenem
1436 2736 1620 2773 Adanam
1648 2748 1737 2773 con-

248 2788 424 2844 lugiunt.
467 2788 594 2830 Quam
613 2788 715 2823 urb(
720 2798 754 2822 m
775 2786 1006 2821 Andronico
1027 2786 1248 2828 obsidento,
1269 2784 1474 2830 Diogenes
1493 2785 1738 2820 deditionem
1755 2786 1798 2822 14

9 2862 22 2886 ‘A
252 2836 348 2871 facit
374 2836 422 2870 iis
448 2835 766 2879 condicionibus,
794 2839 838 2870 ut.
857 2844 983 2878 icgno
1002 2833 1186 2879 deposito
1205 2843 1378 2878 rasaquc
1397 2843 1512 2868 coma
1539 2834 1738 2879 privatam
1756 2834 1798 2869 15

0 2870 23 2951 ἒς
249 2884 371 2919 vitam
399 2886 551 2928 ageret.
602 2882 701 2920 Nam
730 2882 906 2929 primarii
931 2881 1161 2916 sacerdotes
1181 2891 1204 2915 a
1224 2891 1320 2926 rego
1339 2880 1389 2915 dc
1408 2880 1612 2917 dmlltiono
1631 2880 1737 2916 missi
1756 2882 1799 2917 16

0 2951 24 2998 {ff
322 2954 479 2983 Zonarao
500 2955 649 2990 Epuome
671 2954 728 2983 111.
1494 2941 1540 2977 45
