2054 3282
340 165 404 200 182
692 163 872 201 ZONAR.
901 164 1030 199 EI'IT.
1058 164 1147 199 XIV
1180 163 1472 208 11,2Ο-12,11.

139 290 261 325 WllI
275 290 323 324 60
333 302 462 339 μενον
494 286 701 339 ἀθροίσας
734 286 842 326 νέων
874 284 944 325 καὶ
977 285 1254 338 σφριγώντοη)
1286 284 1470 338 ἀνδρῶν,
1504 284 1569 325 ἐπὶ
1598 291 1658 339 τῷ
1680 285 1830 326 ἑαυτοῦ

335 354 507 408 ὀνόματι
537 354 711 400 τούτους
742 353 1018 407 συνεκρότησε
1050 352 1297 406 στράτευμα,
1330 352 1400 393 καὶ
1432 352 1661 407 στρατηγὸν
1692 354 1833 399 αὐτοῖς

293 422 555 476 Οέπιστήσας
593 422 836 475 Μαυρίκιον
879 420 950 461 τὸν
987 420 1151 474 κόμητα
1189 424 1274 461 τῶν
1315 421 1579 475 φοιόεράτων
1616 421 1687 462 καὶ
1726 421 1831 462 ὑπο-

336 491 564 544 στράτηγον
596 490 775 544 Ναρσῆν
806 488 877 530 τὸν
916 488 1268 542 κουβικουλάριον
1308 489 1556 543 ἕκπέπομφε
1599 489 1705 530 κατὰ
1747 493 1833 531 τῶν

277 562 322 597 21
336 558 531 611 Περσῶν.
598 558 786 611 πολέμου
826 557 871 598 δὲ
909 558 1187 611 συρραγέντος
1224 556 1270 597 τὸ
1307 556 1544 611 Ῥωμαικὸν
1583 558 1869 613 ὕπερτέρησεὸ

338 627 569 681 στράτευμα
602 626 672 667 καὶ
703 625 842 671 πόλεις
873 629 958 666 τῶν
989 625 1226 679 βαρβάρων
1258 625 1329 666 καὶ
1360 625 1518 679 πολλὴν
1547 627 1694 680 χώραν
1716 626 1833 680 ἀφεί-

278 699 324 734 22
338 695 441 736 λετο.
504 695 826 747 ὑποστρέψαντα
860 693 905 734 δὲ
933 692 1005 734 τὸν
1028 693 1270 747 [ΙΙαυρίκιον
1301 693 1403 747 μετὰ
1437 699 1557 749 τιμῆς
1590 695 1613 735 ὁ
1645 694 1836 749 βασιλεὺς

337 764 564 811 ὑπεδέξατο
609 762 679 804 καὶ
723 762 928 816 κηδεστὴν
972 761 1037 803 ἐπὶ
1075 767 1124 817 τῇ
1161 762 1339 816 θυγατρὶ
1377 763 1672 817 Κωνσταντίνᾳ
1709 762 1836 804 αὐτὸν

279 835 324 870 23
338 831 572 884 ἐποιήσατο.
634 830 707 884 τὴν
741 828 777 871 δ’
809 831 953 885 ἑτέραν
974 830 1049 885 τὴν
1070 830 1246 885 Χαριτὼ
1278 836 1340 885 τῷ
1373 837 1591 885 στρατηγῷ
1620 832 1837 880 συνέζευξε

279 902 324 938 24
338 899 382 939 Γ
377 904 551 953 ερμανῴ
594 899 665 940 καὶ
702 899 837 953 ἄμφω
877 899 922 940 δὲ
953 900 1142 954 τετίμηκε
1174 900 1373 954 Καίσαρε.
1437 900 1552 953 νόσῳ
1585 899 1630 941 δὲ
1662 899 1836 954 φθινάδι
1853 903 1897 938 10

337 966 588 1021 περιπεσών,
629 968 673 1008 ἓν
709 973 770 1022 τῷ
806 968 1082 1022 τριβουναλίῳ
1121 969 1317 1023 φοράδην
1355 968 1622 1023 ἐκκομισθεὶς
1653 969 1741 1010 ἐκεῖ
1766 967 1837 1010 τὸν

340 1036 492 1076 οἰκεῖον
540 1035 733 1090 γαμβρὸν
780 1035 1022 1090 Μαυρίκιον
1069 1037 1362 1092 ἀναρρηθῆναι
1414 1037 1585 1091 βασιλέα
1636 1037 1838 1092 πεποίηκε

338 1103 549 1157 παρουσίᾳ
580 1108 654 1144 τοῦ
685 1105 946 1159 πατριάρχου
971 1105 1168 1146 Ἰωάννου
1201 1105 1272 1147 καὶ
1302 1110 1374 1161 τῆς
1406 1105 1639 1160 συγκλήτου
1669 1105 1837 1161 βουλῆς.

219 1177 253 1212 D
279 1177 325 1212 25
340 1172 452 1213 οὕτω
486 1169 523 1213 δ’
558 1172 640 1214 ὑπὸ
677 1178 749 1228 τῆς
786 1174 914 1215 νόσου
952 1175 1221 1228 κατείργαστο
1261 1175 1321 1220 ὡς
1357 1174 1466 1229 μηδὲ
1505 1174 1712 1216 δύνασθαι
1754 1178 1839 1220 τοῖς

340 1240 664 1295 συνειλεγμένοις
686 1242 894 1296 ὁμιλῆσαι·
929 1242 992 1283 διὸ
1019 1243 1090 1284 καὶ
1121 1243 1186 1284 διὰ
1220 1247 1387 1297 γραφῆς
1418 1243 1578 1288 τούτοις
1609 1242 1655 1283 τὸ
1688 1243 1838 1284 ἑαυτοῦ
1856 1247 1899 1282 15

281 1315 327 1350 26
340 1309 572 1363 παρέστησε
593 1309 804 1364 βούλημα.
866 1311 1137 1365 ὑποστρέψας
1159 1308 1196 1352 δ’
1221 1311 1382 1352 ἐκεῖθεν
1404 1312 1460 1357 εἰς
1481 1310 1529 1352 τὰ
1561 1311 1744 1366 βασίλεια
1766 1311 1840 1366 τὴν

342 1377 460 1431 ζωὴν
482 1378 739 1432 ἒξεμέτρησε,
772 1379 1021 1433 βασιλεύσας
1046 1380 1113 1434 ἔτη
1136 1380 1240 1434 τρία,
1273 1385 1411 1434 μῆνας
1444 1380 1545 1421 δέκα
1578 1379 1649 1421 καὶ
1681 1381 1842 1435 ἡμέρας

343 1445 468 1487 ὀκτώ.

345 1623 391 1658 10
415 1624 605 1670 ἀνάρρησις
622 1626 831 1670 Μαυρικίου
850 1627 1055 1671 (μαβρικίου
1075 1626 1120 1668 Ε)
1140 1626 1199 1661 καὶ
1223 1627 1382 1671 Τιβερίου
1402 1625 1540 1670 τελευτή
1561 1625 1623 1662 ΟΕ
1725 1626 1767 1661 18
1793 1640 1842 1661 τε·

344 1671 445 1718 λευτὴ
476 1673 653 1718 Τιβερίουζ
681 1673 749 1708 Καὶ
775 1674 1000 1718 ἀναγόρευσις
1026 1679 1085 1720 τῆς
1110 1674 1290 1719 βασιλείας
1317 1674 1526 1718 ῘῑῙαυρικιόυ
1552 1672 1587 1708 A

422 1849 435 1883 l
463 1851 557 1884 ante
583 1849 672 1884 νέων
699 1849 791 1884 add.
818 1849 838 1884 ὁ
861 1849 1024 1895 βασιλεὺς
1052 1850 1148 1895 pr
1242 1850 1330 1884 νέων
1357 1850 1417 1884 καὶ
1443 1850 1676 1894 σφριγώντων
1701 1850 1842 1894 ἀνδρῶν

417 1895 564 1942 ΑΕΨῙ),
589 1896 680 1931 νέων
706 1897 848 1941 ἀνδρῶν
876 1898 906 1932 (s)
1030 1903 1089 1932 τοῦ
1116 1898 1212 1942 Ewp
1335 1898 1357 1932 3
1381 1899 1573 1943 μαβρίκιον
1600 1898 1631 1932 Ε
1659 1897 1730 1941 (Sic
1756 1899 1842 1933 fere

418 1947 661 1988 constanter,
691 1955 728 1979 v.
753 1945 805 1979 ad
832 1944 922 1979 XIV
953 1945 1007 1989 12,
1033 1946 1093 1986 38)
1204 1945 1272 1980 ὑπὸ
1297 1946 1487 1990 στρατηγὸν
1512 1946 1542 1980 Ε
1663 1945 1687 1980 4
1711 1945 1843 1991 ναρσὴν

418 1993 504 2034 (sie)
531 1990 576 2036 A,
603 2003 640 2027 V.
669 1992 721 2026 ad
746 1992 838 2027 XIV
864 1993 896 2036 8,
923 1993 967 2027 21
1082 1998 1151 2027 τῶν
1179 2004 1253 2028 om.
1281 1993 1317 2027 D
1429 1993 1451 2027 8
1477 1994 1713 2038 κωνσταντίνῃ
1740 1992 1841 2038 pr

420 2040 465 2074 10
489 2041 659 2084 καίσαρας
687 2040 784 2085 pr
885 2041 926 2075 11
954 2040 1044 2076 κατὰ
1070 2041 1107 2075 τὸ
1133 2041 1377 2085 τριβουνάλιον
1404 2040 1434 2076 O
1535 2041 1578 2076 12
1603 2042 1734 2076 οἰκεῖον
1757 2054 1842 2086 γαμ-

416 2087 503 2132 βρὸν
529 2098 604 2123 om.
632 2087 728 2133 pr
884 2089 1079 2134 μαβρίκιον
1105 2089 1146 2132 Ε,
1175 2100 1212 2123 v.
1238 2100 1296 2124 vs.
1323 2090 1345 2124 3
1497 2089 1540 2123 13
1564 2089 1738 2133 παρουσία
1763 2087 1842 2132 ΑΕ,

418 2136 588 2180 παρόντος
615 2135 712 2181 pr
810 2136 870 2171 καὶ
888 2141 948 2181 τῆς
966 2137 1162 2182 συγκλήτου
1187 2137 1319 2182 βουλῆς
1346 2135 1492 2182 AEwp,
1518 2136 1582 2172 σὺν
1599 2142 1640 2182 τῇ
1658 2136 1842 2182 συγκλήτῳ

417 2183 530 2229 βουλῇ
555 2183 617 2226 (Ο)
717 2182 762 2218 14
787 2183 826 2218 δὲ
852 2183 899 2229 p*
925 2185 1062 2219 invitis
1088 2183 1197 2219 ARw

288 2359 329 2393 21
347 2359 516 2396 Narsete
532 2360 781 2396 cubiculario
809 2361 946 2396 addito
961 2361 1097 2407 legato
1125 2365 1266 2396 contra
1282 2361 1425 2396 Persas
1451 2361 1669 2406 ablegavit.
1697 2360 1843 2406 Pugna

349 2409 561 2443 commissa
587 2408 794 2444 Romanus
821 2409 974 2454 proelio
1005 2410 1135 2444 victor
1173 2409 1317 2443 multas
1343 2409 1465 2443 urbes
1493 2410 1532 2443 et
1556 2408 1725 2443 multum
1753 2409 1843 2454 agri

288 2454 335 2490 22
348 2455 534 2491 barbaris
561 2456 721 2492 ademit.
772 2455 1010 2492 Mauricium
1037 2467 1245 2491 reversum
1284 2467 1357 2491 rex
1385 2455 1601 2490 honorifice
1628 2456 1779 2501 exeipit
1805 2459 1844 2491 et

288 2502 334 2537 23
349 2503 550 2549 desponsa
565 2503 830 2540 Constantina
855 2504 935 2539 filia
961 2514 1159 2550 generum
1173 2504 1342 2538 asciscit.
1392 2502 1571 2538 Alteram
1587 2502 1844 2539 Charitonem

350 2550 443 2586 duci
470 2550 673 2587 Germano
699 2552 740 2586 in
766 2552 1066 2587 matrimonium
1094 2551 1204 2586 dedit
1229 2555 1268 2586 et
1294 2554 1512 2595 utrumque
1539 2550 1752 2586 Caesarem
1780 2551 1844 2587 de-

289 2597 335 2632 24
350 2598 538 2643 signavit.
590 2598 688 2634 Cum
727 2602 864 2635 autem
903 2599 998 2635 tabe
1035 2599 1250 2643 laboraret,
1289 2599 1431 2634 lectica
1469 2599 1509 2632 in
1545 2598 1722 2633 tribunal
1758 2609 1844 2644 per-

348 2646 453 2681 latus
479 2645 717 2682 Mauricium
744 2657 940 2693 generum
955 2646 1196 2692 proclamari
1222 2646 1337 2681 iussit
1362 2656 1500 2692 regem
1528 2656 1662 2680 eoram
1690 2645 1844 2682 Ioanne

290 2692 335 2727 25
350 2694 581 2738 patriarcha
616 2697 655 2729 et
693 2694 876 2740 patlibus
903 2695 1150 2740 conscriptis,
1190 2694 1329 2729 morbo
1368 2693 1423 2728 ita
1463 2695 1682 2737 confectus,
1721 2696 1766 2728 ut
1802 2693 1843 2728 in

351 2741 519 2777 coneilio
538 2752 589 2777 ne
609 2742 736 2777 verba
751 2742 912 2798 quidem
931 2745 1066 2787 posset
1083 2742 1238 2784 facerez,
1265 2751 1391 2797 quare
1409 2741 1596 2786 scriptam
1624 2741 1671 2775 iis
1688 2744 1845 2776 senten-

290 2787 336 2822 26
351 2788 446 2823 tiam
475 2798 588 2824 suam
617 2790 838 2835 proposuit.
889 2789 1002 2824 Illinc
1028 2799 1216 2824 reversus
1242 2789 1451 2833 inregiam
1466 2791 1638 2823 naturae
1666 2788 1845 2826 debitum

351 2835 556 2880 persolvit.
606 2836 809 2882 Regnavit
836 2847 965 2873 annos
992 2841 1083 2882 tres,
1110 2847 1267 2872 menses
1295 2837 1444 2881 decem,
1472 2836 1556 2871 dies
1584 2841 1684 2872 octo.
