1968 3302
252 211 604 252 CONSTANTINI
629 209 932 256 BAPTISMVS,
959 203 1231 248 SILVESTRI
1257 207 1578 246 MIRACVLVM.
1645 206 1668 243 9

167 337 361 384 κάκεῖνός
397 352 461 379 σοι
498 335 569 378 καὶ
605 336 678 391 τὴν
715 335 852 390 λύμην
888 334 1078 376 ἀκέσεται
1119 338 1192 388 τῆς
1235 332 1396 387 σαρκὸς
1438 332 1510 375 καὶ
1554 333 1669 388 ζωῆς

167 408 418 462 ἀνωλέθρου
440 405 688 455 καταξιώσει
710 405 800 447 σε.”
861 403 928 446 ε’πὶ
957 404 1117 450 τούτοις
1149 404 1173 446 ὁ
1204 403 1396 459 βασιλεὺς
1427 407 1500 445 τοῦ
1533 404 1668 445 ὕπνου
1684 410 1730 446 10

167 476 404 532 ἀνενεγκὼν
435 476 584 518 στέλλει
615 474 712 521 τοὺς
742 474 1153 529 μεταπεμψομένους
1178 473 1253 516 σὺν
1275 473 1392 515 αἰδοῖ
1406 472 1478 515 τὸν
1500 473 1667 515 ε’πίσκο-

166 563 259 588 πον.
321 546 392 588 καὶ
421 545 755 601 παραγενομένῳ
786 549 848 598 τῷ
880 544 983 598 ἱερῷ
1003 542 1247 598 Σιλβέστρῳ
1278 542 1403 584 “ει’πέ
1432 543 1542 597 μοι”
1573 543 1667 597 ἔφη,
1685 549 1727 584 11

7 614 413 658 111177“ἒπίσκοπε·
460 615 768 670 θρησκεύονται
805 611 906 668 παρ’
939 613 1039 668 ὑμῖν
1069 612 1164 655 θεοὶ
1194 611 1361 667 Πέτρος
1390 612 1462 654 καὶ
1493 610 1670 658 Παῦλος

133 684 532 739 66νομαζόμενοι;”
569 684 594 726 ὁ
626 684 672 726 δὲ
703 683 797 729 “εἶς
827 684 927 738 ἡμῖν
958 681 1060 729 θεὸς
1091 681 1371 735 γινώσκεται”
1402 681 1668 735 ἀπεκρίνατο,
1685 689 1729 724 12

168 751 360 808 “Πέτρος
392 753 438 796 δὲ
465 753 536 795 καὶ
557 753 733 799 Παῦλος
754 752 1012 806 θεράποντες
1034 751 1194 793 ἐκείνου
1216 750 1288 792 καὶ
1311 750 1510 805 ὑπηρέται
1531 747 1669 791 εἷσίν.”

169 823 265 878 ἑξῆς
296 821 373 864 οῦν
404 822 429 864 ὁ
459 821 652 877 βασιλεὺς
684 822 878 876 διηγεῖται
910 821 1027 875 αὐτῷ
1058 819 1105 862 τὸ
1137 819 1342 868 ἐνύπνιον,
1383 819 1456 861 καὶ
1485 819 1532 861 τὸ
1564 815 1667 861 καθ’
1686 819 1729 854 13
1755 818 1785 856 C

169 892 281 946 ἡμᾶς
311 888 412 946 παρ’
446 892 575 933 αὐτοῦ
606 894 767 946 μυεῖται
787 891 1017 945 μυστήριον
1038 889 1108 930 καὶ
1129 889 1378 943 βαπτίζεται.
1426 888 1498 930 καὶ
1519 888 1670 930 ἄνεισιν
1686 889 1730 925 14

110 966 156 1002 10
169 961 217 1003 ἐκ
247 965 320 1016 τῆς
349 964 567 1015 παναγοῦς
598 959 907 1014 κολυμβήθρας
939 958 1057 1013 ὑγιὴς
1089 958 1200 1011 ὅλος,
1245 957 1316 999 καὶ
1347 958 1494 999 αὐτίκα
1527 957 1670 999 ἄδειάν

166 1046 208 1072 τε
239 1030 430 1085 κηρύττει
460 1033 708 1085 χριστιανοΐς
738 1029 810 1070 καὶ
840 1027 937 1074 τοὺς
968 1027 1096 1074 ναοὺς
1118 1027 1256 1081 σφίσιν
1278 1027 1578 1069 ἀναπετάννυσι
1599 1025 1670 1067 καὶ

166 1100 288 1146 νέους
319 1099 481 1154 ἐφίησιν
512 1098 810 1153 ἀνεγείρεσθαι.
863 1097 984 1139 κλείει
1017 1096 1062 1138 δὲ
1092 1097 1324 1151 τοῦμπαλιν
1345 1095 1393 1137 τὰ
1415 1096 1562 1151 τεμένη
1585 1098 1670 1137 τῶν
1687 1097 1730 1133 15

167 1168 470 1223 ψευδωνύμων
500 1168 631 1220 θεῶν,
680 1166 819 1212 ἀδεῶς
849 1182 890 1208 τε
922 1167 1107 1215 θεσπίζει
1137 1167 1352 1221 προσιέναι
1383 1164 1480 1211 τοὺς
1516 1165 1668 1220 βουλο-

167 1237 323 1291 μένους
352 1241 402 1292 τῇ
431 1237 559 1278 πίστει
590 1240 663 1278 τοῦ
685 1234 886 1290 Χριστοῦ.
939 1236 1159 1290 βιάζεσθαι
1180 1235 1258 1291 μὲν
1280 1235 1360 1290 γὰρ
1383 1235 1536 1277 οὐδένα
1559 1235 1670 1289 ἔλεγε
1686 1236 1730 1271 16

110 1312 156 1348 15
167 1306 408 1361 βούλεσθαι,
455 1304 551 1352 τοὺς
584 1302 620 1347 δ’
655 1304 827 1351 ἑκόντας
863 1305 1222 1359 προστιθεμένους
1257 1309 1319 1359 τῷ
1351 1303 1526 1359 Χριστῷ
1563 1304 1669 1345 ἀπο-

170 1374 377 1430 δέχεσθαι.

282 1443 336 1486 εΟ
364 1444 443 1499 μὲν
474 1443 551 1486 οὖν
583 1443 696 1485 οὕτω
727 1447 777 1499 τῇ
808 1444 937 1485 πίστει
969 1447 1042 1485 τοῦ
1065 1442 1253 1497 Χριστοῦ
1284 1443 1591 1498 προσελήλυθε·
1624 1441 1670 1484 τὸ
1687 1444 1730 1481 17

167 1514 367 1570 κήρυγμα
399 1510 437 1555 δ’
468 1513 714 1555 ἐπλατύνετο
735 1512 807 1555 καὶ
827 1513 1040 1568 παρρησία
1063 1516 1147 1559 τοῖς
1168 1512 1475 1568 χριστωνύμοις
1497 1512 1670 1555 ἐδίδοτο.

242 1693 262 1728 1
289 1693 350 1729 καὶ
375 1695 487 1740 prius
516 1704 590 1730 om.
606 1694 638 1729 E
736 1694 768 1729 1.
794 1694 817 1729 2
842 1693 905 1739 τὴν
917 1694 1033 1740 λύμην
1049 1713 1093 1719 -
1109 1693 1320 1735 καταξιώσει
1334 1693 1386 1739 σε]
1415 1693 1477 1729 De
1493 1693 1670 1730 ehiasmo

241 1752 279 1777 v.
306 1741 359 1777 ad
383 1741 480 1778 XIII
506 1741 538 1787 2,
562 1741 585 1777 6
696 1741 719 1777 4
745 1743 834 1787 ἱερεῖ
855 1742 886 1778 Ε
1000 1742 1022 1778 6
1048 1742 1255 1788 γινώσκεται
1283 1753 1358 1778 om.
1384 1741 1413 1778 C
1529 1742 1551 1778 8
1575 1743 1615 1785 ἐξ
1631 1748 1672 1789 ῆς

1476 1804 1526 1834 μυ

241 1826 327 1869 (Sic)
354 1826 389 1862 A
558 1826 580 1862 9
605 1827 698 1872 ἡμᾶς
726 1826 822 1873 pr
838 1825 905 1869 Di,
943 1827 1034 1871 ὑμᾶς
1061 1826 1095 1862 Α
1263 1827 1459 1872 μυστήριον
1484 1834 1612 1863 νοεῖται
1641 1828 1672 1863 Ε

243 1875 288 1909 10
311 1876 480 1920 παναγίας
505 1875 536 1910 Ε
660 1875 706 1910 10
730 1875 809 1914 ὅλος
834 1874 934 1920 ὑγιὴς
959 1875 990 1910 Ε
1125 1875 1164 1910 11
1194 1875 1317 1920 σφίσιν
1343 1875 1441 1921 pr
1457 1875 1523 1919 Di,
1551 1882 1673 1922 σφΐσιν

242 1921 287 1966 Α,
314 1925 360 1959 ut
386 1923 488 1958 solet
683 1923 782 1962 νέους
810 1923 856 1966 D,
884 1924 970 1962 ἴσως
997 1923 1083 1965 (sie)
1110 1922 1215 1962 ναοὺς
1242 1923 1312 1962 Dm
1503 1925 1547 1960 13
1571 1939 1673 1969 προς·

241 1971 326 2006 ιὲναι
353 1972 508 2012 θεσπίζει
537 1970 634 2016 pr
746 1970 792 2006 14
817 1976 878 2006 τοῦ
904 1970 983 2015 ΑΕ,
1011 1977 1053 2017 τῇ
1077 1976 1138 2007 τοῦ
1165 1970 1263 2017 pr
1373 1978 1520 2017 χριστοῦ
1548 1983 1623 2008 om.
1643 1972 1672 2009 C

287 2018 352 2063 μὲν
378 2029 454 2055 om.
481 2018 510 2055 C
586 2019 631 2054 15
656 2025 707 2064 τῷ
732 2025 869 2064 χριστῷ
895 2020 1189 2064 προςτιθεμένους
1216 2019 1313 2065 pr
1403 2020 1446 2056 17
1471 2021 1551 2066 περὶ
1577 2024 1672 2057 ante

241 2072 282 2112 τῇ
309 2067 491 2103 additum
519 2067 626 2103 delet
652 2067 801 2102 lineola
827 2068 935 2103 infra
961 2068 1093 2114 posita
1122 2067 1155 2102 D
1263 2068 1307 2104 18
1333 2067 1473 2104 ἐδέδοτο
1501 2068 1599 2115 pr

169 2241 259 2267 esse
302 2232 601 2276 arcessendum,
649 2233 717 2277 qui
755 2236 793 2268 et
832 2233 937 2268 luem
982 2234 1163 2279 eorporis
1207 2234 1450 2279 depulsurus
1489 2237 1594 2270 esset
1633 2237 1673 2270 et

169 2279 294 2314 vitam
335 2279 521 2315 interitus
565 2284 772 2325 expertem
817 2282 1198 2317 communicaturus.
1256 2282 1411 2324 Quibus
1455 2282 1505 2317 de
1549 2283 1672 2318 rebus
1688 2279 1733 2314 10

169 2331 434 2372 experrectus
473 2328 694 2374 imperator
732 2339 753 2363 e
793 2339 933 2364 somno
973 2330 1207 2375 episcopum
1248 2333 1483 2366 reverenter
1523 2331 1670 2366 arcessi

169 2375 282 2410 iubet
318 2378 441 2421 atque
477 2375 529 2410 ad
564 2375 601 2412 S.
628 2374 879 2421 silvestrum,
919 2387 1008 2411 cum
1045 2378 1222 2413 venisset
1257 2378 1353 2422 „Die
1388 2377 1503 2413 mihi“
1542 2376 1729 2423 inquitll

172 2423 400 2469 „episcopm
439 2424 627 2458 coluntur
654 2425 762 2469 apud
800 2435 873 2460 vos
908 2425 973 2468 dii,
1011 2426 1078 2470 qui
1108 2425 1252 2460 Petrus
1287 2430 1326 2461 et
1360 2426 1510 2460 Paulus
1549 2427 1672 2461 nomi-

169 2470 338 2506 nantur“
378 2470 599 2517 Respondit
634 2472 698 2507 ille
732 2472 866 2514 „Unus
901 2484 924 2507 a
957 2473 1072 2507 nohis
1109 2473 1209 2508 dnus
1243 2475 1491 2520 agnoscitur,
1527 2474 1672 2509 Petrus
1689 2471 1732 2506 12

171 2521 305 2554 autem
334 2523 372 2554 et
399 2518 550 2554 Paulus
577 2523 670 2555 sunt
697 2521 801 2555 illius
829 2521 965 2555 famuli
996 2526 1034 2555 vt
1061 2521 1266 2556 ministri“.
1318 2521 1420 2556 Tum
1454 2522 1673 2567 imperator
1688 2519 1732 2554 13

170 2570 335 2601 narrato
363 2568 398 2601 ei
425 2568 580 2602 somnio
608 2569 768 2603 arcanis
796 2572 958 2604 nostrae
988 2570 1197 2612 religionis
1228 2570 1440 2604 instruitur
1474 2573 1513 2604 et
1546 2570 1672 2615 bapti-

171 2618 299 2649 zatur.
350 2614 484 2660 Atque
505 2626 526 2650 e
546 2617 797 2651 sanctissimo
817 2616 882 2652 illo
903 2617 1048 2651 balneo
1069 2628 1193 2651 sanus
1222 2622 1261 2652 et
1289 2618 1446 2662 integ-er
1471 2618 1672 2653 aseendit:
1690 2614 1732 2649 14

171 2661 407 2697 Christianis
442 2664 701 2698 securitatem
738 2675 809 2709 per
846 2675 1068 2709 praevoues
1108 2665 1321 2700 denuntiat
1359 2669 1397 2700 et
1435 2666 1584 2710 templa
1625 2666 1672 2701 iis

171 2710 301 2754 aperit
336 2714 374 2745 et
409 2713 453 2744 ut
493 2721 600 2745 nova
639 2712 868 2746 vendantur
903 2713 1107 2757 permittit.
1158 2712 1214 2747 Aa·
1243 2714 1416 2748 vicissim
1446 2714 1550 2749 sanis
1577 2710 1732 2749 ficti-15

171 2758 323 2792 ciorum
353 2758 518 2792 deorum
548 2759 695 2794 clausis
723 2760 886 2805 impune
918 2760 1262 2795 Clwistianismurn
1292 2762 1457 2806 quosvis
1485 2762 1670 2807 amplecti

171 2805 273 2839 sinit.
326 2805 425 2840 Nam
454 2817 495 2840 se
524 2806 602 2840 vim
631 2807 792 2852 quidem
821 2809 1022 2842 facturuln
1052 2819 1138 2843 osse
1163 2810 1323 2852 nemini,
1352 2810 1419 2854 qui
1448 2820 1545 2844 voro
1565 2810 1670 2844 ultro
1688 2807 1731 2841 16

171 2853 222 2887 ad
250 2852 448 2888 Christum
477 2864 518 2887 se
547 2854 819 2898 contulissent,
848 2865 890 2890 se
918 2865 986 2889 vos
1014 2856 1182 2891 laudare
1211 2857 1488 2902 profitebatur.

290 2899 354 2936 Sic
392 2901 456 2937 ille
495 2902 614 2939 iidem
647 2901 913 2940 Christianam
953 2904 1130 2951 suscepit
1168 2905 1408 2951 evangelico
1450 2907 1669 2954 praeconio
1686 2902 1730 2940 17
