2054 3282
579 272 758 312 FAMES.
808 269 999 311 BASILII
1026 269 1054 308 Ι.
1080 265 1409 308 BENIGNITAS.
1670 265 1740 304 515

245 399 434 442 ἐκέλευσε
469 397 541 440 καὶ
579 397 748 440 δώδεκα
779 396 1008 451 μεδίμνους
1039 394 1152 437 σίτου
1182 392 1440 447 νομίσματος
1470 390 1564 437 ἑνὸς
1595 390 1741 432 ἀποδί-

246 468 412 510 δοσθαι.
474 463 561 509 ἀλλ’
585 466 731 519 ἐκείνῳ
751 464 830 519 μὲν
860 465 886 519 ἡ
917 464 1068 518 πρᾶξις
1098 463 1200 517 αὕτη
1231 460 1438 517 βασιλική,
1469 464 1531 514 τῷ
1563 457 1600 502 δ’
1635 460 1779 501 ἴσω-8
1801 464 1837 500 D

246 537 444 591 ρουμένῳ
474 538 549 577 νῦν
579 534 740 589 βασιλεῖ
765 532 836 575 καὶ
866 532 957 574 λίαν
986 530 1211 586 καπηλική,
1248 531 1296 576 ὃς
1325 533 1387 584 τῷ
1416 529 1528 584 &lucii
1556 527 1604 570 τὸ
1635 528 1743 582 ὑπή-

244 621 349 647 κοον
379 605 497 659 ὁρῶν
526 603 774 657 πιεζόμενον
805 601 885 642 οὔκ
908 600 1130 654 ἐπήμυνεν,
1162 597 1264 640 ἀλλὰ
1286 598 1426 653 μέντοι
1446 597 1517 640 καὶ
1539 596 1743 651 ἒνετρύφα

209 677 332 719 ὅταῒς
362 673 491 714 αὐτοῦ
523 674 763 726 συμφοραῖς
793 669 863 711 καὶ
886 672 970 715 τοῖς
990 671 1065 709 τοῦ
1086 667 1209 722 λιμοῦ
1231 666 1502 721 τραυματίαις
1523 665 1745 714 ἕπιξαίνων

245 742 408 796 ὑπῆρχε
438 739 487 781 τὰ
518 739 749 794 τραύματα.
810 738 881 779 καὶ
913 737 937 778 ὁ
968 740 1041 778 τοῦ
1072 736 1279 790 βασιλέως
1301 735 1347 777 δὲ
1368 733 1552 789 ἀδελφὸς
1573 734 1597 775 ὁ
1619 734 1745 775 Λέων
1759 740 1780 774 9

247 810 326 865 οὐχ
359 809 480 864 ἦττον
510 808 650 862 ἔθλιβε
681 807 751 848 τόν
781 822 823 848 τε
855 806 992 860 δῆμον
1022 810 1095 860 τῆς
1124 805 1289 851 πόλεως
1313 802 1502 850 καὶτοὺς
1523 803 1746 857 οἰκήτορας

247 881 333 920 τῶν
369 880 540 932 χωρῶν,
585 875 813 930 καπηλείας
851 874 921 915 καὶ
960 873 1086 920 αὐτὸς
1120 874 1285 927 μετιών.
1347 873 1387 914 οἱ
1416 871 1494 926 μὲν
1525 870 1602 912 οὖν
1632 871 1744 912 οὕτω
1763 877 1806 912 10

249 946 445 988 διέκειπο
474 944 584 999 πρὸς
613 943 710 990 τοὺς
739 943 988 997 πάσχοντας,
1027 942 1067 984 οἱ
1098 942 1143 983 δὲ
1173 941 1282 995 πρὸς
1312 940 1383 982 τὸν
1413 943 1644 994 κρατοῦντα
1679 939 1745 981 διὰ

4 1005 40 1074 t1
66 1019 174 1058 1)1v
189 1021 237 1056 89
248 1018 374 1056 ταῦτα
407 1013 699 1055 ἀπέσκωπτον.
759 1011 860 1053 ποτὲ
891 1010 971 1064 γὰρ
1003 1010 1244 1056 νεολέκτους
1275 1010 1527 1063 στρατιώτας
1559 1009 1747 1063 ὁρῶντος
1763 1015 1803 1049 11

4 1075 9 1085 ’
248 1086 322 1124 ταῦ
359 1082 578 1138 βασιλέως,
623 1080 709 1122 ἐπεὶ
744 1080 819 1121 καί
852 1095 909 1125 τις
948 1078 1107 1125 τούτοις
1143 1078 1432 1132 συνηρίθμητο
1462 1077 1619 1131 πολιός,
1663 1078 1744 1131 ἔᾳη]

248 1150 357 1205 πρὸς
388 1150 546 1192 ἐκεῖνον
577 1149 602 1190 ὁ
633 1149 910 1202 αὐτοκράτωρ
941 1147 1066 1193 “πῶς
1095 1150 1180 1192 τοῖς
1211 1147 1488 1200 στρατιώταις,
1527 1146 1745 1199 ἄνθρωπε,

249 1221 387 1274 γέρων
417 1220 481 1260 ὢν
511 1217 826 1272 συγκαταλέγεις
869 1215 1021 1257 σαυτόν
1029 1215 1080 1265 ,·”
1122 1215 1147 1256 ὁ
1188 1211 1225 1256 δ’
1259 1215 1406 1256 αὐτίκα
1443 1215 1615 1269 εὐφυῶς
1652 1215 1745 1256 ἀντ·
1765 1221 1806 1256 12

248 1288 485 1344 εφθέγξατο
506 1286 569 1333 ὡς
588 1285 725 1327 “πολὺ
758 1285 1045 1338 δυνατώτερος
1075 1287 1150 1325 νῦν
1180 1284 1260 1338 εἰμι
1293 1285 1318 1338 ἢ
1351 1284 1418 1325 ὅτε
1441 1284 1646 1338 ἤκμαζον,
1679 1283 1745 1324 δέ·
1762 1288 1959 1326 P11‘207A

192 1364 399 1399 15σποτα·
431 1355 522 1397 τότε
545 1354 624 1410 γὰρ
647 1354 741 1397 οὐδ’
764 1354 949 1408 ἡμίσεως
970 1354 1022 1394 ἂν
1042 1353 1322 1407 ἕπωμισάμην
1344 1356 1454 1394 σῖτον
1478 1353 1745 1406 νομίσματος,

249 1429 323 1468 νῦν
355 1425 401 1467 δὲ
431 1425 538 1479 ῥᾷον
569 1423 639 1465 καὶ
672 1423 750 1465 δύο
781 1422 1052 1477 νομισμάτων
1086 1425 1196 1463 σῖτον
1228 1421 1292 1463 ἐπὶ
1323 1425 1408 1462 τῶν
1439 1421 1576 1475 ὤμων
1608 1420 1748 1474 ιὶρῶ.”

248 1498 403 1549 συνῆκε
432 1492 511 1548 μὲν
541 1490 617 1534 οὖν
647 1491 722 1546 τὴν
752 1491 966 1544 εἰρωνείαν
988 1490 1013 1530 ὁ
1033 1489 1238 1544 βασιλεύς,
1272 1490 1497 1545 ἀταράχως
1519 1490 1563 1531 ὁὲ
1595 1490 1747 1544 ταύτην
1766 1494 1806 1530 13

248 1562 432 1617 ἐνεγκὼν
461 1562 632 1616 μετέστη
663 1559 772 1614 πρὸς
803 1560 954 1612 ἕτερον,

251 1705 296 1741 10
320 1705 512 1751 σημείωσαι
540 1702 742 1749 θαυμαστὸν
768 1703 904 1746 (θαῦμα
931 1701 975 1744 Ε)
1002 1701 1136 1737 ἀστεῖον
1163 1700 1230 1736 ΑΕ

323 1836 340 1872 I
360 1835 596 1873 ἆποόιῦόσῦαι
612 1834 647 1871 D
728 1836 750 1871 3
767 1833 949 1881 καπηλική
964 1832 1045 1879 AR,
1063 1832 1230 1880 καπιλινὴ
1245 1831 1316 1877 Ψ*,
1335 1831 1511 1880 καπηλινὴ
1522 1831 1575 1902 f*
1658 1837 1745 1879 post

321 1886 358 1924 ὅς
383 1884 476 1920 add.
502 1898 539 1930 γε
565 1883 597 1919 Ο
706 1883 739 1919 5.
766 1883 788 1918 6
817 1883 1039 1927 τραυματίαις
1064 1882 1250 1923 ε’πιξαίνων
1276 1881 1458 1923 (ἕπιξαίων
1484 1883 1584 1927 w''p)
1611 1881 1748 1926 ’ὑπῆρχε

322 1931 467 1978 Asswp,
486 1932 530 1978 ἧν
542 1932 731 1973 ἔπιξαίνων
744 1929 998 1975 ἀπανθρώπως
1014 1929 1054 1965 τὰ
1068 1930 1246 1975 τραύματα
1262 1930 1293 1963 0
1368 1931 1389 1964 6
1407 1930 1427 1963 ὁ
1441 1929 1609 1964 alterum
1627 1939 1701 1963 om.
1718 1927 1747 1963 C

321 1981 344 2015 8
369 1983 464 2016 ante
489 1981 526 2015 οἱ
543 1979 623 2015 add
649 1978 709 2015 καὶ
727 1978 824 2024 pr
923 1977 985 2013 οὖν
1014 1988 1088 2013 om.
1109 1977 1207 2024 pr
1308 1977 1351 2013 13
1376 1976 1521 2012 σεαυτὸν
1539 1976 1573 2011 Ι)
1672 1976 1747 2010 ἀντ-

321 2027 520 2073 εφθέγξατο
535 2025 702 2073 prDi,
716 2025 957 2071 ἀνεφθέγξατο
972 2023 1006 2060 A
1092 2025 1136 2060 14
1148 2026 1311 2071 ἤκμαζον
1324 2025 1411 2070 (Sic)
1427 2024 1459 2060 A
1548 2024 1590 2059 15
1605 2024 1747 2069 ἡμίσεος

323 2073 410 2112 CDi
506 2075 549 2111 ἄν
573 2074 806 2119 ἒπωμισάμην
830 2071 997 2119 prDi,
1025 2073 1067 2108 (ἲν
1091 2073 1334 2119 ἐπωμοσάμην
1353 2072 1398 2117 Α,
1425 2072 1692 2117 ἀνεκομισάμην
1713 2070 1746 2105 D

325 2123 368 2159 16
394 2122 452 2159 τὸν
476 2122 576 2167 ὦμον
600 2121 630 2157 Β
770 2121 812 2157 17
837 2121 1018 2165 εἰρωνείαν
1043 2125 1081 2155 (·t
1110 2121 1272 2165 εἰρωνιάν
1298 2121 1344 2163 Α,
1370 2120 1553 2165 εἰρωνείαν
1579 2117 1745 2165 ΙίννμΙὶί,

322 2171 495 2216 ἡρωνείαν
521 2170 567 2214 D,
594 2180 694 2206 corr.
724 2169 790 2206 Dw

251 2321 474 2358 medimnos
500 2331 582 2357 uno
610 2329 735 2355 aureo
764 2319 903 2355 venire
928 2318 1052 2355 iussit.
1102 2316 1236 2364 Atque
1255 2316 1319 2353 ille
1338 2316 1512 2363 quidem,
1538 2319 1583 2352 ut
1610 2325 1745 2361 regem
1761 2315 1783 2346 8

252 2369 379 2414 decet,
405 2370 501 2416 egit,
529 2369 591 2403 bie
619 2378 690 2414 pro
717 2377 903 2412 caupone
929 2376 971 2401 fle
998 2366 1135 2411 gessit,
1174 2366 1240 2411 qui
1269 2364 1419 2411 populo
1448 2365 1618 2410 penuria
1643 2364 1747 2398 inbo-

251 2418 355 2454 ranti
395 2427 476 2453 non
511 2415 629 2452 modo
665 2414 761 2451 nibil
794 2415 882 2460 opis
916 2414 1005 2449 tulit
1031 2413 1101 2449 sed
1129 2417 1169 2449 et
1200 2412 1496 2449 calamitatibus
1529 2411 1747 2454 insultavit,

251 2465 489 2501 vulneribus
514 2473 666 2507 eorum,
694 2473 795 2508 quos
822 2463 948 2497 sames
965 2461 1180 2505 sauciarat,
1208 2459 1478 2496 inhumaniter
1498 2458 1747 2495 (liveliendis.

252 2511 332 2549 Sed
357 2516 397 2549 et
422 2512 531 2558 regis
557 2511 685 2547 frater
711 2509 793 2546 Leo
821 2514 860 2546 et
887 2510 972 2592 ilme
991 2508 1260 2555 cauponando
1279 2508 1401 2543 nihilo
1423 2507 1555 2542 minus
1574 2511 1613 2542 et
1630 2506 1747 2541 urba-
1761 2507 1783 2540 1)

252 2570 348 2597 num
387 2559 579 2607 populum
618 2563 659 2595 et
690 2557 900 2604 provincia
917 2568 961 2592 es
994 2556 1213 2602 premebat.
1263 2556 1337 2597 Qui
1372 2565 1462 2590 cum
1496 2565 1538 2590 se
1574 2554 1674 2590 tulos
1708 2554 1746 2588 in
1764 2553 1808 2588 10

251 2607 420 2644 afflictos
453 2607 708 2654 praeberent,
744 2606 962 2651 imperator
997 2615 1021 2639 a
1048 2604 1196 2650 populo
1223 2602 1478 2638 irridebatur.
1530 2601 1627 2638 Nam
1657 2611 1746 2637 cum
1767 2602 1803 2635 11

251 2654 471 2702 aliquando
509 2665 582 2691 rex
624 2654 799 2691 novitios
834 2652 976 2687 milites
1013 2651 1187 2687 lusti-ann
1218 2660 1363 2686 eanum
1402 2649 1604 2696 quendam
1645 2649 1748 2684 inter

252 2707 408 2740 ceteros
427 2702 603 2746 vidisset,
631 2701 804 2747 rogavit,
832 2710 904 2735 cur
923 2700 1040 2735 homo
1059 2709 1184 2735 senex
1204 2698 1368 2734 militiae
1386 2708 1532 2734 nomen
1561 2697 1748 2732 dodisset.

252 2749 355 2787 Tum
388 2750 452 2786 ine
485 2749 618 2786 statim
651 2749 861 2794 ingeniose
888 2746 1095 2793 respondit
1126 2757 1169 2782 se
1195 2755 1303 2782 nunc
1330 2746 1454 2781 multo
1482 2745 1746 2781 robustiorem
1765 2744 1809 2779 1‘2

252 2808 352 2843 esse,
379 2807 499 2844 quam
527 2797 567 2833 in
592 2797 822 2840 inventum
850 2800 932 2831 tum
960 2795 1064 2830 enim
1093 2804 1143 2830 ne
1170 2793 1320 2829 dimidii
1341 2793 1502 2838 quidem
1531 2793 1642 2828 aurei
1669 2794 1749 2827 fru-

252 2853 430 2882 mentum
457 2844 597 2882 toliere
624 2844 813 2890 potuisse,
853 2853 959 2878 nunc
996 2852 1092 2878 vero
1128 2841 1299 2877 duorum
1337 2850 1553 2877 aureorum
1591 2839 1748 2875 facilius

252 2893 294 2930 in
321 2892 508 2930 humeros
534 2891 800 2928 sublaturum.
851 2890 1053 2926 Intellexit-
1079 2889 1265 2925 cavillum
1294 2899 1363 2924 rex
1392 2887 1463 2924 sed
1491 2898 1539 2923 eo
1570 2887 1747 2924 dissimu—
1766 2886 1808 2923 13

253 2940 334 2978 lato
361 2940 413 2977 ad
438 2940 560 2977 alium
587 2939 755 2976 transiit.
