2066 3230
347 231 417 268 702
684 229 865 269 ZONAR.
893 228 1024 267 EPIT.
1050 228 1182 267 xv111
1209 229 1264 276 14,
1292 230 1443 278 19—15,
1470 231 1502 268 1.

347 352 445 400 λοὺς
491 353 535 395 δὲ
578 354 738 408 πλήξας
781 353 852 394 καὶ
888 353 1048 394 ἀνελὼν
1087 353 1242 408 ἐπλήγη
1282 354 1475 399 κάκεῖνος
1510 353 1584 408 τὴν
1622 358 1738 408 χεῖρα
1770 353 1841 396 καὶ

348 423 484 468 οὕτως
525 421 764 475 ἀποκαμών
801 421 872 462 καὶ
909 422 1056 475 μηκέτι
1097 422 1329 475 ἀμύνεσθαι
1367 421 1463 468 τοὺς
1495 422 1682 468 ἐπιόντας
1714 422 1839 464 δυνά-

346 507 474 545 μενος
510 491 615 545 μήτε
653 491 793 544 μέντοι
831 493 990 544 φυγεῖν,
1035 491 1117 544 ἤδη
1158 494 1231 531 τοῦ
1264 491 1392 531 ἵππου
1424 491 1540 544 αὐτῷ
1570 490 1840 538 πεπτωκότος

347 559 395 600 ἔκ
433 563 519 600 τῶν
557 559 704 613 βελῶν,
750 558 861 599 ἑάλω
899 558 970 599 καὶ
1007 558 1169 613 ἀπῆκτο
1204 563 1289 604 τοῖς
1326 559 1559 613 βαρβάροις
1596 559 1620 599 ὁ
1650 559 1841 614 βασιλεὺς

287 628 566 682 2οῬωμαίων
593 626 871 681 αἰχμάλωτος.
934 626 1178 680 ἀγγελθεῖσα
1213 626 1258 668 δὲ
1289 627 1314 680 ἡ
1347 630 1420 668 τοῦ
1452 627 1657 681 βασιλέως
1687 628 1876 674 ἅλωσιςὸ

134 699 209 733 ΡΙ]
221 698 408 750 284Ατῷ
440 696 655 750 σουλτάνῳ
690 694 826 750 χαρὰν
854 695 945 749 μέν,
979 695 1041 740 ὡς
1070 695 1193 746 εἰκός,
1233 695 1481 750 ἐνεποίησεν,
1515 696 1565 737 οὐ
1596 697 1735 749 μέντοι
1767 697 1839 737 ἓπ-

288 767 448 820 21779821
471 763 597 805 αὐτὸν
620 764 726 804 ὥστε
749 763 818 804 καὶ
850 763 1220 817 ὗψηλοφρονῆσαι·
1255 762 1382 811 ”Agar
1415 764 1570 810 ἐκεῒνος
1601 764 1838 818 ὠνόμαστο,

349 831 400 874 οὗ
432 832 564 874 πολλὰ
606 832 671 873 ἐπὶ
711 832 952 885 δικαιοσύνῃ
993 831 1064 872 καὶ
1100 832 1437 886 μετριοφροσύνῃ
1483 833 1652 886 ᾅδονται
1697 833 1838 887 διηγή-

288 904 334 939 22
346 917 472 956 ματα.
535 901 638 942 ὅθεν
675 901 830 955 ἠπίστει
867 900 937 941 καὶ
974 904 1024 954 τῇ
1061 904 1134 941 τοῦ
1170 901 1376 955 βασιλέως
1408 901 1559 942 ἁλώσει
1592 901 1657 942 διὰ
1689 901 1736 942 τὸ
1766 904 1889 943 τοῢΙ)
1910 905 1961 942 1V
1980 907 2050 942 216

288 972 334 1008 23
349 970 634 1024 εὐτυχήματος
655 969 850 1023 ἄκρατον.
911 968 982 1010 καὶ
1011 968 1115 1010 ἰδὼν
1146 969 1273 1010 αὐτὸν
1305 970 1355 1010 οὗ
1386 969 1591 1023 πρότερον
1621 968 1764 1011 πιστὸν
1793 969 1840 1011 τὸ
1856 980 1902 1014 10

347 1041 522 1092 πρᾶγμα
567 1038 749 1092 ἐδέξατο,
795 1038 878 1083 ἕως
916 1037 987 1078 καὶ
1025 1038 1065 1078 οἱ
1100 1038 1201 1092 παρ’
1235 1038 1363 1079 αὐτοῦ
1403 1039 1612 1084 σταλέντες
1649 1039 1842 1093 πρέσβεις

348 1105 475 1147 αὐτὸν
497 1106 781 1160 ἀνεγνώρισαν
804 1105 875 1146 καὶ
897 1106 921 1146 ὁ
947 1105 1184 1160 Βασιλάκης
1216 1106 1303 1147 ε’κεῖ
1330 1106 1608 1161 κατεχόμενος
1638 1107 1709 1149 καὶ
1736 1107 1841 1148 ι’δὼν

287 1178 332 1213 24
350 1174 477 1216 αὐτὸν
516 1176 573 1220 εἷς
610 1173 707 1219 τοὺς
738 1174 874 1219 πόδας
906 1175 1035 1215 αὐτοῦ
1067 1174 1244 1229 θρηνῶν
1274 1176 1500 1229 κατέβαλεν
1531 1175 1691 1217 ἑαυτόν.
1753 1175 1842 1216 τότε

350 1243 394 1285 δὲ
426 1247 500 1284 τοῦ
531 1243 695 1297 θρόνου
726 1260 767 1284 τε
800 1243 1059 1297 ἀνεπήδησεν
1091 1243 1234 1297 ὥσπερ
1267 1244 1420 1289 ἔνθους
1450 1243 1520 1285 καὶ
1545 1244 1713 1285 τεθέντα
1735 1243 1840 1285 κατὰ

350 1316 437 1367 γῆς,
482 1312 544 1358 ὡς
581 1312 695 1365 ἔθος,
740 1312 929 1366 πατήσας
962 1311 1089 1352 αὐτὸν
1120 1312 1314 1366 ἀνέστησε
1345 1312 1416 1353 καὶ
1445 1313 1740 1366 περιεπτύξατο
1771 1313 1846 1353 καί
1858 1324 1902 1359 15

301 1384 333 1419 B
348 1380 437 1435 “μὴ
471 1381 619 1434 λυποῦ,
651 1381 820 1435 βασιλεῦ
830 1380 856 1394 ”
888 1381 989 1434 ἔφη·
1028 1381 1224 1421 “masna
1257 1379 1336 1433 γὰρ
1367 1379 1416 1421 τὰ
1449 1381 1716 1435 ἀνθρώπινα·
1756 1381 1840 1435 ἐγὼ

350 1450 398 1491 δέ
428 1465 493 1491 σοι
531 1450 609 1504 οὐχ
647 1449 708 1495 ὡς
746 1449 1017 1503 αἰχμαλώτῳ,
1062 1446 1147 1490 ἀλλ’
1182 1449 1244 1494 ὡς
1274 1449 1435 1503 βασιλεῖ
1461 1464 1524 1490 σοι
1554 1450 1840 1504 προσενεχθή-

286 1522 333 1558 25
349 1519 522 1573 σομαι.”
582 1518 653 1560 καὶ
697 1518 843 1559 αὐτίκα
888 1517 1047 1572 σκηνὴν
1071 1517 1207 1571 αὐτῷ
1250 1517 1462 1559 ἀποτάττει
1506 1517 1576 1559 καὶ
1613 1518 1843 1572 θεραπείαν

347 1648 370 1683 5
395 1649 492 1688 ὅπως
516 1649 538 1683 ὅ
561 1646 708 1684 σουλτὰν
733 1647 908 1694 ἐχρήσατο
933 1652 983 1692 τῷ
1007 1648 1148 1694 βασιλεῖ
1167 1647 1358 1692 ἀπαχθέντι
1382 1647 1470 1693 πρὸς
1494 1647 1598 1683 αὐτόν
1624 1647 1653 1684 C

419 1777 437 1811 1
466 1775 505 1812 δὲ
530 1774 698 1822 prDz',
727 1787 801 1812 om.
827 1775 863 1811 A
1004 1777 1026 1811 2
1051 1775 1252 1820 ἀμύνασθαι
1279 1776 1347 1811 BD
1493 1777 1515 1812 3
1540 1776 1646 1812 αὐτοῦ
1672 1775 1841 1822 BDEwp

418 1825 440 1860 6
466 1825 647 1869 σουλτάνῳ
673 1823 741 1860 AC
768 1823 927 1870 Scylitz.
955 1835 991 1870 p.
1019 1824 1099 1868 699,
1128 1824 1182 1866 14,
1210 1824 1358 1859 σουλτὰν
1382 1824 1480 1870 pr
1635 1825 1656 1860 7
1681 1825 1770 1866 ἄξαν
1795 1824 1840 1868 A,

417 1872 504 1913 ἆξὰν
524 1872 602 1917 Cw,
628 1873 728 1913 Αξαν
754 1883 791 1917 p,
817 1871 904 1913 ἀζὰν
922 1872 972 1917 R3
997 1872 1259 1916 προσαχθέντος
1284 1877 1333 1916 τῷ
1360 1872 1539 1917 σουλτάνῳ
1558 1873 1660 1913 Ἄξαν
1684 1877 1744 1907 τοῦ
1771 1873 1842 1914 (ita

419 1930 491 1965 pro
517 1919 668 1960 ἀξάντου
692 1919 784 1955 edit.
803 1919 1030 1955 Bonnensis
1049 1920 1210 1954 videtur
1229 1930 1316 1955 esse
1335 1920 1644 1964 restituendum)
1669 1920 1842 1966 βασιλέως

413 1968 603 2012 Ῥωμαίων
630 1966 790 2013 Seylitz.
818 1978 855 2013 p.
882 1967 962 2012 699,
989 1967 1030 2002 21
1195 1968 1218 2002 8
1241 1981 1427 2012 μετριοφρ.
1453 1968 1512 2002 καὶ
1539 1968 1745 2012 δικαιοσύνη
1774 1966 1841 2003 CD

418 2016 440 2050 9
465 2015 503 2050 τὸ
532 2026 606 2051 om.
634 2015 670 2050 D
793 2015 839 2050 10
863 2016 1038 2060 ἄκραντον
1064 2014 1100 2049 D
1216 2015 1336 2049 πιστὸν
1361 2026 1435 2050 om.
1462 2015 1492 2049 B
1619 2016 1661 2050 11
1689 2015 1785 2050 αὐτῶ
1813 2014 1841 2050 C

420 2063 466 2098 12
489 2063 698 2109 βασιλάκιος
723 2063 822 2108 pr
936 2066 1026 2108 post
1051 2063 1284 2107 κατεχόμενος
1310 2063 1401 2098 add.
1428 2063 1551 2108 ἀχθεὶς
1577 2062 1746 2108 BDEwp

420 2111 467 2145 14
492 2111 616 2149 ἔνθους
634 2111 753 2156 ὥσπερ
772 2110 870 2156 pr
971 2110 1026 2146 14.
1042 2111 1086 2145 15
1111 2111 1166 2144 ε’πὶ
1183 2116 1246 2155 γῆς
1265 2110 1293 2146 C
1392 2110 1437 2146 15
1463 2114 1554 2156 post
1571 2110 1736 2155 ἀνέστησέ
1749 2109 1841 2145 add.

418 2172 454 2193 τε
479 2157 649 2204 BDEwp
782 2158 826 2194 17
851 2172 905 2193 σοι
933 2159 1045 2204 prius
1072 2169 1147 2193 om.
1175 2156 1296 2194 CEDi
1412 2162 1501 2204 post
1525 2159 1664 2204 βασιλεῖ
1686 2169 1760 2193 om.
1787 2171 1841 2192 σοι

418 2205 575 2252 DEwp3
602 2206 652 2241 de
680 2206 855 2242 chiasmo
883 2217 920 2241 v.
947 2206 1000 2240 ad
1025 2205 1121 2241 XIII
1147 2205 1182 2249 2,
1207 2206 1229 2240 6

347 2338 481 2381 gatus,
520 2331 610 2371 cum
647 2345 770 2370 manu
801 2335 1016 2370 vulnerata
1049 2344 1123 2369 nec
1154 2335 1234 2369 vim
1262 2335 1339 2370 iam
1367 2334 1606 2380 propulsare
1631 2345 1707 2370 nec
1735 2345 1839 2380 equo

347 2383 490 2418 iaculis
523 2393 641 2418 caeso
675 2384 821 2428 sugere
854 2386 1001 2428 posset,
1041 2383 1226 2427 captivus
1254 2385 1313 2417 est
1339 2382 1539 2417 abductus
1565 2383 1616 2417 ad
1643 2383 1840 2418 barbaros

287 2429 334 2464 20
347 2430 621 2466 Romanorum
647 2441 733 2466 rex.
784 2430 871 2472 Quo
899 2430 1040 2465 nuntio
1068 2433 1236 2475 accepto
1263 2430 1456 2474 sultanus,
1495 2433 1541 2464 ut
1573 2433 1718 2465 natura
1751 2431 1840 2473 sert,

287 2477 331 2512 21
347 2479 515 2524 gavisus
542 2481 602 2513 est
625 2488 759 2523 neque
786 2481 921 2513 tamen
948 2477 1140 2523 superbia
1167 2478 1313 2523 elatus;
1340 2488 1432 2512 nam
1461 2478 1510 2512 de
1527 2477 1683 2512 Axanis
1703 2497 1746 2502 —
1765 2478 1840 2513 hoe

286 2524 334 2560 22
348 2528 435 2561 erat·
453 2526 489 2560 ei
507 2536 655 2561 nomen
669 2545 710 2551 ——
727 2526 879 2560 iustitia
897 2528 936 2560 et
953 2525 1232 2560 moderatione
1250 2525 1373 2560 multa
1389 2530 1673 2560 memorantur.
1722 2525 1840 2561 Unde

286 2572 333 2607 23
348 2577 509 2619 captum
527 2583 614 2608 esse
630 2583 767 2619 regem
783 2583 865 2608 non
881 2572 1073 2608 credebat
1089 2573 1139 2608 ob
1157 2573 1464 2608 immoderatum
1485 2583 1715 2607 successum
1733 2583 1841 2608 eum-

348 2631 427 2666 que
453 2621 712 2666 conspicatus
751 2631 833 2656 non
858 2621 969 2666 prius
995 2621 1209 2665 acquievit,
1245 2630 1365 2665 quam
1392 2621 1527 2665 legati,
1560 2631 1660 2665 quos
1687 2620 1839 2655 dudum

346 2669 521 2712 miserat,
549 2678 639 2703 eum
660 2671 919 2714 agnoverunt
938 2671 976 2703 et
992 2667 1205 2711 Basifflces,
1235 2668 1302 2712 qui
1320 2668 1375 2702 ibi
1394 2668 1620 2710 tenebatur,
1646 2668 1697 2702 ad
1717 2667 1840 2713 pedes

286 2715 334 2751 <24
349 2717 435 2751 eius
453 2716 553 2751 fiens
572 2726 615 2751 se
631 2717 860 2761 prostravit.
905 2715 1008 2750 Tum
1028 2716 1144 2760 quasi
1162 2716 1326 2750 numine
1344 2714 1502 2750 afflatus
1521 2726 1542 2750 e
1561 2716 1659 2750 solio
1680 2715 1840 2750 exsiluit

348 2766 388 2798 et
415 2764 464 2799 de
491 2774 602 2798 more
629 2763 737 2798 humi
764 2764 963 2798 iacentem
991 2763 1181 2807 calcavit3
1219 2762 1376 2806 deinde,
1412 2773 1501 2797 cum
1529 2773 1618 2798 eum
1647 2764 1841 2798 erexisset

347 2814 470 2856 atque
497 2811 709 2856 amplexus
736 2814 839 2845 esset
864 2810 984 2847 “Noli
1009 2809 1222 2845 maerere”
1246 2810 1376 2855 inquit
1401 2811 1454 2844 “o
1482 2820 1572 2855 rex3
1609 2811 1708 2846 tales
1735 2811 1839 2845 enim

347 2861 440 2893 sunt
465 2869 529 2893 res
554 2858 767 2893 humanae.
818 2858 905 2903 Ego
932 2867 1030 2892 vero
1057 2860 1097 2892 te
1122 2868 1202 2892 non
1230 2861 1274 2891 ut
1301 2858 1517 2902 captivum,
1545 2858 1616 2893 sed
1638 2861 1683 2892 ut
1701 2867 1839 2903 regem

286 2905 333 2941 25
347 2909 386 2940 te
405 2905 627 2941 tractabo.”
667 2906 715 2941 Et
733 2906 866 2941 statim
886 2907 921 2940 ei
940 2905 1247 2940 tabernaculum
1266 2905 1453 2951 designat
1472 2909 1510 2940 et
1535 2906 1756 2940 ministeria
1782 2915 1839 2940 re-
