2054 3282
329 197 392 233 138
705 194 886 232 ZONAR.
915 197 1046 232 EPIT.
1074 196 1164 232 XIV
1190 197 1223 241 3,
1250 196 1378 240 28-4,
1404 196 1437 231 3.

263 321 308 356 29
323 319 498 371 στάσιος,
551 318 622 360 καὶ
668 319 903 373 ναυμαχίας
950 319 1174 372 γενομένης
1220 318 1267 358 ἔκ
1314 334 1422 364 τινος
1466 322 1659 373 μηχανῆς
1703 316 1817 371 παρὰ

327 387 526 440 Πρόκλου
557 392 631 428 τοῦ
662 388 773 428 πάνυ
806 387 1081 441 γεγενημένης
1115 386 1219 440 (τότε
1251 386 1330 440 γὰρ
1362 387 1482 441 ἤνθει
1506 387 1572 428 ἐπὶ
1592 387 1820 442 φιλοσοφίᾳ

322 456 392 496 καὶ
425 457 468 497 ἒν
499 460 583 502 τοῖς
613 456 898 510 μηχανήμασι,
930 456 978 495 τά
1010 472 1051 496 τε
1082 459 1155 496 τοῦ
1186 456 1437 510 περιβοήτου
1470 456 1514 497 ἕν
1544 456 1703 502 τούτοις
1723 455 1819 508 Ἀρ-

274 528 309 562 D
323 524 529 578 χιμήδους
561 525 722 565 ἅπαντα
757 524 937 565 διελθὼν
968 524 1039 565 καὶ
1071 523 1196 570 αὐτὸς
1228 525 1398 570 ἐκείνοις
1427 522 1740 578 προσεξευρών)
1774 523 1820 565 τὸ

264 598 310 632 30
324 593 517 634 ναυτικὸν
548 597 633 634 τῶν
665 594 861 634 ἐναντίων
899 593 1237 647 κατεπολεμήθη.
1299 593 1512 647 κάτοπτρα
1557 593 1636 647 γὰρ
1681 593 1857 647 ᾄδεταιῦ

323 662 547 716 χαλκεῦσαι
578 662 781 716 πυρφόρα
814 662 838 703 ὁ
861 662 1073 715 Πρόκλος,
1105 662 1176 703 καὶ
1206 666 1332 704 ταῦτα
1365 663 1412 703 ἐκ
1443 666 1517 703 τοῦ
1548 663 1707 716 τείχους
1736 665 1822 703 τῶν

322 731 536 785 πολεμίων
570 734 678 772 νεῶν
710 731 977 785 ἀπαιωρῆσαι
998 732 1222 779 κατέναντι,
1253 731 1413 777 τούτοις
1436 731 1480 772 δὲ
1502 734 1587 772 τῶν
1608 735 1681 772 τοῦ
1703 730 1820 785 ἡλίου

324 799 503 840 ἀκτίνων
526 799 864 853 προσβαλουσῶν
884 804 970 854 πῦρ
993 801 1154 841 ἐκεῖθεν
1176 800 1537 854 ἕκκεραυνοῦσθαι
1558 799 1822 854 καταφλέγον

322 867 394 908 τὸν
415 868 554 922 νηίτην
575 872 661 910 τῶν
690 869 887 910 ἐναντίων
919 869 1104 921 στρατόν,
1136 869 1207 910 καὶ
1237 868 1310 915 τὰς
1341 873 1444 923 νῆας
1475 869 1615 916 αὐτάς,
1647 869 1671 909 ὃ
1695 868 1822 909 πάλαι

323 935 393 977 τὸν
419 936 677 992 Ἀρχιμήδην
709 938 922 992 ἐπινοῆσαι
953 938 977 980 ὁ
1000 939 1112 980 Δίων
1144 938 1346 992 ἱστόρησε,
1379 941 1464 979 τῶν
1479 936 1703 991 Ῥωμαίων
1733 935 1822 977 τότε
1838 938 1881 972 10

322 1004 664 1058 πολιορκούντων
694 1006 992 1059 Συράκουσαν.

263 1081 307 1114 ἕὶῑ
436 1075 702 1123 Ἀναστάσιος
747 1076 792 1117 δὲ
835 1075 1101 1130 σπουδαστὴς
1137 1081 1210 1131 τῆς
1247 1075 1466 1130 Εὐτυχοῦς
1505 1075 1706 1129 αἱρέσεως
1743 1075 1819 1127 ὧν,

324 1145 538 1200 ἐβουλήθη
575 1145 822 1199 προσθεῖναι
860 1147 917 1192 εἰς
952 1145 998 1186 τὸ
1038 1145 1259 1199 Τρισάγιον
1294 1144 1340 1186 τὸ
1377 1145 1433 1186 “ὁ
1470 1143 1732 1197 σταυρωθεὶς
1768 1140 1819 1184 δι’

264 1215 484 1269 32ἡμᾶς”.
547 1215 718 1256 ἔστειλεν
755 1214 832 1256 οὖν
869 1214 935 1255 διὰ
973 1218 1094 1256 τοῦτο
1132 1215 1188 1260 εἰς
1226 1214 1300 1268 τὴν
1339 1213 1560 1268 ἐκκλησίαν
1597 1212 1668 1254 τὸν
1698 1212 2032 1266 λογο-Ι)111;)(ὶ2

327 1285 451 1339 θέτην
489 1300 531 1325 τε
570 1284 640 1325 καὶ
682 1283 754 1324 τὸν
797 1284 999 1338 ἔπαρχον·
1046 1285 1089 1324 οἳ
1122 1283 1165 1324 ἓν
1201 1288 1263 1337 τῷ
1299 1283 1467 1337 ἄμβωνι
1505 1282 1566 1328 ὡς
1603 1278 1666 1323 ἐπ’
1706 1281 1820 1334 ὀκρί-
1840 1288 1881 1323 15

115 1357 146 1392 P
162 1357 197 1391 11
213 1357 259 1393 56
276 1356 308 1391 A
324 1354 476 1407 βαντος
507 1353 671 1398 στάντες
704 1353 952 1406 διαγγέλλειν
982 1354 1162 1406 ἤρξαντο
1193 1351 1240 1393 τὸ
1261 1351 1510 1405 πρόσταγμα
1531 1349 1578 1392 τὸ
1598 1349 1822 1405 βασιλικόν.

265 1427 310 1460 33
324 1426 490 1463 κινεῖται
528 1422 665 1463 τοίνυν
704 1422 804 1462 ὅσον
843 1426 916 1462 τοῦ
954 1421 1147 1475 πλήθους
1187 1420 1440 1474 ὀρθόδοξον,
1484 1419 1556 1461 καὶ
1599 1418 1823 1460 διασπάσαι

265 1490 420 1536 31τοὺς
463 1490 622 1543 ἄνδρας
665 1490 936 1544 ὡρμήκεσαν.
1000 1487 1085 1531 ἀλλ’
1129 1489 1168 1530 οῖ
1203 1489 1281 1543 μὲν
1318 1488 1438 1543 μόλις
1474 1488 1549 1543 τὴν
1593 1486 1823 1542 δημοτικὴν

324 1559 478 1614 μανίαν
515 1559 732 1613 ἐξέφυγον,
777 1558 823 1600 τὸ
857 1559 903 1600 δέ
935 1575 979 1612 γε
1017 1559 1182 1613 πλῆθος
1214 1559 1269 1604 εἷς
1300 1557 1443 1612 θυμὸν
1475 1556 1686 1598 ἕκκαυθὲν
1716 1555 1822 1597 κατὰ

329 1701 373 1736 12
398 1702 447 1736 ὅτι
471 1702 686 1747 προσθήκην
710 1702 759 1740 εἷς
786 1701 823 1736 τό
853 1701 1039 1746 Τρισάγιον
1063 1701 1300 1747 βουληθέντος
1329 1700 1543 1745 ποιήσασθαι
1576 1704 1637 1734 τοῦ
1662 1699 1822 1734 Ἀναστα-

326 1750 403 1785 σίου
430 1749 467 1784 τὸ
492 1750 689 1795 ὀρθόδοξον
714 1755 774 1784 τοῦ
800 1750 886 1785 λαοῦ
913 1749 1091 1784 ἐστασίασε
1119 1751 1210 1791 (-σεν
1238 1749 1294 1793 E),
1320 1748 1380 1783 καὶ
1405 1749 1470 1783 ὅσα
1495 1747 1657 1792 ἐποίησεν
1683 1745 1746 1783 CE

397 1882 420 1916 ‘2
446 1886 541 1918 ante
566 1882 621 1917 ἐπὶ
647 1882 740 1917 add.
766 1882 826 1917 καὶ
851 1881 953 1927 pr
1062 1881 1085 1916 3
1109 1881 1146 1916 ἑν
1173 1881 1304 1919 τούτοις
1329 1880 1540 1926 περιβοήτου
1568 1879 1665 1924 pr
1762 1879 1821 1923 ἀρ-

397 1930 573 1975 χιμήδους
599 1928 765 1975 prDi‚
792 1930 992 1975 ἀρχιμήδου
1015 1929 1019 1973 l
1043 1928 1139 1971 AOE)
1301 1929 1323 1964 5
1348 1929 1512 1963 ἐναντίων
1535 1927 1616 1970 AR,
1642 1927 1822 1971 πολεμίων

399 1978 534 2024 DEwp
656 1979 678 2013 6
703 1979 892 2023 πυροφόρα
918 1978 1020 2023 pr
1142 1976 1320 2022 Πρόκλος]
1348 1987 1385 2011 v.
1411 1976 1576 2011 Rosiuln
1603 1976 1626 2010 l.
1654 1986 1685 2010 Ο.
1713 1986 1748 2020 p.
1776 1975 1821 2010 67

399 2037 492 2061 ann.
519 2027 541 2061 6
716 2031 821 2061 ταῦτα
847 2046 885 2050 -
916 2026 939 2061 8
964 2025 1129 2070 ἀκτίνων]
1156 2026 1197 2059 ἐκ
1224 2030 1283 2059 τοῦ
1309 2025 1444 2069 τείχους
1470 2029 1574 2058 ταῦτα
1599 2023 1821 2067 ἄπαιωρῆσαι

398 2074 579 2109 κατέναντι
605 2079 676 2109 τῶν
699 2074 879 2118 πολεμίων
905 2078 995 2108 νεῶν
1022 2075 1131 2118 (νηῶν
1146 2072 1205 2117 Β),
1232 2073 1364 2111 τούτοις
1389 2077 1460 2106 τῶν
1485 2072 1644 2116 ἡλιακῶν
1669 2070 1822 2106 ἀκτίνων

401 2122 498 2167 pr
605 2122 651 2157 10
675 2122 877 2167 ἀρχιμήδην
902 2121 984 2162 AR,
1010 2121 1191 2166 ἀρχιμήδη
1220 2120 1260 2165 C,
1285 2120 1477 2165 ἀρχιμίδην
1503 2119 1550 2163 D⁷
1578 2129 1678 2154 corr.
1706 2118 1774 2156 Dw

447 2169 555 2215 Δίων]
583 2181 620 2205 v.
649 2169 789 2205 Zonar,
816 2169 854 2204 ΙΙ
881 2180 917 2215 p.
945 2169 1025 2213 210,
1052 2169 1074 2204 6
1185 2168 1229 2203 19
1254 2182 1292 2213 γε
1320 2179 1394 2203 om.
1421 2167 1452 2202 B

330 2310 646 2355 pervestigasset·
672 2309 743 2344 sed
770 2313 809 2344 ct
832 2310 918 2354 ipsc
945 2311 1157 2354 praeterea
1187 2318 1294 2342 nova
1321 2306 1555 2350 invenisset)
1589 2306 1726 2341 classis
1757 2305 1823 2340 ad-

268 2357 316 2392 30
328 2358 602 2393 versariorum
643 2357 804 2393 devicta
841 2359 910 2392 est.
961 2356 1127 2392 Proclus
1166 2355 1272 2390 enim
1310 2356 1438 2389 fertur
1476 2354 1698 2388 fabricatus
1736 2363 1824 2388 esse

329 2405 494 2451 specula
525 2405 701 2451 ignifera
733 2408 772 2440 et
805 2405 855 2440 de
880 2414 996 2439 muro
1024 2404 1222 2439 adversus
1249 2403 1422 2438 hostium
1448 2411 1575 2436 naves
1601 2401 1823 2445 demisissc3

329 2464 352 2489 c
378 2454 525 2498 quibus
552 2453 645 2489 solis
673 2452 797 2488 radiis
823 2452 1000 2497 acceptis
1025 2452 1163 2497 ignem
1189 2451 1421 2496 fulgurasse
1448 2452 1488 2484 et
1514 2449 1686 2483 hostium
1713 2458 1824 2484 excr-

330 2501 452 2536 citum
477 2501 666 2536 navalem
696 2510 905 2545 navesque
937 2500 1046 2544 ipsas
1077 2499 1349 2544 absumpsisse
1382 2517 1425 2522 —
1461 2496 1570 2542 quod
1601 2496 1825 2541 antiquitus

333 2548 611 2584 Archimedem
650 2549 907 2593 excogitasse
941 2547 1133 2583 Romanis
1168 2545 1391 2591 Syracusas
1430 2544 1709 2580 obsidentibus
1746 2543 1823 2578 Dio

331 2597 525 2632 narravit.

269 2642 312 2678 31
449 2643 698 2685 Anastasius,
737 2643 798 2678 vir
833 2643 1025 2688 Eutychis
1063 2642 1241 2677 haeresis
1279 2640 1606 2683 studiosissimus,
1645 2638 1698 2674 ad
1732 2638 1824 2673 Ter-

330 2695 513 2727 sauctum
551 2692 618 2727 illa
651 2691 758 2733 “Qui
790 2692 900 2726 cruci
939 2690 1083 2726 affixus
1116 2692 1176 2724 est
1210 2700 1282 2734 pro
1318 2688 1467 2723 nobis”
1501 2687 1653 2722 addere
1685 2686 1824 2722 voluit.

271 2738 317 2774 32
331 2739 602 2781 Quamobrem
635 2740 676 2774 in
711 2739 921 2775 ecclesiam
956 2738 1203 2784 logothetam
1237 2739 1276 2772 et
1309 2738 1559 2780 praefectum
1596 2735 1716 2777 misit3
1755 2735 1823 2778 qui

331 2797 422 2822 cum
441 2798 463 2822 c
483 2792 682 2833 suggestu
700 2787 812 2823 velut
833 2797 855 2822 e
873 2796 995 2822 scena
1013 2786 1184 2821 recitare
1205 2785 1432 2830 coepissent
1457 2783 1632 2818 edictum
1655 2782 1824 2826 regium,

271 2834 317 2870 33
331 2835 565 2880 quicunque
592 2835 642 2871 de
667 2835 818 2880 populo
846 2837 961 2870 erant
988 2833 1213 2876 orthodoxi,
1245 2832 1433 2867 concitati
1459 2831 1512 2866 ad
1538 2829 1824 2874 discerpendos

272 2882 318 2920 34
331 2893 400 2918 cos
433 2883 541 2918 viros
573 2883 860 2929 properabant.
910 2880 989 2918 Sed
1019 2881 1073 2916 illi
1100 2880 1260 2927 quidem
1289 2879 1427 2926 populi
1453 2878 1605 2913 rabiem
1632 2877 1702 2912 vix
1730 2876 1824 2911 cffu-
