2054 3282
551 253 806 292 TORNICES
831 252 1134 294 BYZANTIVM
1159 255 1394 294 OBSIDET.
1650 259 1721 297 629

223 373 393 428 τείχεσιν
436 375 672 430 ἐφεστῶτας
711 376 885 424 ἑαυτοὺς
923 377 970 419 ἐκ
1007 377 1156 421 τούτου
1187 379 1523 434 καταβάλλοντας
1553 381 1721 436 φεύγειν

224 443 296 485 καὶ
325 443 423 491 τοὺς
452 444 526 492 τὰς
556 445 746 492 εἰσόδους
775 449 1071 501 φρουροῦντας
1100 451 1173 503 τῆς
1201 447 1367 495 πόλεως
1397 449 1618 504 φρούδους
1643 450 1718 492 αὖ·

49 506 52 510 ⁴
71 508 127 547 IV
142 509 210 546 ¹65
222 513 314 555 τίκα
354 514 557 568 γενέσθαι,
600 514 710 570 μηδὲ
747 515 820 562 τὰς
857 515 991 562 πύλας
1030 516 1379 570 ἕπιζυγώσαντας.
1441 518 1480 559 εἶ
1506 516 1583 560 οὖν
1613 518 1720 574 εἶχεν
1733 521 1779 557 27

222 581 247 622 ὁ
277 582 366 624 τότε
396 582 582 637 πόλεμος
610 583 682 624 τὸν
712 583 848 625 εἰδότα
881 588 1012 632 νικᾶν,
1055 584 1180 626 οὐδὲν
1216 584 1270 640 ἦν
1307 585 1355 628 τὸ
1388 586 1558 629 κωλῦον
1589 586 1719 634 εὐθὺς
1732 589 1764 624 Ρ
1772 588 1933 626 II253A

184 649 292 691 ὃτὸν
326 650 529 706 Τορνίκην
566 650 682 698 ἐντὸς
721 652 913 706 γενέσθαι
950 656 1024 694 τοῦ
1064 653 1210 700 ἄστεος
1246 653 1318 696 καὶ
1360 655 1475 702 τέλος
1517 655 1718 698 ἐπιθεῖναι

218 723 280 774 τῷ
300 719 575 774 ἐγχειρήματι.
638 718 740 762 ἄλλα
762 723 883 762 τοῦτο
903 722 998 775 μέν,
1031 722 1117 763 ἐπεὶ
1144 722 1204 777 μὴ
1237 727 1287 778 τῇ
1318 723 1489 766 ἄνωθεν
1519 724 1718 766 ἐδέδοκτο
1731 727 1778 763 28

219 788 430 843 διοικήσει,
462 788 534 830 τὸν
553 793 833 843 τυραννοῦντα
857 789 1062 844 διέφυγεν.
1126 791 1151 832 ὄ
1184 791 1231 833 δέ
1262 807 1307 846 γε
1337 791 1530 847 βασιλεὺς
1559 795 1777 848 μικροῦ29

217 859 270 899 ἂν
300 857 579 899 ἐκινδύνευσε·
622 861 708 899 τῶν
745 858 825 912 γάρ
865 874 922 904 τις
959 859 1158 901 ἐναντίων
1193 857 1304 902 τόνδ’
1338 861 1615 910 ἕπιτοξάζεται
1645 861 1717 903 καὶ

215 925 339 981 βέλος
369 926 514 981 ἀφίησι
544 924 635 968 κατ’
669 927 812 980 αὐτοῦ,
844 926 891 968 τὸ
918 924 956 968 δ’
979 927 1234 983 ἀτευκτῆσαν
1255 933 1329 970 τοῦ
1350 929 1558 983 βασιλέως
1577 930 1717 984 βάλλει

160 995 204 1031 10
214 995 432 1050 μειράκιόν
470 1011 505 1037 τι
534 999 620 1037 τῶν
651 995 1086 1050 θαλαμηπολούντων.
1149 994 1236 1038 ἀλλ’
1270 997 1363 1039 οὐδ’
1396 999 1544 1053 ἐκείνῳ
1574 999 1715 1053 καιρία
1729 1003 1776 1038 30
1844 1012 1846 1014 ’

216 1064 384 1118 γέγονεν
415 1065 441 1119 ἡ
473 1064 521 1105 ἐκ
552 1067 626 1106 τοῦ
656 1065 807 1119 βέλους
836 1063 993 1119 πληγή·
1039 1065 1087 1106 οἵ
1117 1081 1163 1119 γε
1200 1066 1287 1120 μὴν
1316 1065 1412 1119 περὶ
1441 1065 1514 1108 τὸν
1543 1067 1714 1122 βασιλέα

216 1131 420 1179 δείσαντες
462 1132 609 1174 αὐτίκα
651 1133 916 1188 μετέστησαν,
961 1135 1156 1182 κάκεῖνος
1199 1135 1325 1182 αὐτὸς
1362 1136 1512 1178 ἄλλοσέ
1546 1153 1605 1192 πῃ
1643 1135 1716 1179 τὸν

214 1201 366 1243 θῶκον
400 1202 662 1256 μετήνεγκεν.
725 1203 774 1243 ὃν
806 1199 843 1243 δ’
877 1204 1014 1258 εἴρητο
1054 1203 1212 1258 τρόπον
1250 1205 1467 1259 διαφυγεῖν
1502 1204 1574 1246 τὸν
1608 1204 1712 1259 Τορ-
1727 1208 1772 1244 31

214 1269 333 1324 νίκην
374 1268 421 1311 τὸ
464 1270 691 1325 εὐτύχημα,
736 1272 793 1317 εἷς
828 1272 1067 1313 τούναντίον
1103 1273 1221 1327 αὐτῷ
1256 1271 1305 1313 τὰ
1337 1272 1563 1327 πράγματα
1594 1288 1710 1327 περι-

158 1337 200 1374 15
213 1338 395 1392 έτρεψεν.
458 1339 484 1393 ἤ
515 1355 556 1380 τε
595 1338 675 1393 γὰρ
712 1339 830 1386 πόλις
867 1339 992 1387 αὖθις
1030 1339 1113 1382 ὑπὸ
1150 1340 1346 1396 φρουρὰν
1378 1340 1555 1395 ἐγεγόνει
1586 1341 1658 1383 καὶ
1689 1341 1774 1382 632
1802 1345 1832 1381 Β

211 1406 415 1461 τύραννος
459 1405 585 1454 αὖθις
630 1408 769 1450 ἕωθεν
813 1409 1071 1464 προσβαλὼν
1117 1409 1189 1451 καὶ
1234 1409 1547 1464 ἀποκρουσθεὶς
1593 1409 1710 1464 παρὰ

212 1474 351 1530 βραχὺ
390 1475 462 1517 καὶ
498 1476 688 1518 ἀπώλετο
727 1477 789 1519 ἄν.
850 1478 985 1520 λίθων
1024 1478 1104 1533 γὰρ
1137 1478 1184 1520 ἐκ
1216 1483 1411 1534 μηχανῆς
1440 1478 1711 1521 ταλαντιαίων
1727 1484 1774 1520 33

289 1630 306 1665 l
334 1631 467 1666 τούτων
485 1630 516 1666 Ο
603 1631 859 1676 καταβαλόντας
877 1631 913 1666 D
1010 1631 1033 1667 2
1059 1637 1279 1678 φροροῦντας
1298 1631 1334 1667 D
1431 1633 1454 1668 3
1478 1632 1714 1677 ἔπιζυγώσαν-

286 1692 341 1718 τες
367 1677 403 1713 D
536 1684 621 1724 γοῦν
646 1679 742 1725 Ewp
877 1679 901 1715 4
924 1680 1077 1724 πόλεμος
1104 1678 1271 1726 prDi‚
1296 1680 1463 1725 πολέμιος
1490 1679 1535 1734 Αζ
1563 1680 1714 1725 πόλεμος

288 1737 338 1762 ex
359 1726 524 1771 πολέμιος
550 1737 652 1762 corr.
670 1726 702 1762 B
800 1731 895 1762 auto
912 1728 956 1773 ἦν
975 1727 1066 1763 add.
1086 1729 1128 1763 ἂν
1146 1728 1182 1762 D
1279 1728 1420 1764 κωλῦον
1439 1727 1544 1771 DDz‚
1571 1728 1715 1763 κωλύον

286 1773 423 1820 Apr
519 1774 628 1814 εὐθὺς
655 1785 731 1810 oin.
758 1774 793 1809 D
890 1775 912 1811 5
938 1777 1114 1820 τορνίκιον
1140 1775 1302 1821 BCEwp
1400 1776 1423 1811 8
1448 1775 1532 1820 τῷδ’
1562 1775 1616 1819 Ῑ);
1642 1776 1712 1811 sed

289 1822 393 1858 sicut
418 1825 479 1858 est
505 1821 687 1858 Zonarae
712 1822 926 1868 ἐπιπλήττειν
951 1823 1026 1859 τινά
1052 1823 1163 1866 (XIII
1191 1823 1248 1868 15,
1270 1823 1340 1867 12),
1367 1824 1423 1859 ita
1447 1823 1713 1865 ἐπιτοξάζεσθαι

288 1880 378 1905 cum
397 1870 633 1905 accusativo
653 1874 784 1916 potest
802 1871 996 1915 coniungi
1088 1871 1132 1906 10
1157 1871 1461 1916 θαμηπολοὺντων
1478 1871 1515 1906 D
1611 1871 1653 1906 11
1681 1873 1720 1906 οἵ

287 1931 325 1963 γε
348 1916 434 1963 μὴν]
460 1918 496 1952 οἱ
518 1918 597 1963 δέγε
623 1918 719 1963 Ewp
819 1922 909 1962 post
932 1918 1004 1964 μὴν
1022 1918 1114 1954 add.
1140 1920 1178 1954 οἵ
1200 1919 1236 1953 D
1336 1918 1380 1954 12
1404 1919 1529 1954 ἄλλοσέ
1545 1918 1712 1964 prDi‚

286 1965 387 2003 ἄλλος
413 1964 452 1999 σέ
477 1964 511 1999 A
641 1966 693 2000 12.
723 1966 766 2001 13
791 1966 850 2001 τὸν
874 1967 1000 2001 θῶκον
1024 1966 1235 2012 μετήνεγκεν
1259 1965 1328 2002 ΑΕ
1354 1966 1431 2012 (τὴν
1456 1967 1638 2011 καθέδραν
1664 1967 1713 2001 δι-

287 2013 417 2058 ήμειψε
434 2012 549 2048 Psell.
578 2013 794 2059 ρ.156,17),
821 2013 885 2049 σὺν
910 2016 1000 2055 (orn.
1023 2013 1092 2055 Di)
1120 2020 1169 2058 τῷ
1199 2014 1315 2058 θώκῳ
1339 2015 1532 2059 μετήνεκτο
1557 2013 1714 2059 prDz'

290 2061 333 2096 13
358 2061 492 2105 εἴρηται
521 2059 675 2106 prDi
797 2062 981 2107 διαφυγεῖν
1006 2061 1064 2097 τὸν
1090 2063 1254 2107 τορνίκην
1281 2062 1326 2105 Α,
1353 2062 1415 2097 τὸν
1440 2062 1614 2106 τορνίκιον
1639 2062 1713 2097 δια-

287 2108 401 2153 φυγὸν
429 2108 534 2153 Εῐνρ,
562 2108 749 2154 διαφυγὼν
775 2109 964 2154 (διαφυγὸν
981 2119 1032 2144 ex
1052 2109 1237 2155 διαφυγὼν
1263 2120 1364 2145 corr.
1382 2109 1428 2151 B)
1455 2109 1512 2145 τὸν
1538 2110 1713 2154 τορνίκιον

287 2156 330 2200 Ο,
357 2156 530 2202 διαφυγὸν
555 2156 613 2191 τὸν
638 2158 804 2202 τορνίκην
830 2155 886 2192 Di
988 2157 1029 2193 16
1054 2157 1158 2197 αὖθις
1184 2156 1265 2202 ΑΕ,
1290 2157 1393 2193 πάλιν
1419 2156 1516 2203 pr

215 2308 335 2344 nibus
376 2308 549 2353 stabant,
589 2308 819 2344 desilientes
858 2310 1048 2355 sugerent
1086 2312 1125 2345 et
1163 2310 1231 2355 qui
1268 2308 1401 2344 aditus
1435 2309 1548 2345 urbis
1583 2313 1711 2346 custo—

215 2356 392 2401 diebant,
430 2356 534 2392 illico
569 2355 779 2392 evolarent
811 2366 834 2392 e
866 2359 1086 2402 conspeetu
1120 2367 1171 2392 no
1204 2357 1330 2403 portis
1361 2357 1523 2403 quidem
1555 2357 1711 2393 clausis.

215 2403 367 2446 Quodsi
406 2403 554 2439 bellum
596 2404 693 2439 illud
733 2405 864 2440 virum
905 2404 1111 2440 habuisset
1150 2404 1290 2440 utendi
1324 2405 1495 2440 victoria
1526 2402 1772 2451 peritum,27

214 2451 310 2487 nihil
345 2450 546 2488 Tornieen
585 2452 637 2486 ab
672 2452 783 2487 urbis
819 2453 1006 2498 ingressu
1046 2452 1109 2486 vel
1147 2452 1410 2488 exsecutione
1445 2455 1615 2488 conatus
1649 2454 1711 2488 sui

215 2499 496 2545 prohibuisset.
547 2498 625 2535 Sed
654 2510 742 2534 eam
771 2500 1035 2543 occasionem,
1074 2509 1165 2535 cum
1193 2499 1269 2535 deo
1296 2499 1413 2535 aliter
1445 2500 1574 2535 visum
1594 2503 1710 2545 esset,
1725 2498 1771 2534 28

214 2551 414 2592 tyrannus
439 2547 581 2582 amisit.
632 2547 717 2583 Rex
747 2551 879 2583 tamen
907 2547 1086 2593 periculo
1114 2548 1322 2593 proximus
1349 2548 1440 2592 fuit3
1467 2558 1558 2583 nam
1588 2545 1771 2584 hostis29

217 2593 380 2640 quidam
413 2595 558 2630 omissa
593 2598 732 2630 contra
771 2595 880 2630 illum
914 2595 1063 2640 sagitta
1096 2595 1226 2641 ipsum
1261 2595 1423 2640 quidem
1459 2605 1596 2641 rogem
1629 2606 1710 2631 uon

216 2641 395 2687 perculit,
423 2642 493 2678 sed
520 2642 818 2678 adulescentem
848 2642 1020 2677 cubiculi
1040 2643 1289 2688 mag-istrum,
1317 2653 1364 2678 ac
1390 2653 1441 2678 ne
1467 2643 1520 2678 illi
1548 2643 1709 2689 quidem

215 2689 365 2725 vulnus
390 2690 639 2726 mortiferum
667 2690 822 2725 inflixit.
873 2689 1025 2725 Tamen
1052 2690 1243 2726 satellites
1270 2691 1396 2725 territi
1423 2691 1556 2726 statim
1583 2690 1772 2726 rocos-30

215 2740 354 2772 serunt
373 2737 511 2783 etipse
529 2738 748 2783 imperator
767 2738 902 2773 sellam
923 2737 1001 2772 alio
1021 2738 1232 2773 transtulit.
1284 2736 1362 2774 Sed
1380 2738 1561 2782 felicitas,
1588 2748 1708 2784 quam
1723 2737 1767 2773 31

215 2784 267 2819 ab
293 2783 467 2820 Tornico
499 2786 555 2820 ita
588 2785 814 2831 neglectum
849 2796 937 2820 esso
970 2786 1244 2831 exposuimus,
1283 2796 1367 2821 rem
1395 2786 1434 2821 in
1463 2786 1708 2821 contrarium

214 2831 346 2867 vertit.
396 2831 496 2868 Nam
524 2833 625 2868 urbe
644 2833 777 2868 denuo
798 2833 989 2868 custodiis
1013 2833 1179 2877 munita,
1207 2836 1404 2879 tyrannus
1429 2843 1548 2868 mane
1570 2843 1709 2869 rursus
1723 2832 1770 2868 32

214 2879 367 2925 impetu
393 2880 433 2915 ln
460 2880 620 2916 moenia
646 2882 753 2915 sacto
781 2880 966 2926 repulsus
984 2884 1044 2915 est
1069 2890 1144 2916 nec
1166 2880 1333 2916 multum
1360 2881 1473 2924 afuit,
1501 2881 1596 2927 quin
1624 2881 1709 2927 ipso

216 2927 376 2973 periret.
427 2926 526 2964 Nam
559 2937 649 2963 cum
685 2938 734 2964 ox
769 2928 954 2963 machina
986 2938 1087 2963 saxa
1119 2928 1257 2964 talenti
1293 2928 1473 2974 pondere
1505 2929 1544 2964 iu
1577 2928 1770 2965 hostosaa
