<?xml version="1.0" encoding="UTF-8"?>
<!DOCTYPE html PUBLIC "-//W3C//DTD XHTML 1.0 Transitional//EN"
    "http://www.w3.org/TR/xhtml1/DTD/xhtml1-transitional.dtd">
<html xmlns="http://www.w3.org/1999/xhtml" xml:lang="en" lang="en">
 <head>
  <title>
</title>
<meta http-equiv="Content-Type" content="text/html;charset=utf-8" />
  <meta name='ocr-system' content='tesseract 3.04.00' />
  <meta name='ocr-capabilities' content='ocr_page ocr_carea ocr_par ocr_line ocrx_word'/>
</head>
<body>
  <div class='ocr_page' id='page_1' title='image "./corpusscriptorum31niebuoft_0749.png"; bbox 0 0 2066 3230; ppageno 0'>
   <div class='ocr_carea' id='block_1_1' title="bbox 398 227 1724 277">
    <p class='ocr_par' dir='ltr' id='par_1_1' title="bbox 398 227 1724 277">
     <span class='ocr_line' id='line_1_1' title="bbox 398 227 1724 277; baseline 0.007 -9"><span class='ocrx_word' id='word_1_1' title='bbox 398 227 692 271; x_wconf 84' lang='lat' dir='ltr'><strong>BRYENNIVS</strong></span> <span class='ocrx_word' id='word_1_2' title='bbox 718 230 1006 273; x_wconf 76' lang='lat' dir='ltr'>CAEOATVR.</span> <span class='ocrx_word' id='word_1_3' title='bbox 1055 231 1317 275; x_wconf 86' lang='lat' dir='ltr'>BASILACII</span> <span class='ocrx_word' id='word_1_4' title='bbox 1345 233 1565 276; x_wconf 82' lang='lat' dir='ltr'>SEDITIO.</span> <span class='ocrx_word' id='word_1_5' title='bbox 1654 236 1724 277; x_wconf 79' lang='lat'><strong><em>723</em></strong></span> 
     </span>
    </p>
   </div>
   <div class='ocr_carea' id='block_1_2' title="bbox 26 353 1783 1577">
    <p class='ocr_par' dir='ltr' id='par_1_2' title="bbox 26 353 1783 1577">
     <span class='ocr_line' id='line_1_2' title="bbox 232 353 1725 415; baseline 0.005 -19"><span class='ocrx_word' id='word_1_6' title='bbox 232 353 374 410; x_wconf 84' lang='grc' dir='ltr'><em>ψήφῳ</em></span> <span class='ocrx_word' id='word_1_7' title='bbox 405 355 607 411; x_wconf 82' lang='grc' dir='ltr'><strong><em>συνοόικῇ</em></strong></span> <span class='ocrx_word' id='word_1_8' title='bbox 636 357 941 413; x_wconf 87' lang='grc' dir='ltr'><strong><em>μητροπολίτης</em></strong></span> <span class='ocrx_word' id='word_1_9' title='bbox 965 357 1147 414; x_wconf 82' lang='grc' dir='ltr'><strong><em>Ἐφέσου</em></strong></span> <span class='ocrx_word' id='word_1_10' title='bbox 1178 359 1490 415; x_wconf 81' lang='grc' dir='ltr'><strong><em>κεχειροτόνητο</em></strong></span> <span class='ocrx_word' id='word_1_11' title='bbox 1520 360 1591 403; x_wconf 84' lang='grc' dir='ltr'><strong><em>καὶ</em></strong></span> <span class='ocrx_word' id='word_1_12' title='bbox 1611 361 1725 410; x_wconf 84' lang='grc' dir='ltr'><strong><em>ἅπαξ</em></strong></span> 
     </span>
     <span class='ocr_line' id='line_1_3' title="bbox 233 423 1724 485; baseline 0.005 -21"><span class='ocrx_word' id='word_1_13' title='bbox 233 423 437 478; x_wconf 84' lang='grc' dir='ltr'><strong><em>φοιτήσας</em></strong></span> <span class='ocrx_word' id='word_1_14' title='bbox 467 424 556 484; x_wconf 73' lang='grc' dir='ltr'><strong><em>ἐκεῖ</em></strong></span> <span class='ocrx_word' id='word_1_15' title='bbox 581 425 792 480; x_wconf 73' lang='grc' dir='ltr'><em>ἐπανῆλθε</em></span> <span class='ocrx_word' id='word_1_16' title='bbox 821 426 893 468; x_wconf 80' lang='grc' dir='ltr'><strong><em>καὶ</em></strong></span> <span class='ocrx_word' id='word_1_17' title='bbox 923 427 968 469; x_wconf 80' lang='grc' dir='ltr'><strong><em>ἐν</em></strong></span> <span class='ocrx_word' id='word_1_18' title='bbox 997 432 1047 483; x_wconf 89' lang='grc' dir='ltr'><strong><em>τῇ</em></strong></span> <span class='ocrx_word' id='word_1_19' title='bbox 1077 431 1151 470; x_wconf 86' lang='grc' dir='ltr'><strong><em>τοῦ</em></strong></span> <span class='ocrx_word' id='word_1_20' title='bbox 1171 427 1382 483; x_wconf 84' lang='grc' dir='ltr'><strong><em>Μανουὴλ</em></strong></span> <span class='ocrx_word' id='word_1_21' title='bbox 1405 433 1518 485; x_wconf 83' lang='grc' dir='ltr'><strong><em>μονῇ</em></strong></span> <span class='ocrx_word' id='word_1_22' title='bbox 1549 430 1724 472; x_wconf 81' lang='grc' dir='ltr'><strong><em>ἐποιεῖτο</em></strong></span> 
     </span>
     <span class='ocr_line' id='line_1_4' title="bbox 232 490 1782 553; baseline 0.004 -21"><span class='ocrx_word' id='word_1_23' title='bbox 232 490 308 546; x_wconf 87' lang='grc' dir='ltr'><strong><em>τὴν</em></strong></span> <span class='ocrx_word' id='word_1_24' title='bbox 352 491 520 534; x_wconf 76' lang='grc' dir='ltr'><strong><em>δίαιταν.</em></strong></span> <span class='ocrx_word' id='word_1_25' title='bbox 582 494 686 548; x_wconf 84' lang='grc' dir='ltr'><strong><em>μετὰ</em></strong></span> <span class='ocrx_word' id='word_1_26' title='bbox 726 494 772 536; x_wconf 82' lang='grc' dir='ltr'><strong><em>δὲ</em></strong></span> <span class='ocrx_word' id='word_1_27' title='bbox 806 494 854 537; x_wconf 88' lang='grc' dir='ltr'><strong><em>τὸ</em></strong></span> <span class='ocrx_word' id='word_1_28' title='bbox 891 494 964 538; x_wconf 86' lang='grc' dir='ltr'><strong><em>τὸν</em></strong></span> <span class='ocrx_word' id='word_1_29' title='bbox 995 496 1273 552; x_wconf 83' lang='grc' dir='ltr'><strong><em>Βοτανειάτην</em></strong></span> <span class='ocrx_word' id='word_1_30' title='bbox 1310 502 1384 552; x_wconf 90' lang='grc' dir='ltr'><strong><em>τῆς</em></strong></span> <span class='ocrx_word' id='word_1_31' title='bbox 1414 498 1623 553; x_wconf 80' lang='grc' dir='ltr'><strong><em>βασιλείας</em></strong></span> <span class='ocrx_word' id='word_1_32' title='bbox 1653 498 1722 540; x_wconf 85' lang='grc' dir='ltr'><strong><em>ἕκ-</em></strong></span> <span class='ocrx_word' id='word_1_33' title='bbox 1739 502 1782 538; x_wconf 82' lang='lat'><strong><em>15</em></strong></span> 
     </span>
     <span class='ocr_line' id='line_1_5' title="bbox 232 561 1722 622; baseline 0.006 -22"><span class='ocrx_word' id='word_1_34' title='bbox 232 561 495 603; x_wconf 82' lang='grc' dir='ltr'><strong><em>πεπτωκέναι</em></strong></span> <span class='ocrx_word' id='word_1_35' title='bbox 525 561 731 616; x_wconf 76' lang='grc' dir='ltr'><em>θνήσκων</em></span> <span class='ocrx_word' id='word_1_36' title='bbox 761 561 885 611; x_wconf 86' lang='grc' dir='ltr'><strong><em>οὗτος</em></strong></span> <span class='ocrx_word' id='word_1_37' title='bbox 914 565 939 607; x_wconf 85' lang='grc' dir='ltr'>ὁ</span> <span class='ocrx_word' id='word_1_38' title='bbox 960 564 1147 621; x_wconf 70' lang='grc' dir='ltr'><strong><em>ΛῙιχαήλ,</em></strong></span> <span class='ocrx_word' id='word_1_39' title='bbox 1177 565 1311 608; x_wconf 84' lang='grc' dir='ltr'><strong><em>πολλὰ</em></strong></span> <span class='ocrx_word' id='word_1_40' title='bbox 1343 566 1563 622; x_wconf 76' lang='grc' dir='ltr'><strong><em>δεηθείσης</em></strong></span> <span class='ocrx_word' id='word_1_41' title='bbox 1593 567 1722 609; x_wconf 81' lang='grc' dir='ltr'><strong><em>αὐτοῦ</em></strong></span> 
     </span>
     <span class='ocr_line' id='line_1_6' title="bbox 197 628 1722 690; baseline 0.007 -23"><span class='ocrx_word' id='word_1_42' title='bbox 197 629 307 683; x_wconf 70' lang='grc' dir='ltr'><strong><em>ὁτῆς</em></strong></span> <span class='ocrx_word' id='word_1_43' title='bbox 326 628 566 685; x_wconf 80' lang='grc' dir='ltr'><strong><em>βασιλίσσης</em></strong></span> <span class='ocrx_word' id='word_1_44' title='bbox 584 630 774 686; x_wconf 81' lang='grc' dir='ltr'><strong><em>Μαρίας,</em></strong></span> <span class='ocrx_word' id='word_1_45' title='bbox 805 633 887 688; x_wconf 75' lang='grc' dir='ltr'><strong><em>ἤδη</em></strong></span> <span class='ocrx_word' id='word_1_46' title='bbox 918 633 1114 689; x_wconf 81' lang='grc' dir='ltr'><strong><em>κάκείνης</em></strong></span> <span class='ocrx_word' id='word_1_47' title='bbox 1142 639 1334 689; x_wconf 86' lang='grc' dir='ltr'><strong><em>μοναχῆς</em></strong></span> <span class='ocrx_word' id='word_1_48' title='bbox 1365 635 1591 689; x_wconf 80' lang='grc' dir='ltr'><strong><em>γεγονυίας,</em></strong></span> <span class='ocrx_word' id='word_1_49' title='bbox 1623 651 1722 690; x_wconf 91' lang='grc' dir='ltr'><strong><em>συγ-</em></strong></span> 
     </span>
     <span class='ocr_line' id='line_1_7' title="bbox 235 697 1592 758; baseline 0.006 -21"><span class='ocrx_word' id='word_1_50' title='bbox 235 697 410 751; x_wconf 81' lang='grc' dir='ltr'><strong><em>γνώμην</em></strong></span> <span class='ocrx_word' id='word_1_51' title='bbox 441 698 573 753; x_wconf 86' lang='grc' dir='ltr'><strong><em>ἔνειμε</em></strong></span> <span class='ocrx_word' id='word_1_52' title='bbox 603 700 728 755; x_wconf 85' lang='grc' dir='ltr'><strong><em>ταύτῃ</em></strong></span> <span class='ocrx_word' id='word_1_53' title='bbox 760 700 831 742; x_wconf 81' lang='grc' dir='ltr'><strong><em>καὶ</em></strong></span> <span class='ocrx_word' id='word_1_54' title='bbox 861 702 1126 757; x_wconf 86' lang='grc' dir='ltr'><strong><em>συγχώρησιν</em></strong></span> <span class='ocrx_word' id='word_1_55' title='bbox 1157 703 1364 758; x_wconf 78' lang='grc' dir='ltr'><strong><em>ἐπηύξατο</em></strong></span> <span class='ocrx_word' id='word_1_56' title='bbox 1396 703 1443 744; x_wconf 82' lang='grc' dir='ltr'><strong><em>ἐκ</em></strong></span> <span class='ocrx_word' id='word_1_57' title='bbox 1475 703 1592 745; x_wconf 75' lang='grc' dir='ltr'><strong><em>θεοῦ.</em></strong></span> 
     </span>
     <span class='ocr_line' id='line_1_8' title="bbox 79 764 1783 825; baseline 0.004 -18"><span class='ocrx_word' id='word_1_58' title='bbox 79 764 135 804; x_wconf 86' lang='lat' dir='ltr'><strong><em>IV</em></strong></span> <span class='ocrx_word' id='word_1_59' title='bbox 150 765 222 803; x_wconf 81' lang='lat'><strong><em>230</em></strong></span> <span class='ocrx_word' id='word_1_60' title='bbox 350 764 404 808; x_wconf 91' lang='grc' dir='ltr'><strong><em>Ὁ</em></strong></span> <span class='ocrx_word' id='word_1_61' title='bbox 434 766 479 808; x_wconf 83' lang='grc' dir='ltr'><strong><em>δὲ</em></strong></span> <span class='ocrx_word' id='word_1_62' title='bbox 508 768 867 824; x_wconf 81' lang='grc' dir='ltr'><strong><em>πρωτοπρόεόρος</em></strong></span> <span class='ocrx_word' id='word_1_63' title='bbox 887 769 1140 825; x_wconf 83' lang='grc' dir='ltr'><strong><em>Νικηφόρος</em></strong></span> <span class='ocrx_word' id='word_1_64' title='bbox 1170 771 1194 812; x_wconf 84' lang='grc' dir='ltr'>ὁ</span> <span class='ocrx_word' id='word_1_65' title='bbox 1216 770 1480 825; x_wconf 85' lang='grc' dir='ltr'><strong><em>Βασιλάκιος,</em></strong></span> <span class='ocrx_word' id='word_1_66' title='bbox 1511 774 1585 813; x_wconf 87' lang='grc' dir='ltr'><strong><em>τοῦ</em></strong></span> <span class='ocrx_word' id='word_1_67' title='bbox 1607 771 1722 825; x_wconf 87' lang='grc' dir='ltr'><strong><em>Βρυ-</em></strong></span> <span class='ocrx_word' id='word_1_68' title='bbox 1738 776 1783 813; x_wconf 85' lang='grc'><strong>16</strong></span> 
     </span>
     <span class='ocr_line' id='line_1_9' title="bbox 26 828 1723 894; baseline 0.005 -21"><span class='ocrx_word' id='word_1_69' title='bbox 26 828 31 844; x_wconf 77' lang='grc'><strong>“</strong></span> <span class='ocrx_word' id='word_1_70' title='bbox 236 833 371 875; x_wconf 86' lang='grc' dir='ltr'><strong><em>εννίου</em></strong></span> <span class='ocrx_word' id='word_1_71' title='bbox 402 834 626 889; x_wconf 88' lang='grc' dir='ltr'><strong><em>γενόμενος</em></strong></span> <span class='ocrx_word' id='word_1_72' title='bbox 656 836 722 878; x_wconf 78' lang='grc' dir='ltr'><strong><em>ἐπὶ</em></strong></span> <span class='ocrx_word' id='word_1_73' title='bbox 751 842 812 891; x_wconf 81' lang='grc' dir='ltr'><strong><em>τῷ</em></strong></span> <span class='ocrx_word' id='word_1_74' title='bbox 833 837 1061 893; x_wconf 83' lang='grc' dir='ltr'><strong><em>Δυρραχίῳ</em></strong></span> <span class='ocrx_word' id='word_1_75' title='bbox 1087 838 1297 893; x_wconf 79' lang='grc' dir='ltr'><strong><em>διάδοχος,</em></strong></span> <span class='ocrx_word' id='word_1_76' title='bbox 1329 839 1400 880; x_wconf 87' lang='grc' dir='ltr'><strong><em>καὶ</em></strong></span> <span class='ocrx_word' id='word_1_77' title='bbox 1430 839 1556 885; x_wconf 77' lang='grc' dir='ltr'><strong><em>αὐτὸς</em></strong></span> <span class='ocrx_word' id='word_1_78' title='bbox 1586 839 1723 894; x_wconf 82' lang='grc' dir='ltr'><strong><em>ἔρωτα</em></strong></span> 
     </span>
     <span class='ocr_line' id='line_1_10' title="bbox 234 903 1723 963; baseline 0.004 -20"><span class='ocrx_word' id='word_1_79' title='bbox 234 906 308 958; x_wconf 89' lang='grc' dir='ltr'><strong><em>τῆς</em></strong></span> <span class='ocrx_word' id='word_1_80' title='bbox 347 903 556 957; x_wconf 83' lang='grc' dir='ltr'><strong><em>βασιλείας</em></strong></span> <span class='ocrx_word' id='word_1_81' title='bbox 598 904 877 960; x_wconf 83' lang='grc' dir='ltr'><strong><em>ἕνεκυμόνησε</em></strong></span> <span class='ocrx_word' id='word_1_82' title='bbox 919 906 991 948; x_wconf 82' lang='grc' dir='ltr'><strong><em>καὶ</em></strong></span> <span class='ocrx_word' id='word_1_83' title='bbox 1033 906 1224 961; x_wconf 83' lang='grc' dir='ltr'><strong><em>στρατιὰν</em></strong></span> <span class='ocrx_word' id='word_1_84' title='bbox 1266 907 1471 962; x_wconf 76' lang='grc' dir='ltr'><strong><em>ἀθροίσας</em></strong></span> <span class='ocrx_word' id='word_1_85' title='bbox 1507 907 1583 949; x_wconf 83' lang='grc' dir='ltr'><strong><em>σὺν</em></strong></span> <span class='ocrx_word' id='word_1_86' title='bbox 1618 908 1723 963; x_wconf 82' lang='grc' dir='ltr'><strong><em>αὐτῇ</em></strong></span> 
     </span>
     <span class='ocr_line' id='line_1_11' title="bbox 174 970 1782 1031; baseline 0.003 -19"><span class='ocrx_word' id='word_1_87' title='bbox 174 974 221 1010; x_wconf 89' lang='grc'><strong><em>10</em></strong></span> <span class='ocrx_word' id='word_1_88' title='bbox 232 970 342 1026; x_wconf 84' lang='grc' dir='ltr'><strong><em>πρὸς</em></strong></span> <span class='ocrx_word' id='word_1_89' title='bbox 363 970 672 1027; x_wconf 83' lang='grc' dir='ltr'><strong><em>Θεσσαλονίκην</em></strong></span> <span class='ocrx_word' id='word_1_90' title='bbox 703 973 827 1028; x_wconf 85' lang='grc' dir='ltr'><strong><em>ἀνῄει.</em></strong></span> <span class='ocrx_word' id='word_1_91' title='bbox 889 974 994 1016; x_wconf 75' lang='grc' dir='ltr'><strong><em>ἔνθα</em></strong></span> <span class='ocrx_word' id='word_1_92' title='bbox 1024 975 1184 1029; x_wconf 73' lang='grc' dir='ltr'><strong><em>μαθὼν</em></strong></span> <span class='ocrx_word' id='word_1_93' title='bbox 1214 975 1277 1022; x_wconf 87' lang='grc' dir='ltr'><strong><em>ὡς</em></strong></span> <span class='ocrx_word' id='word_1_94' title='bbox 1301 975 1326 1016; x_wconf 86' lang='grc' dir='ltr'>ὁ</span> <span class='ocrx_word' id='word_1_95' title='bbox 1347 975 1624 1031; x_wconf 88' lang='grc' dir='ltr'><strong><em>Βοτανειάτης</em></strong></span> <span class='ocrx_word' id='word_1_96' title='bbox 1652 976 1722 1031; x_wconf 80' lang='grc' dir='ltr'><strong><em>βε·</em></strong></span> <span class='ocrx_word' id='word_1_97' title='bbox 1740 982 1782 1018; x_wconf 83' lang='grc'><strong>17</strong></span> 
     </span>
     <span class='ocr_line' id='line_1_12' title="bbox 232 1039 1773 1099; baseline 0.003 -18"><span class='ocrx_word' id='word_1_98' title='bbox 232 1039 479 1095; x_wconf 87' lang='grc' dir='ltr'><strong><em>βασιλεύκει,</em></strong></span> <span class='ocrx_word' id='word_1_99' title='bbox 523 1041 671 1096; x_wconf 76' lang='grc' dir='ltr'><strong><em>ἐκείνῳ</em></strong></span> <span class='ocrx_word' id='word_1_100' title='bbox 699 1041 779 1096; x_wconf 82' lang='grc' dir='ltr'><strong><em>μὲν</em></strong></span> <span class='ocrx_word' id='word_1_101' title='bbox 809 1042 1007 1084; x_wconf 83' lang='grc' dir='ltr'><strong><em>ἐπέστειλε</em></strong></span> <span class='ocrx_word' id='word_1_102' title='bbox 1039 1043 1259 1098; x_wconf 85' lang='grc' dir='ltr'><strong><em>ὃουλικῶς,</em></strong></span> <span class='ocrx_word' id='word_1_103' title='bbox 1302 1044 1444 1098; x_wconf 76' lang='grc' dir='ltr'><strong><em>λάθρᾳ</em></strong></span> <span class='ocrx_word' id='word_1_104' title='bbox 1485 1043 1530 1085; x_wconf 80' lang='grc' dir='ltr'><strong><em>δὲ</em></strong></span> <span class='ocrx_word' id='word_1_105' title='bbox 1566 1044 1614 1085; x_wconf 82' lang='grc' dir='ltr'><strong><em>τὰ</em></strong></span> <span class='ocrx_word' id='word_1_106' title='bbox 1651 1049 1724 1099; x_wconf 89' lang='grc' dir='ltr'><strong><em>τῆς</em></strong></span> <span class='ocrx_word' id='word_1_107' title='bbox 1737 1050 1773 1086; x_wconf 92' lang='lat' dir='ltr'>D</span> 
     </span>
     <span class='ocr_line' id='line_1_13' title="bbox 234 1108 1721 1166; baseline 0.003 -17"><span class='ocrx_word' id='word_1_108' title='bbox 234 1108 488 1156; x_wconf 84' lang='grc' dir='ltr'><strong><em>ἀποστασίας</em></strong></span> <span class='ocrx_word' id='word_1_109' title='bbox 524 1109 690 1164; x_wconf 79' lang='grc' dir='ltr'><strong><em>ἐτύρευε</em></strong></span> <span class='ocrx_word' id='word_1_110' title='bbox 724 1110 796 1152; x_wconf 84' lang='grc' dir='ltr'><strong><em>καὶ</em></strong></span> <span class='ocrx_word' id='word_1_111' title='bbox 830 1110 940 1166; x_wconf 85' lang='grc' dir='ltr'><strong><em>πρὸς</em></strong></span> <span class='ocrx_word' id='word_1_112' title='bbox 977 1112 1219 1166; x_wconf 84' lang='grc' dir='ltr'><strong><em>συμμαχίαν</em></strong></span> <span class='ocrx_word' id='word_1_113' title='bbox 1254 1113 1535 1166; x_wconf 86' lang='grc' dir='ltr'><strong><em>μετεπέμπετο</em></strong></span> <span class='ocrx_word' id='word_1_114' title='bbox 1566 1111 1721 1161; x_wconf 87' lang='grc' dir='ltr'><strong><em>ῙΙατζι-</em></strong></span> 
     </span>
     <span class='ocr_line' id='line_1_14' title="bbox 232 1176 1782 1234; baseline 0.003 -16"><span class='ocrx_word' id='word_1_115' title='bbox 232 1176 377 1223; x_wconf 87' lang='grc' dir='ltr'><strong><em>νάκας.</em></strong></span> <span class='ocrx_word' id='word_1_116' title='bbox 444 1178 469 1219; x_wconf 87' lang='grc' dir='ltr'><strong><em>ὃ</em></strong></span> <span class='ocrx_word' id='word_1_117' title='bbox 508 1177 632 1231; x_wconf 84' lang='grc' dir='ltr'><strong><em>γνοὺς</em></strong></span> <span class='ocrx_word' id='word_1_118' title='bbox 670 1178 695 1220; x_wconf 84' lang='grc' dir='ltr'>ὁ</span> <span class='ocrx_word' id='word_1_119' title='bbox 732 1178 1010 1234; x_wconf 81' lang='grc' dir='ltr'><strong><em>Βοτανειάτης</em></strong></span> <span class='ocrx_word' id='word_1_120' title='bbox 1054 1180 1368 1234; x_wconf 89' lang='grc' dir='ltr'><strong><em>χρυσόβουλλον</em></strong></span> <span class='ocrx_word' id='word_1_121' title='bbox 1413 1181 1529 1234; x_wconf 79' lang='grc' dir='ltr'><strong><em>αὐτῷ</em></strong></span> <span class='ocrx_word' id='word_1_122' title='bbox 1574 1181 1722 1223; x_wconf 82' lang='grc' dir='ltr'><strong><em>στέλλει</em></strong></span> <span class='ocrx_word' id='word_1_123' title='bbox 1739 1189 1782 1223; x_wconf 90' lang='grc'><strong><em>18</em></strong></span> 
     </span>
     <span class='ocr_line' id='line_1_15' title="bbox 234 1246 1722 1304; baseline 0.003 -17"><span class='ocrx_word' id='word_1_124' title='bbox 234 1246 418 1301; x_wconf 83' lang='grc' dir='ltr'><strong><em>γραφήν,</em></strong></span> <span class='ocrx_word' id='word_1_125' title='bbox 450 1247 538 1301; x_wconf 76' lang='grc' dir='ltr'><strong><em>ἅμα</em></strong></span> <span class='ocrx_word' id='word_1_126' title='bbox 568 1246 647 1301; x_wconf 85' lang='grc' dir='ltr'><strong><em>μὲν</em></strong></span> <span class='ocrx_word' id='word_1_127' title='bbox 676 1251 975 1302; x_wconf 84' lang='grc' dir='ltr'><strong><em>περιποιοῦσαν</em></strong></span> <span class='ocrx_word' id='word_1_128' title='bbox 1006 1249 1124 1303; x_wconf 80' lang='grc' dir='ltr'><strong><em>αὐτῷ’</em></strong></span> <span class='ocrx_word' id='word_1_129' title='bbox 1154 1246 1221 1303; x_wconf 80' lang='grc' dir='ltr'><strong><em>ἐφ’</em></strong></span> <span class='ocrx_word' id='word_1_130' title='bbox 1245 1249 1307 1294; x_wconf 84' lang='grc' dir='ltr'><strong><em>οἷς</em></strong></span> <span class='ocrx_word' id='word_1_131' title='bbox 1328 1249 1526 1304; x_wconf 78' lang='grc' dir='ltr'><strong><em>ἐτόλμησε</em></strong></span> <span class='ocrx_word' id='word_1_132' title='bbox 1546 1249 1593 1291; x_wconf 87' lang='grc' dir='ltr'><strong><em>τὸ</em></strong></span> <span class='ocrx_word' id='word_1_133' title='bbox 1620 1249 1722 1303; x_wconf 84' lang='grc' dir='ltr'><strong><em>ἀμέ-</em></strong></span> 
     </span>
     <span class='ocr_line' id='line_1_16' title="bbox 174 1315 1721 1372; baseline 0.004 -19"><span class='ocrx_word' id='word_1_134' title='bbox 174 1317 220 1353; x_wconf 84' lang='lat'><strong><em>15</em></strong></span> <span class='ocrx_word' id='word_1_135' title='bbox 233 1329 396 1369; x_wconf 86' lang='grc' dir='ltr'><strong><em>ριμνον,</em></strong></span> <span class='ocrx_word' id='word_1_136' title='bbox 443 1315 532 1369; x_wconf 82' lang='grc' dir='ltr'><strong><em>ἅμα</em></strong></span> <span class='ocrx_word' id='word_1_137' title='bbox 577 1315 623 1357; x_wconf 78' lang='grc' dir='ltr'><strong><em>δὲ</em></strong></span> <span class='ocrx_word' id='word_1_138' title='bbox 665 1316 736 1358; x_wconf 81' lang='grc' dir='ltr'><strong><em>καὶ</em></strong></span> <span class='ocrx_word' id='word_1_139' title='bbox 778 1316 900 1371; x_wconf 84' lang='grc' dir='ltr'><strong><em>τιμὴν</em></strong></span> <span class='ocrx_word' id='word_1_140' title='bbox 937 1317 1054 1371; x_wconf 80' lang='grc' dir='ltr'><strong><em>αὐτῷ</em></strong></span> <span class='ocrx_word' id='word_1_141' title='bbox 1090 1317 1366 1372; x_wconf 82' lang='grc' dir='ltr'><strong><em>νωβελισίμου</em></strong></span> <span class='ocrx_word' id='word_1_142' title='bbox 1405 1318 1721 1372; x_wconf 85' lang='grc' dir='ltr'><strong><em>βραβεύουσαν·</em></strong></span> 
     </span>
     <span class='ocr_line' id='line_1_17' title="bbox 233 1380 1783 1441; baseline 0.003 -17"><span class='ocrx_word' id='word_1_143' title='bbox 233 1380 321 1424; x_wconf 82' lang='grc' dir='ltr'><strong><em>ἀλλ’</em></strong></span> <span class='ocrx_word' id='word_1_144' title='bbox 354 1383 511 1430; x_wconf 80' lang='grc' dir='ltr'><strong><em>ἐκεῖνος</em></strong></span> <span class='ocrx_word' id='word_1_145' title='bbox 546 1384 741 1438; x_wconf 83' lang='grc' dir='ltr'><strong><em>ἄτεγκτος</em></strong></span> <span class='ocrx_word' id='word_1_146' title='bbox 777 1384 840 1440; x_wconf 86' lang='grc' dir='ltr'><strong><em>ἦν.</em></strong></span> <span class='ocrx_word' id='word_1_147' title='bbox 901 1386 1004 1427; x_wconf 77' lang='grc' dir='ltr'><strong><em>ὅθεν</em></strong></span> <span class='ocrx_word' id='word_1_148' title='bbox 1042 1386 1113 1427; x_wconf 84' lang='grc' dir='ltr'><strong><em>καὶ</em></strong></span> <span class='ocrx_word' id='word_1_149' title='bbox 1151 1383 1241 1427; x_wconf 87' lang='grc' dir='ltr'><strong><em>κατ’</em></strong></span> <span class='ocrx_word' id='word_1_150' title='bbox 1274 1386 1404 1428; x_wconf 84' lang='grc' dir='ltr'><strong><em>αὐτοῦ</em></strong></span> <span class='ocrx_word' id='word_1_151' title='bbox 1442 1386 1467 1427; x_wconf 82' lang='grc' dir='ltr'>ὁ</span> <span class='ocrx_word' id='word_1_152' title='bbox 1502 1385 1724 1441; x_wconf 81' lang='grc' dir='ltr'><strong><em>Κομνηνὸς</em></strong></span> <span class='ocrx_word' id='word_1_153' title='bbox 1741 1393 1783 1429; x_wconf 84' lang='grc'><strong>19</strong></span> 
     </span>
     <span class='ocr_line' id='line_1_18' title="bbox 226 1451 1725 1509; baseline 0.001 -16"><span class='ocrx_word' id='word_1_154' title='bbox 226 1451 407 1500; x_wconf 83' lang='grc' dir='ltr'><strong><em>Ἂλέξιος</em></strong></span> <span class='ocrx_word' id='word_1_155' title='bbox 437 1452 650 1507; x_wconf 83' lang='grc' dir='ltr'><strong><em>στέλλεται,</em></strong></span> <span class='ocrx_word' id='word_1_156' title='bbox 694 1453 881 1508; x_wconf 74' lang='grc' dir='ltr'><strong><em>τιμηθεὶς</em></strong></span> <span class='ocrx_word' id='word_1_157' title='bbox 912 1454 1124 1508; x_wconf 88' lang='grc' dir='ltr'><strong><em>σεβαστός,</em></strong></span> <span class='ocrx_word' id='word_1_158' title='bbox 1168 1454 1238 1495; x_wconf 83' lang='grc' dir='ltr'><strong><em>καὶ</em></strong></span> <span class='ocrx_word' id='word_1_159' title='bbox 1274 1454 1379 1495; x_wconf 82' lang='grc' dir='ltr'><strong><em>κατὰ</em></strong></span> <span class='ocrx_word' id='word_1_160' title='bbox 1417 1453 1725 1509; x_wconf 84' lang='grc' dir='ltr'><strong><em>Θεσσαλονίκην</em></strong></span> 
     </span>
     <span class='ocr_line' id='line_1_19' title="bbox 233 1520 1724 1577; baseline 0.001 -15"><span class='ocrx_word' id='word_1_161' title='bbox 233 1520 457 1575; x_wconf 78' lang='grc' dir='ltr'><strong><em>γενόμενος</em></strong></span> <span class='ocrx_word' id='word_1_162' title='bbox 486 1520 558 1563; x_wconf 80' lang='grc' dir='ltr'><strong><em>καὶ</em></strong></span> <span class='ocrx_word' id='word_1_163' title='bbox 587 1526 650 1576; x_wconf 81' lang='grc' dir='ltr'><strong><em>τῴ</em></strong></span> <span class='ocrx_word' id='word_1_164' title='bbox 674 1521 918 1577; x_wconf 87' lang='grc' dir='ltr'><strong><em>Βασιλακίῳ</em></strong></span> <span class='ocrx_word' id='word_1_165' title='bbox 949 1522 1158 1577; x_wconf 81' lang='grc' dir='ltr'><strong><em>συμμίξας</em></strong></span> <span class='ocrx_word' id='word_1_166' title='bbox 1187 1521 1284 1568; x_wconf 89' lang='grc' dir='ltr'><strong><em>τοὺς</em></strong></span> <span class='ocrx_word' id='word_1_167' title='bbox 1313 1522 1408 1577; x_wconf 83' lang='grc' dir='ltr'><strong><em>περὶ</em></strong></span> <span class='ocrx_word' id='word_1_168' title='bbox 1437 1523 1597 1564; x_wconf 77' lang='grc' dir='ltr'><strong><em>ἐκεῖνον</em></strong></span> <span class='ocrx_word' id='word_1_169' title='bbox 1626 1538 1724 1564; x_wconf 86' lang='grc' dir='ltr'><strong><em>κατ-</em></strong></span> 
     </span>
    </p>
   </div>
   <div class='ocr_carea' id='block_1_3' title="bbox 233 1664 1727 1750">
    <p class='ocr_par' dir='ltr' id='par_1_3' title="bbox 233 1664 1727 1750">
     <span class='ocr_line' id='line_1_20' title="bbox 234 1664 1727 1750; baseline 0.001 -49"><span class='ocrx_word' id='word_1_170' title='bbox 234 1665 276 1726; x_wconf 59' lang='grc'><strong><em>7,</em></strong></span> <span class='ocrx_word' id='word_1_171' title='bbox 293 1664 485 1750; x_wconf 56' lang='grc' dir='ltr'><strong><em>ἀι-τοιέασία</em></strong></span> <span class='ocrx_word' id='word_1_172' title='bbox 522 1671 582 1702; x_wconf 85' lang='grc' dir='ltr'><strong><em>τοῦ</em></strong></span> <span class='ocrx_word' id='word_1_173' title='bbox 615 1667 832 1703; x_wconf 87' lang='grc' dir='ltr'><strong><em>Βασιλακίου</em></strong></span> <span class='ocrx_word' id='word_1_174' title='bbox 870 1667 930 1703; x_wconf 80' lang='grc' dir='ltr'><strong><em>καὶ</em></strong></span> <span class='ocrx_word' id='word_1_175' title='bbox 961 1668 1092 1707; x_wconf 79' lang='grc' dir='ltr'><strong><em>ἅλωσις</em></strong></span> <span class='ocrx_word' id='word_1_176' title='bbox 1125 1667 1185 1703; x_wconf 80' lang='grc' dir='ltr'><strong><em>καὶ</em></strong></span> <span class='ocrx_word' id='word_1_177' title='bbox 1218 1667 1379 1714; x_wconf 82' lang='grc' dir='ltr'><strong><em>πήρωσις</em></strong></span> <span class='ocrx_word' id='word_1_178' title='bbox 1417 1671 1488 1703; x_wconf 87' lang='grc' dir='ltr'><strong><em>τῶν</em></strong></span> <span class='ocrx_word' id='word_1_179' title='bbox 1524 1666 1727 1712; x_wconf 78' lang='grc' dir='ltr'><strong><em>ὀφθαλμῶν</em></strong></span> 
     </span>
     <span class='ocr_line' id='line_1_21' title="bbox 233 1726 341 1749; baseline 0.009 -1"><span class='ocrx_word' id='word_1_180' title='bbox 233 1726 341 1749; x_wconf 88' lang='grc' dir='ltr'><strong><em>αυτου</em></strong></span> 
     </span>
    </p>
   </div>
   <div class='ocr_carea' id='block_1_4' title="bbox 307 1832 1728 1927">
    <p class='ocr_par' dir='ltr' id='par_1_4' title="bbox 307 1832 1728 1927">
     <span class='ocr_line' id='line_1_22' title="bbox 307 1832 1727 1880; baseline 0.001 -13"><span class='ocrx_word' id='word_1_181' title='bbox 307 1833 330 1868; x_wconf 91' lang='grc'><strong>6</strong></span> <span class='ocrx_word' id='word_1_182' title='bbox 354 1832 513 1879; x_wconf 74' lang='grc' dir='ltr'><strong><em>ἐνείματο</em></strong></span> <span class='ocrx_word' id='word_1_183' title='bbox 531 1832 561 1870; x_wconf 89' lang='lat' dir='ltr'>C</span> <span class='ocrx_word' id='word_1_184' title='bbox 658 1834 680 1870; x_wconf 79' lang='grc'><strong>7</strong></span> <span class='ocrx_word' id='word_1_185' title='bbox 708 1837 802 1870; x_wconf 78' lang='lat' dir='ltr'><strong>ante</strong></span> <span class='ocrx_word' id='word_1_186' title='bbox 827 1847 953 1880; x_wconf 82' lang='grc' dir='ltr'><strong><em>νικηφ.</em></strong></span> <span class='ocrx_word' id='word_1_187' title='bbox 980 1833 1073 1870; x_wconf 85' lang='lat' dir='ltr'><strong>add.</strong></span> <span class='ocrx_word' id='word_1_188' title='bbox 1090 1835 1111 1869; x_wconf 82' lang='grc' dir='ltr'>ὁ</span> <span class='ocrx_word' id='word_1_189' title='bbox 1135 1833 1171 1869; x_wconf 94' lang='lat' dir='ltr'>D</span> <span class='ocrx_word' id='word_1_190' title='bbox 1271 1834 1315 1869; x_wconf 93' lang='lat'><strong><em>10</em></strong></span> <span class='ocrx_word' id='word_1_191' title='bbox 1340 1834 1389 1873; x_wconf 86' lang='grc' dir='ltr'><strong><em>ὡς</em></strong></span> <span class='ocrx_word' id='word_1_192' title='bbox 1408 1832 1575 1880; x_wconf 81' lang='lat' dir='ltr'><strong><em>prDi,</em></strong></span> <span class='ocrx_word' id='word_1_193' title='bbox 1603 1843 1677 1869; x_wconf 90' lang='lat' dir='ltr'><strong><em>om.</em></strong></span> <span class='ocrx_word' id='word_1_194' title='bbox 1693 1832 1727 1868; x_wconf 99' lang='lat' dir='ltr'>A</span> 
     </span>
     <span class='ocr_line' id='line_1_23' title="bbox 354 1881 1728 1927; baseline -0.001 -11"><span class='ocrx_word' id='word_1_195' title='bbox 354 1882 583 1927; x_wconf 81' lang='grc' dir='ltr'><strong><em>βεβασίλευκε</em></strong></span> <span class='ocrx_word' id='word_1_196' title='bbox 610 1881 644 1916; x_wconf 95' lang='lat' dir='ltr'>D</span> <span class='ocrx_word' id='word_1_197' title='bbox 751 1883 793 1917; x_wconf 83' lang='lat'><strong><em>11</em></strong></span> <span class='ocrx_word' id='word_1_198' title='bbox 821 1882 863 1918; x_wconf 86' lang='grc' dir='ltr'><strong><em>τὰ</em></strong></span> <span class='ocrx_word' id='word_1_199' title='bbox 890 1892 964 1918; x_wconf 74' lang='lat' dir='ltr'><strong>oin.</strong></span> <span class='ocrx_word' id='word_1_200' title='bbox 993 1881 1028 1916; x_wconf 89' lang='lat' dir='ltr'>D</span> <span class='ocrx_word' id='word_1_201' title='bbox 1128 1882 1172 1916; x_wconf 81' lang='lat'><strong><em>12</em></strong></span> <span class='ocrx_word' id='word_1_202' title='bbox 1195 1883 1430 1927; x_wconf 80' lang='grc' dir='ltr'><strong><em>μετεπέμπετο</em></strong></span> <span class='ocrx_word' id='word_1_203' title='bbox 1455 1881 1537 1926; x_wconf 81' lang='lat' dir='ltr'><strong><em>AR,</em></strong></span> <span class='ocrx_word' id='word_1_204' title='bbox 1561 1882 1728 1926; x_wconf 77' lang='grc' dir='ltr'><strong><em>μετεπέμ-</em></strong></span> 
     </span>
    </p>
   </div>
   <div class='ocr_carea' id='block_1_5' title="bbox 243 1929 1729 2070">
    <p class='ocr_par' dir='ltr' id='par_1_5' title="bbox 243 1929 1729 2070">
     <span class='ocr_line' id='line_1_24' title="bbox 243 1929 1727 1975; baseline 0 -12"><span class='ocrx_word' id='word_1_205' title='bbox 243 1966 245 1968; x_wconf 57' lang='lat'><em>,</em></span> <span class='ocrx_word' id='word_1_206' title='bbox 306 1942 403 1964; x_wconf 83' lang='grc' dir='ltr'><strong><em>πεται</em></strong></span> <span class='ocrx_word' id='word_1_207' title='bbox 432 1929 500 1973; x_wconf 77' lang='lat' dir='ltr'><strong><em>w*‚</em></strong></span> <span class='ocrx_word' id='word_1_208' title='bbox 523 1930 776 1974; x_wconf 75' lang='grc' dir='ltr'><strong><em>μεταπέμπεται</em></strong></span> <span class='ocrx_word' id='word_1_209' title='bbox 804 1929 852 1975; x_wconf 76' lang='lat' dir='ltr'><strong><em>p*</em></strong></span> <span class='ocrx_word' id='word_1_210' title='bbox 988 1930 1224 1970; x_wconf 80' lang='grc' dir='ltr'><strong><em>πατζινάκους</em></strong></span> <span class='ocrx_word' id='word_1_211' title='bbox 1250 1929 1391 1975; x_wconf 73' lang='lat' dir='ltr'><strong>Bsswp,</strong></span> <span class='ocrx_word' id='word_1_212' title='bbox 1417 1930 1650 1969; x_wconf 78' lang='grc' dir='ltr'><strong><em>πατζινάκους</em></strong></span> <span class='ocrx_word' id='word_1_213' title='bbox 1675 1939 1727 1963; x_wconf 70' lang='grc' dir='ltr'><strong><em>ω(</em></strong></span> 
     </span>
     <span class='ocr_line' id='line_1_25' title="bbox 305 1975 1729 2023; baseline 0 -12"><span class='ocrx_word' id='word_1_214' title='bbox 305 1977 521 2017; x_wconf 79' lang='grc' dir='ltr'><strong><em>πατζινάκας</em></strong></span> <span class='ocrx_word' id='word_1_215' title='bbox 546 1981 641 2013; x_wconf 81' lang='lat' dir='ltr'><strong><em>mut.</em></strong></span> <span class='ocrx_word' id='word_1_216' title='bbox 670 1977 705 2011; x_wconf 91' lang='lat' dir='ltr'>D</span> <span class='ocrx_word' id='word_1_217' title='bbox 814 1978 858 2012; x_wconf 86' lang='lat'><strong><em>13</em></strong></span> <span class='ocrx_word' id='word_1_218' title='bbox 881 1977 1142 2023; x_wconf 84' lang='grc' dir='ltr'><strong><em>χρυσόβουλλον</em></strong></span> <span class='ocrx_word' id='word_1_219' title='bbox 1168 1975 1365 2022; x_wconf 67' lang='lat' dir='ltr'><strong>CblwpDi,</strong></span> <span class='ocrx_word' id='word_1_220' title='bbox 1390 1976 1633 2023; x_wconf 85' lang='grc' dir='ltr'><strong><em>χρυσόβουλον</em></strong></span> <span class='ocrx_word' id='word_1_221' title='bbox 1658 1975 1729 2011; x_wconf 80' lang='lat' dir='ltr'><strong><em>AR</em></strong></span> 
     </span>
     <span class='ocr_line' id='line_1_26' title="bbox 310 2022 1729 2070; baseline -0.001 -11"><span class='ocrx_word' id='word_1_222' title='bbox 310 2025 354 2059; x_wconf 82' lang='lat'><strong><em>14</em></strong></span> <span class='ocrx_word' id='word_1_223' title='bbox 377 2025 456 2069; x_wconf 80' lang='grc' dir='ltr'><strong><em>περὶ</em></strong></span> <span class='ocrx_word' id='word_1_224' title='bbox 479 2030 649 2060; x_wconf 87' lang='grc' dir='ltr'><strong><em>ποιοῦσαν</em></strong></span> <span class='ocrx_word' id='word_1_225' title='bbox 674 2025 761 2070; x_wconf 82' lang='lat' dir='ltr'><strong>(sie)</strong></span> <span class='ocrx_word' id='word_1_226' title='bbox 788 2023 823 2060; x_wconf 90' lang='lat' dir='ltr'>A</span> <span class='ocrx_word' id='word_1_227' title='bbox 946 2025 989 2059; x_wconf 79' lang='lat'><strong><em>15</em></strong></span> <span class='ocrx_word' id='word_1_228' title='bbox 1013 2025 1086 2069; x_wconf 81' lang='grc' dir='ltr'><strong><em>ἅμα</em></strong></span> <span class='ocrx_word' id='word_1_229' title='bbox 1111 2023 1150 2059; x_wconf 82' lang='grc' dir='ltr'><strong><em>δὲ</em></strong></span> <span class='ocrx_word' id='word_1_230' title='bbox 1176 2022 1341 2069; x_wconf 73' lang='lat' dir='ltr'><strong><em>prDt&#39;,</em></strong></span> <span class='ocrx_word' id='word_1_231' title='bbox 1370 2034 1446 2059; x_wconf 89' lang='lat' dir='ltr'><strong><em>om.</em></strong></span> <span class='ocrx_word' id='word_1_232' title='bbox 1472 2023 1507 2058; x_wconf 88' lang='lat' dir='ltr'>A</span> <span class='ocrx_word' id='word_1_233' title='bbox 1619 2025 1729 2068; x_wconf 84' lang='grc' dir='ltr'><strong><em>νωβε·</em></strong></span> 
     </span>
    </p>
   </div>
   <div class='ocr_carea' id='block_1_6' title="bbox 307 2069 1728 2207">
    <p class='ocr_par' dir='ltr' id='par_1_6' title="bbox 307 2069 1728 2207">
     <span class='ocr_line' id='line_1_27' title="bbox 307 2069 1728 2119; baseline -0.001 -12"><span class='ocrx_word' id='word_1_234' title='bbox 307 2073 447 2117; x_wconf 83' lang='grc' dir='ltr'><strong><em>λισίμου</em></strong></span> <span class='ocrx_word' id='word_1_235' title='bbox 472 2071 624 2119; x_wconf 84' lang='lat' dir='ltr'><strong><em>Apr,</em></strong></span> <span class='ocrx_word' id='word_1_236' title='bbox 663 2073 917 2119; x_wconf 79' lang='grc' dir='ltr'><strong><em>νωβελλισίμου</em></strong></span> <span class='ocrx_word' id='word_1_237' title='bbox 944 2072 987 2116; x_wconf 78' lang='lat' dir='ltr'><strong><em>R,</em></strong></span> <span class='ocrx_word' id='word_1_238' title='bbox 1024 2073 1281 2117; x_wconf 82' lang='grc' dir='ltr'><strong><em>νωβελισσίμου</em></strong></span> <span class='ocrx_word' id='word_1_239' title='bbox 1308 2069 1374 2115; x_wconf 84' lang='grc' dir='ltr'><strong><em>Ι)ἰ,</em></strong></span> <span class='ocrx_word' id='word_1_240' title='bbox 1409 2082 1445 2106; x_wconf 94' lang='lat' dir='ltr'><strong><em>v.</em></strong></span> <span class='ocrx_word' id='word_1_241' title='bbox 1471 2070 1524 2106; x_wconf 78' lang='lat' dir='ltr'><strong><em>ad</em></strong></span> <span class='ocrx_word' id='word_1_242' title='bbox 1550 2069 1620 2106; x_wconf 89' lang='lat' dir='ltr'><strong><em>XV</em></strong></span> <span class='ocrx_word' id='word_1_243' title='bbox 1646 2072 1679 2114; x_wconf 77' lang='grc' dir='ltr'><strong><em>ὅ,</em></strong></span> <span class='ocrx_word' id='word_1_244' title='bbox 1705 2070 1728 2104; x_wconf 75' lang='lat'><strong><em>‘2</em></strong></span> 
     </span>
     <span class='ocr_line' id='line_1_28' title="bbox 308 2116 1727 2207; baseline -0.003 -51"><span class='ocrx_word' id='word_1_245' title='bbox 308 2121 541 2207; x_wconf 54' lang='grc' dir='ltr'><strong><em>Ξέΐςᾶἷξγκτος</em></strong></span> <span class='ocrx_word' id='word_1_246' title='bbox 559 2119 727 2167; x_wconf 60' lang='grc' dir='ltr'><strong><em>Ιὶῑνρῦἰ,</em></strong></span> <span class='ocrx_word' id='word_1_247' title='bbox 753 2120 893 2160; x_wconf 74' lang='grc' dir='ltr'><strong><em>ἅτεκτος</em></strong></span> <span class='ocrx_word' id='word_1_248' title='bbox 907 2119 980 2155; x_wconf 87' lang='lat' dir='ltr'><strong><em>AD</em></strong></span> <span class='ocrx_word' id='word_1_249' title='bbox 1080 2121 1124 2154; x_wconf 81' lang='lat'><strong><em>18</em></strong></span> <span class='ocrx_word' id='word_1_250' title='bbox 1147 2119 1315 2166; x_wconf 82' lang='grc' dir='ltr'><strong><em>βασιλείῳ</em></strong></span> <span class='ocrx_word' id='word_1_251' title='bbox 1333 2119 1368 2153; x_wconf 93' lang='lat' dir='ltr'>D</span> <span class='ocrx_word' id='word_1_252' title='bbox 1465 2118 1544 2157; x_wconf 81' lang='grc' dir='ltr'><strong><em>τοὺς</em></strong></span> <span class='ocrx_word' id='word_1_253' title='bbox 1562 2116 1727 2164; x_wconf 64' lang='lat' dir='ltr'><strong>liwpDi,</strong></span> 
     </span>
    </p>
   </div>
   <div class='ocr_carea' id='block_1_7' title="bbox 236 2284 1789 2955">
    <p class='ocr_par' dir='ltr' id='par_1_7' title="bbox 236 2284 1787 2527">
     <span class='ocr_line' id='line_1_29' title="bbox 236 2284 1727 2335; baseline -0.003 -11"><span class='ocrx_word' id='word_1_254' title='bbox 236 2288 380 2334; x_wconf 75' lang='lat' dir='ltr'><strong>fragiis</strong></span> <span class='ocrx_word' id='word_1_255' title='bbox 406 2287 550 2335; x_wconf 82' lang='lat' dir='ltr'><strong>Ephesi</strong></span> <span class='ocrx_word' id='word_1_256' title='bbox 577 2287 911 2334; x_wconf 78' lang='lat' dir='ltr'><strong>metropolitanus</strong></span> <span class='ocrx_word' id='word_1_257' title='bbox 938 2290 999 2323; x_wconf 80' lang='lat' dir='ltr'><strong><em>est</em></strong></span> <span class='ocrx_word' id='word_1_258' title='bbox 1024 2290 1202 2331; x_wconf 64' lang='lat' dir='ltr'><strong>creatum,</strong></span> <span class='ocrx_word' id='word_1_259' title='bbox 1240 2289 1280 2321; x_wconf 80' lang='lat' dir='ltr'><strong><em>ot</em></strong></span> <span class='ocrx_word' id='word_1_260' title='bbox 1312 2294 1402 2321; x_wconf 86' lang='lat' dir='ltr'><strong><em>cum</em></strong></span> <span class='ocrx_word' id='word_1_261' title='bbox 1435 2284 1557 2321; x_wconf 77' lang='lat' dir='ltr'><strong>semel</strong></span> <span class='ocrx_word' id='word_1_262' title='bbox 1587 2294 1635 2319; x_wconf 85' lang='lat' dir='ltr'><strong><em>oo</em></strong></span> <span class='ocrx_word' id='word_1_263' title='bbox 1663 2293 1727 2319; x_wconf 76' lang='lat' dir='ltr'><strong><em>ve-</em></strong></span> 
     </span>
     <span class='ocr_line' id='line_1_30' title="bbox 236 2332 1787 2381; baseline -0.004 -9"><span class='ocrx_word' id='word_1_264' title='bbox 236 2338 372 2381; x_wconf 77' lang='lat' dir='ltr'><strong>nisset,</strong></span> <span class='ocrx_word' id='word_1_265' title='bbox 397 2346 585 2372; x_wconf 80' lang='lat' dir='ltr'><strong>reversus</strong></span> <span class='ocrx_word' id='word_1_266' title='bbox 603 2337 644 2371; x_wconf 87' lang='lat' dir='ltr'><strong><em>in</em></strong></span> <span class='ocrx_word' id='word_1_267' title='bbox 662 2335 859 2371; x_wconf 72' lang='lat' dir='ltr'><strong>manuelis</strong></span> <span class='ocrx_word' id='word_1_268' title='bbox 876 2335 1119 2371; x_wconf 80' lang='lat' dir='ltr'><strong>monasterio</strong></span> <span class='ocrx_word' id='word_1_269' title='bbox 1140 2334 1261 2369; x_wconf 78' lang='lat' dir='ltr'><strong>vitam</strong></span> <span class='ocrx_word' id='word_1_270' title='bbox 1281 2334 1375 2379; x_wconf 79' lang='lat' dir='ltr'><strong>egit.</strong></span> <span class='ocrx_word' id='word_1_271' title='bbox 1425 2332 1519 2368; x_wconf 81' lang='lat' dir='ltr'><strong>Post</strong></span> <span class='ocrx_word' id='word_1_272' title='bbox 1537 2332 1726 2367; x_wconf 80' lang='lat' dir='ltr'><strong>amissum</strong></span> <span class='ocrx_word' id='word_1_273' title='bbox 1745 2334 1787 2370; x_wconf 78' lang='lat'><strong><em>15</em></strong></span> 
     </span>
     <span class='ocr_line' id='line_1_31' title="bbox 236 2379 1726 2430; baseline -0.004 -10"><span class='ocrx_word' id='word_1_274' title='bbox 236 2395 262 2420; x_wconf 76' lang='lat' dir='ltr'><strong>a</strong></span> <span class='ocrx_word' id='word_1_275' title='bbox 281 2384 493 2420; x_wconf 73' lang='lat' dir='ltr'><strong>Botaniata</strong></span> <span class='ocrx_word' id='word_1_276' title='bbox 519 2385 731 2430; x_wconf 82' lang='lat' dir='ltr'><strong>imperium</strong></span> <span class='ocrx_word' id='word_1_277' title='bbox 749 2394 774 2419; x_wconf 81' lang='lat' dir='ltr'>a</span> <span class='ocrx_word' id='word_1_278' title='bbox 793 2383 919 2418; x_wconf 72' lang='lat' dir='ltr'><strong>Maria</strong></span> <span class='ocrx_word' id='word_1_279' title='bbox 937 2383 1091 2428; x_wconf 79' lang='lat' dir='ltr'><strong>regina,</strong></span> <span class='ocrx_word' id='word_1_280' title='bbox 1117 2386 1157 2417; x_wconf 82' lang='lat' dir='ltr'><strong><em>et</em></strong></span> <span class='ocrx_word' id='word_1_281' title='bbox 1174 2383 1261 2427; x_wconf 78' lang='lat' dir='ltr'><strong>ipsa</strong></span> <span class='ocrx_word' id='word_1_282' title='bbox 1287 2381 1365 2416; x_wconf 77' lang='lat' dir='ltr'><strong><em>iam</em></strong></span> <span class='ocrx_word' id='word_1_283' title='bbox 1392 2379 1590 2416; x_wconf 75' lang='lat' dir='ltr'><strong>monacha</strong></span> <span class='ocrx_word' id='word_1_284' title='bbox 1608 2380 1726 2423; x_wconf 68' lang='lat' dir='ltr'><strong>facta,</strong></span> 
     </span>
     <span class='ocr_line' id='line_1_32' title="bbox 236 2426 1726 2477; baseline -0.005 -9"><span class='ocrx_word' id='word_1_285' title='bbox 236 2431 503 2468; x_wconf 77' lang='lat' dir='ltr'><strong>moribundus</strong></span> <span class='ocrx_word' id='word_1_286' title='bbox 536 2433 696 2468; x_wconf 81' lang='lat' dir='ltr'><strong>veniam</strong></span> <span class='ocrx_word' id='word_1_287' title='bbox 728 2430 962 2477; x_wconf 81' lang='lat' dir='ltr'><strong>suppliciter</strong></span> <span class='ocrx_word' id='word_1_288' title='bbox 994 2436 1132 2466; x_wconf 77' lang='lat' dir='ltr'><strong>oratus</strong></span> <span class='ocrx_word' id='word_1_289' title='bbox 1167 2429 1324 2475; x_wconf 79' lang='lat' dir='ltr'><strong>ignovit</strong></span> <span class='ocrx_word' id='word_1_290' title='bbox 1349 2428 1505 2463; x_wconf 81' lang='lat' dir='ltr'><strong>mulieri</strong></span> <span class='ocrx_word' id='word_1_291' title='bbox 1532 2437 1580 2462; x_wconf 77' lang='lat' dir='ltr'><strong><em>ae</em></strong></span> <span class='ocrx_word' id='word_1_292' title='bbox 1606 2426 1726 2462; x_wconf 78' lang='lat' dir='ltr'><strong>deum</strong></span> 
     </span>
     <span class='ocr_line' id='line_1_33' title="bbox 237 2480 976 2527; baseline -0.003 -12"><span class='ocrx_word' id='word_1_293' title='bbox 237 2480 411 2527; x_wconf 81' lang='lat' dir='ltr'><strong>rogavit,</strong></span> <span class='ocrx_word' id='word_1_294' title='bbox 437 2484 482 2516; x_wconf 88' lang='lat' dir='ltr'><strong><em>ut</em></strong></span> <span class='ocrx_word' id='word_1_295' title='bbox 508 2480 644 2515; x_wconf 84' lang='lat' dir='ltr'><strong>itidem</strong></span> <span class='ocrx_word' id='word_1_296' title='bbox 672 2480 708 2515; x_wconf 82' lang='lat' dir='ltr'><strong><em>ei</em></strong></span> <span class='ocrx_word' id='word_1_297' title='bbox 735 2480 976 2525; x_wconf 79' lang='lat' dir='ltr'>ignosceret.</span> 
     </span>
    </p>

    <p class='ocr_par' dir='ltr' id='par_1_8' title="bbox 236 2521 1789 2955">
     <span class='ocr_line' id='line_1_34' title="bbox 355 2521 1787 2574; baseline -0.003 -11"><span class='ocrx_word' id='word_1_298' title='bbox 355 2526 542 2564; x_wconf 81' lang='lat' dir='ltr'><strong>Ceterum</strong></span> <span class='ocrx_word' id='word_1_299' title='bbox 568 2525 885 2574; x_wconf 60' lang='lat' dir='ltr'><strong>protoprotsdrus</strong></span> <span class='ocrx_word' id='word_1_300' title='bbox 910 2524 1159 2571; x_wconf 66' lang='lat' dir='ltr'><strong>Nicephorius</strong></span> <span class='ocrx_word' id='word_1_301' title='bbox 1177 2523 1408 2566; x_wconf 73' lang='lat' dir='ltr'><strong>Basilacius,</strong></span> <span class='ocrx_word' id='word_1_302' title='bbox 1436 2523 1504 2568; x_wconf 86' lang='lat' dir='ltr'><strong><em>qui</em></strong></span> <span class='ocrx_word' id='word_1_303' title='bbox 1523 2521 1726 2568; x_wconf 78' lang='lat' dir='ltr'><strong>Bryennio</strong></span> <span class='ocrx_word' id='word_1_304' title='bbox 1745 2524 1787 2559; x_wconf 80' lang='grc'><strong>16</strong></span> 
     </span>
     <span class='ocr_line' id='line_1_35' title="bbox 236 2568 1727 2622; baseline -0.005 -11"><span class='ocrx_word' id='word_1_305' title='bbox 236 2575 277 2611; x_wconf 89' lang='lat' dir='ltr'><strong><em>in</em></strong></span> <span class='ocrx_word' id='word_1_306' title='bbox 309 2574 550 2622; x_wconf 77' lang='lat' dir='ltr'>Dyrrhachii</span> <span class='ocrx_word' id='word_1_307' title='bbox 584 2576 842 2621; x_wconf 76' lang='lat' dir='ltr'><strong>praefectura</strong></span> <span class='ocrx_word' id='word_1_308' title='bbox 872 2576 1134 2614; x_wconf 74' lang='lat' dir='ltr'>successerat,</span> <span class='ocrx_word' id='word_1_309' title='bbox 1170 2577 1210 2608; x_wconf 81' lang='lat' dir='ltr'><strong><em>et</em></strong></span> <span class='ocrx_word' id='word_1_310' title='bbox 1242 2572 1327 2617; x_wconf 80' lang='lat' dir='ltr'><strong>ipse</strong></span> <span class='ocrx_word' id='word_1_311' title='bbox 1361 2571 1477 2616; x_wconf 84' lang='lat' dir='ltr'><strong>regni</strong></span> <span class='ocrx_word' id='word_1_312' title='bbox 1506 2579 1556 2606; x_wconf 88' lang='lat' dir='ltr'><strong><em>cu</em></strong></span> <span class='ocrx_word' id='word_1_313' title='bbox 1588 2568 1727 2604; x_wconf 81' lang='lat' dir='ltr'><strong>iditato</strong></span> 
     </span>
     <span class='ocr_line' id='line_1_36' title="bbox 236 2617 1786 2664; baseline -0.006 -5"><span class='ocrx_word' id='word_1_314' title='bbox 236 2627 430 2659; x_wconf 70' lang='lat' dir='ltr'><strong><em>aestuans</em></strong></span> <span class='ocrx_word' id='word_1_315' title='bbox 456 2623 622 2659; x_wconf 83' lang='lat' dir='ltr'><strong>collecto</strong></span> <span class='ocrx_word' id='word_1_316' title='bbox 649 2622 830 2658; x_wconf 80' lang='lat' dir='ltr'><strong>exercitu</strong></span> <span class='ocrx_word' id='word_1_317' title='bbox 851 2620 1177 2656; x_wconf 75' lang='lat' dir='ltr'><strong>Thessalonicam</strong></span> <span class='ocrx_word' id='word_1_318' title='bbox 1205 2618 1483 2664; x_wconf 73' lang='lat' dir='ltr'><strong>proficiscitur.</strong></span> <span class='ocrx_word' id='word_1_319' title='bbox 1572 2617 1609 2652; x_wconf 88' lang='lat' dir='ltr'><strong><em>bi</em></strong></span> <span class='ocrx_word' id='word_1_320' title='bbox 1637 2626 1726 2651; x_wconf 89' lang='lat' dir='ltr'><strong><em>cum</em></strong></span> <span class='ocrx_word' id='word_1_321' title='bbox 1746 2619 1786 2655; x_wconf 79' lang='grc'><strong>17</strong></span> 
     </span>
     <span class='ocr_line' id='line_1_37' title="bbox 237 2664 1728 2715; baseline -0.006 -8"><span class='ocrx_word' id='word_1_322' title='bbox 237 2670 443 2707; x_wconf 80' lang='lat' dir='ltr'>didicisset</span> <span class='ocrx_word' id='word_1_323' title='bbox 462 2670 713 2706; x_wconf 78' lang='lat' dir='ltr'><strong>Botanintem</strong></span> <span class='ocrx_word' id='word_1_324' title='bbox 732 2679 865 2704; x_wconf 84' lang='lat' dir='ltr'><strong>rerum</strong></span> <span class='ocrx_word' id='word_1_325' title='bbox 886 2669 1053 2715; x_wconf 85' lang='lat' dir='ltr'><strong>potitum</strong></span> <span class='ocrx_word' id='word_1_326' title='bbox 1074 2677 1172 2711; x_wconf 79' lang='lat' dir='ltr'>esse,</span> <span class='ocrx_word' id='word_1_327' title='bbox 1199 2666 1367 2702; x_wconf 77' lang='lat' dir='ltr'>serviles</span> <span class='ocrx_word' id='word_1_328' title='bbox 1386 2665 1437 2700; x_wconf 75' lang='lat' dir='ltr'><strong><em>ad</em></strong></span> <span class='ocrx_word' id='word_1_329' title='bbox 1457 2674 1548 2700; x_wconf 80' lang='lat' dir='ltr'><strong><em>oum</em></strong></span> <span class='ocrx_word' id='word_1_330' title='bbox 1576 2664 1728 2699; x_wconf 79' lang='lat' dir='ltr'><strong><em>litteras</em></strong></span> 
     </span>
     <span class='ocr_line' id='line_1_38' title="bbox 237 2711 1726 2763; baseline -0.007 -8"><span class='ocrx_word' id='word_1_331' title='bbox 237 2717 366 2763; x_wconf 78' lang='lat' dir='ltr'><strong>dedit3</strong></span> <span class='ocrx_word' id='word_1_332' title='bbox 404 2719 562 2754; x_wconf 81' lang='lat' dir='ltr'><strong>interim</strong></span> <span class='ocrx_word' id='word_1_333' title='bbox 590 2728 687 2753; x_wconf 79' lang='lat' dir='ltr'><strong>voro</strong></span> <span class='ocrx_word' id='word_1_334' title='bbox 716 2717 815 2753; x_wconf 76' lang='lat' dir='ltr'><strong>clam</strong></span> <span class='ocrx_word' id='word_1_335' title='bbox 843 2716 1109 2751; x_wconf 63' lang='lat' dir='ltr'><strong>&lt;infectionem</strong></span> <span class='ocrx_word' id='word_1_336' title='bbox 1137 2713 1389 2756; x_wconf 79' lang='lat' dir='ltr'><strong>moliebatur,</strong></span> <span class='ocrx_word' id='word_1_337' title='bbox 1428 2711 1653 2747; x_wconf 78' lang='lat' dir='ltr'><strong>Patzinacis</strong></span> <span class='ocrx_word' id='word_1_338' title='bbox 1687 2711 1726 2746; x_wconf 88' lang='lat' dir='ltr'><strong><em>iu</em></strong></span> 
     </span>
     <span class='ocr_line' id='line_1_39' title="bbox 237 2759 1788 2807; baseline -0.003 -6"><span class='ocrx_word' id='word_1_339' title='bbox 237 2765 434 2802; x_wconf 72' lang='lat' dir='ltr'><strong>auxilium</strong></span> <span class='ocrx_word' id='word_1_340' title='bbox 465 2766 655 2802; x_wconf 74' lang='lat' dir='ltr'><strong>evocatis,</strong></span> <span class='ocrx_word' id='word_1_341' title='bbox 706 2767 794 2807; x_wconf 75' lang='lat' dir='ltr'><strong><em>Quo</em></strong></span> <span class='ocrx_word' id='word_1_342' title='bbox 829 2764 1059 2799; x_wconf 73' lang='lat' dir='ltr'><strong>nataniates</strong></span> <span class='ocrx_word' id='word_1_343' title='bbox 1095 2762 1270 2807; x_wconf 81' lang='lat' dir='ltr'><strong>cognito,</strong></span> <span class='ocrx_word' id='word_1_344' title='bbox 1309 2770 1433 2796; x_wconf 75' lang='lat' dir='ltr'><strong>aurea</strong></span> <span class='ocrx_word' id='word_1_345' title='bbox 1469 2759 1577 2794; x_wconf 69' lang='lat' dir='ltr'><strong>buna</strong></span> <span class='ocrx_word' id='word_1_346' title='bbox 1608 2760 1729 2795; x_wconf 70' lang='lat' dir='ltr'><strong>missa</strong></span> <span class='ocrx_word' id='word_1_347' title='bbox 1746 2762 1788 2797; x_wconf 82' lang='grc'><strong>18</strong></span> 
     </span>
     <span class='ocr_line' id='line_1_40' title="bbox 237 2809 1727 2860; baseline -0.005 -11"><span class='ocrx_word' id='word_1_348' title='bbox 237 2818 278 2849; x_wconf 76' lang='lat' dir='ltr'><strong><em>ot</em></strong></span> <span class='ocrx_word' id='word_1_349' title='bbox 303 2814 582 2860; x_wconf 76' lang='lat' dir='ltr'><strong>impunitatem</strong></span> <span class='ocrx_word' id='word_1_350' title='bbox 609 2814 646 2849; x_wconf 74' lang='lat' dir='ltr'><strong><em>ei</em></strong></span> <span class='ocrx_word' id='word_1_351' title='bbox 673 2817 712 2848; x_wconf 82' lang='lat' dir='ltr'><strong><em>et</em></strong></span> <span class='ocrx_word' id='word_1_352' title='bbox 739 2811 971 2848; x_wconf 73' lang='lat' dir='ltr'><strong>nobilissimi</strong></span> <span class='ocrx_word' id='word_1_353' title='bbox 1000 2811 1190 2846; x_wconf 70' lang='lat' dir='ltr'><strong>honorum</strong></span> <span class='ocrx_word' id='word_1_354' title='bbox 1219 2809 1448 2855; x_wconf 77' lang='lat' dir='ltr'><strong>1›ollicotur;</strong></span> <span class='ocrx_word' id='word_1_355' title='bbox 1475 2816 1615 2842; x_wconf 83' lang='lat' dir='ltr'><strong>verum</strong></span> <span class='ocrx_word' id='word_1_356' title='bbox 1637 2817 1727 2843; x_wconf 77' lang='lat' dir='ltr'><strong><em>cum</em></strong></span> 
     </span>
     <span class='ocr_line' id='line_1_41' title="bbox 237 2854 1789 2904; baseline -0.005 -7"><span class='ocrx_word' id='word_1_357' title='bbox 237 2860 303 2897; x_wconf 78' lang='lat' dir='ltr'><strong>ille</strong></span> <span class='ocrx_word' id='word_1_358' title='bbox 329 2872 410 2897; x_wconf 89' lang='lat' dir='ltr'><strong><em>nou</em></strong></span> <span class='ocrx_word' id='word_1_359' title='bbox 436 2861 677 2904; x_wconf 74' lang='lat' dir='ltr'><strong>flecteretur,</strong></span> <span class='ocrx_word' id='word_1_360' title='bbox 711 2861 958 2897; x_wconf 82' lang='lat' dir='ltr'><strong>Conmenum</strong></span> <span class='ocrx_word' id='word_1_361' title='bbox 985 2858 1182 2902; x_wconf 70' lang='lat' dir='ltr'><strong>Alexim,</strong></span> <span class='ocrx_word' id='word_1_362' title='bbox 1222 2866 1340 2903; x_wconf 72' lang='lat' dir='ltr'><strong>quem</strong></span> <span class='ocrx_word' id='word_1_363' title='bbox 1368 2854 1593 2901; x_wconf 73' lang='lat' dir='ltr'><strong>appellarat</strong></span> <span class='ocrx_word' id='word_1_364' title='bbox 1617 2855 1727 2891; x_wconf 74' lang='lat' dir='ltr'><strong>soba·</strong></span> <span class='ocrx_word' id='word_1_365' title='bbox 1746 2857 1789 2893; x_wconf 85' lang='grc'><strong>19</strong></span> 
     </span>
     <span class='ocr_line' id='line_1_42' title="bbox 237 2900 1727 2955; baseline -0.005 -10"><span class='ocrx_word' id='word_1_366' title='bbox 237 2912 354 2955; x_wconf 76' lang='lat' dir='ltr'><strong>etum,</strong></span> <span class='ocrx_word' id='word_1_367' title='bbox 379 2913 520 2945; x_wconf 78' lang='lat' dir='ltr'><strong>contra</strong></span> <span class='ocrx_word' id='word_1_368' title='bbox 547 2909 654 2945; x_wconf 82' lang='lat' dir='ltr'><strong>illum</strong></span> <span class='ocrx_word' id='word_1_369' title='bbox 682 2910 810 2952; x_wconf 80' lang='lat' dir='ltr'><strong>mittit,</strong></span> <span class='ocrx_word' id='word_1_370' title='bbox 845 2909 911 2954; x_wconf 75' lang='lat' dir='ltr'><strong>qni</strong></span> <span class='ocrx_word' id='word_1_371' title='bbox 939 2906 1264 2942; x_wconf 66' lang='lat' dir='ltr'><strong>Thessalonicam</strong></span> <span class='ocrx_word' id='word_1_372' title='bbox 1293 2905 1509 2950; x_wconf 64' lang='lat' dir='ltr'><strong>profectus,</strong></span> <span class='ocrx_word' id='word_1_373' title='bbox 1543 2900 1727 2939; x_wconf 58' lang='lat' dir='ltr'><strong>Basilum-ii</strong></span> 
     </span>
    </p>
   </div>
   <div class='ocr_carea' id='block_1_8' title="bbox 0 0 72 3230">
    <p class='ocr_par' dir='ltr' id='par_1_9' title="bbox 0 0 72 3230">
     <span class='ocr_line' id='line_1_43' title="bbox 0 0 72 3230; baseline 0 0"><span class='ocrx_word' id='word_1_374' title='bbox 0 0 72 3230; x_wconf 95' lang='lat' dir='ltr'><strong><em> </em></strong></span> 
     </span>
    </p>
   </div>
  </div>
 </body>
</html>
