2054 3282
339 205 408 241 426
735 207 916 243 ZONAR.
948 208 1075 244 EPIT.
1102 209 1191 244 XVI
1219 210 1251 253 9,
1279 209 1430 246 22-34.

338 328 522 382 κούρησε
552 333 636 375 τοῖς
667 330 854 384 αἰτήσασι
886 330 952 371 διά
984 347 1025 371 τε
1056 334 1128 371 τοῦ
1160 332 1465 385 προειρημένου
1488 332 1635 373 στόλου
1661 333 1732 374 καὶ
1764 332 1830 375 διὰ

276 400 323 436 <23
338 401 409 439 τοῦ
446 401 531 438 τῶν
567 399 778 452 Φράγγων
815 399 955 453 ρηγός.
1018 399 1215 440 ἐπέστειλε
1253 399 1332 453 γὰρ
1371 400 1516 454 ἐκείνῳ
1553 401 1831 456 συλλαβέσθαι

324 469 410 506 ’τοῦ
441 465 547 507 κατὰ
579 470 664 507 τῶν
690 466 936 520 Ἀγαρηνῶν
966 467 1153 521 πολέμου
1185 473 1246 521 τῷ
1277 471 1361 509 τῶν
1384 468 1607 522 Ῥωμαίων
1638 470 1830 523 στρατεύ-

277 534 323 569 ‘24
336 546 451 586 ματι·
496 531 569 588 ’ὑφ’
603 533 666 575 ὧν
697 536 721 588 ἡ
755 538 839 576 τῶν
865 535 1111 590 Ἀγαρηνῶν
1147 537 1469 591 κατεπολεμήθη
1508 537 1673 592 στρατιὰ
1705 537 1776 579 καὶ
1806 538 1830 579 ὅ

337 602 522 655 ἀρχηγὸς
562 603 703 643 αὐτῶν
739 603 850 644 ἑάλω
895 604 1125 650 οουλόάνος
1167 605 1441 659 καλούμενος,
1485 607 1534 646 ὃν
1570 606 1594 646 ὁ
1631 605 1711 660 ῥὴξ
1746 610 1866 648 τῶν5

277 672 323 707 ‘25
343 670 554 723 Φράγγων
585 671 629 711 ἐν
653 670 806 726 Καπύῃ
830 672 1055 726 ἀπήγαγεν.
1119 673 1227 714 ὅπου
1261 674 1338 714 δύο
1371 674 1590 727 διατρίψας
1621 675 1831 721 ἐνιαυτοὺς

337 739 416 779 οὐκ
449 739 582 792 ὤφθη
615 740 730 792 παρά
762 756 835 781 του
866 741 1081 794 μειδιάσας
1113 741 1326 795 οὗόέποτε,
1359 742 1466 783 ὥστε
1496 742 1567 784 τὸν
1590 744 1698 797 ῥῆγα
1720 744 1829 785 ’θαυ-

336 807 480 859 μάζειν
512 808 582 848 καὶ
613 809 655 848 εἴ
677 824 735 853 τις
767 809 991 864 ἀπαγγείλῃ
1025 810 1141 863 αὐτῷ
1173 810 1354 863 γελῶντα
1386 810 1456 852 τὸν
1476 811 1709 866 βάρβαρον,
1743 812 1828 854 δώ-

277 877 322 911 26
338 890 420 915 σειν
450 891 485 915 τι
516 876 838 929 ἐπαγγέλλεσθαι
870 882 940 932 τῆς
972 878 1162 932 ἀγγελίας
1191 878 1356 932 μισθόν.
1419 878 1529 920 εἶπεν
1558 879 1634 921 οὖν
1654 881 1711 926 τίς
1731 895 1830 922 ποτε

337 944 436 984 ἰδεῖν
467 943 538 986 τὸν
570 946 802 987 σουλόάνον
834 946 1070 1000 γελάσαντα.
1132 947 1312 993 καλέσας
1349 946 1424 988 οὖν
1455 947 1525 988 τὸν
1555 948 1776 1003 βάρβαρον
1806 949 1830 990 ὁ
1849 953 1894 989 10

277 1014 322 1050 27
337 1010 416 1065 ῥὴξ
448 1011 522 1066 τὴν
552 1013 683 1054 αἵτιάν
713 1018 785 1055 τοῦ
819 1014 998 1067 γέλωτος
1029 1016 1162 1068 ἤρετο.
1225 1015 1248 1055 ὁ
1272 1015 1316 1056 δὲ
1344 1015 1496 1070 τροχὸν
1527 1015 1636 1058 εἶπεν
1666 1017 1832 1072 ἁμάξης

337 1079 455 1133 ὁρᾶν,
497 1079 547 1122 οὗ
581 1080 628 1122 τὸ
659 1081 737 1135 μὲν
766 1082 988 1136 πρόσγειον
1020 1083 1084 1137 ἦν,
1123 1083 1169 1124 τὸ
1203 1080 1239 1124 δ’
1275 1083 1376 1138 ἦρτο
1406 1085 1631 1138 μετέωρον,
1671 1085 1754 1127 εἶτα
1785 1085 1831 1127 τὸ

335 1147 413 1200 μὲν
442 1149 657 1202 μετέωρον
688 1154 870 1204 κατῆκτο
901 1149 1009 1204 πρὸς
1041 1156 1129 1205 γῆν,
1164 1151 1210 1192 τὸ
1243 1152 1288 1193 δὲ
1318 1153 1540 1206 πρόσγειον
1569 1154 1830 1208 μετεώριστο.

276 1216 479 1257 98“ο’ὕτω
513 1214 550 1258 δ’
583 1218 752 1264 εἰκάσας
783 1218 854 1259 καὶ
884 1217 932 1259 τὰ
971 1219 1220 1273 ἀνθρώπινα
1259 1221 1483 1275 πράγματα
1523 1222 1725 1263 κινεῖσθαι
1761 1221 1832 1263 καὶ

334 1286 646 1340 μεταφέρεσθαι
684 1287 917 1341 ἕξεγέλασα,
961 1288 1232 1342 λογισάμενος
1269 1289 1330 1335 ὡς
1369 1290 1448 1330 οὐκ
1481 1290 1687 1331 ἀδύνατον
1718 1291 1830 1331 οὕτω
1848 1294 1891 1330 15

338 1355 577 1409 (διατεθῆναι
607 1355 678 1396 καὶ
708 1355 757 1396 τὰ
794 1353 884 1397 κατ’
919 1356 1110 1410 ἐμαυτόν,
1155 1356 1226 1397 καὶ
1263 1357 1407 1411 ὥσπερ
1446 1358 1490 1405 ἐξ
1530 1358 1668 1411 ὕψους
1703 1373 1829 1412 κατη-

336 1424 493 1478 νέχθην
536 1425 592 1470 εἰς
629 1424 906 1479 ταπεινότητα,
951 1426 1087 1471 οὕτως
1126 1424 1250 1471 αὖθις
1287 1426 1388 1471 ἴσως
1426 1426 1472 1467 ἔκ
1511 1425 1832 1480 χ’θάμαλότητος

293 1492 393 1537 Οείς
423 1492 536 1545 ὕψος
567 1493 804 1547 ἐπαρθῆναι
835 1493 906 1534 καὶ
938 1494 1128 1547 γενέσθαι
1151 1494 1416 1548 μετάρσιος.”
1475 1498 1602 1535 ταῦτα
1623 1493 1701 1548 μὲν
1722 1493 1831 1535 εἶπεν

276 1562 322 1597 29
336 1561 505 1607 ἐκεῖνος.
569 1561 593 1602 ὁ
626 1561 671 1602 δὲ
703 1561 783 1616 ῥὴξ
813 1562 884 1603 καὶ
914 1563 988 1617 τὴν
1018 1566 1102 1604 τῶν
1133 1563 1272 1616 λόγων
1303 1563 1503 1617 ἀλήθειαν
1525 1563 1581 1608 εἰς
1601 1566 1702 1603 νοῦν
1723 1563 1828 1617 εἰλη-

409 1701 427 1735 1
455 1707 513 1747 τῆς
540 1701 588 1745 D,
615 1708 684 1740 τοῖς
711 1712 812 1737 corr.
841 1702 908 1739 Dw
1005 1703 1027 1737 2
1053 1701 1347 1747 συνεπιλαβέσθαι
1373 1701 1471 1747 pr
1569 1702 1591 1736 3
1619 1706 1678 1737 τοῦ
1704 1701 1752 1746 D,
1778 1707 1827 1746 τῷ

407 1759 508 1784 corr.
526 1749 595 1787 Dw
692 1750 714 1785 6
735 1751 803 1794 ὅπη
824 1748 1008 1795 Ε(ννῙ)Βί)
1105 1750 1127 1784 8
1152 1749 1338 1794 ἅπαγγείλη
1358 1749 1443 1793 Ε(Β
1451 1750 1518 1784 -W
1519 1749 1544 1793 ),
1569 1749 1764 1794 ἀπαγγείλει
1781 1748 1829 1792 A,

406 1797 641 1842 ἀπαγγείλειεν
668 1795 834 1842 prDi,
862 1808 898 1832 v.
927 1798 978 1832 ad
1005 1797 1095 1832 XIV
1125 1798 1178 1840 10,
1207 1798 1247 1831 ll
1360 1797 1382 1831 9
1408 1811 1437 1831 τι
1465 1808 1540 1832 om.
1566 1796 1599 1831 Ο
1698 1797 1743 1831 10
1767 1797 1829 1831 οὖν

406 1843 552 1890 AEwp,
579 1844 619 1879 δὲ
645 1844 676 1880 Ο
824 1846 864 1879 11
893 1844 1039 1890 τροχοὺς
1067 1845 1165 1890 pr
1193 1844 1307 1880 Cedr.
1335 1844 1525 1889 (Seylitz.)
1553 1843 1590 1879 11
1617 1855 1652 1890 p.
1679 1844 1759 1887 221,
1786 1844 1830 1879 15

454 1892 514 1935 ἇμ.
540 1892 632 1927 εἶπεν
659 1892 688 1928 C
788 1893 832 1927 12
857 1893 908 1928 ὧν
935 1893 1032 1938 pr
1143 1892 1187 1927 14
1211 1893 1350 1927 κεῖσθαι
1379 1892 1409 1926 E
1517 1892 1559 1926 16
1585 1892 1645 1926 καὶ
1670 1895 1765 1927 ante
1790 1891 1830 1927 τὰ

408 1950 484 1974 om.
511 1939 540 1976 C
661 1940 702 1975 τὰ
729 1951 804 1975 om.
831 1940 878 1983 D,
909 1941 1036 1986 suppl.
1068 1940 1135 1977 Dw
1258 1940 1300 1975 17
1328 1941 1413 1978 ἴσως
1441 1951 1514 1974 om.
1543 1939 1578 1973 D
1612 1940 1677 1975 Wo
1704 1940 1770 1974 lat.

454 1988 699 2033 θαμαλότητος
725 1988 760 2022 D
860 1989 905 2023 18
930 1988 1083 2034 ἀρθῆναι
1112 1988 1147 2022 D

334 2115 540 2160 legatione
566 2116 816 2162 supplicibus
835 2119 874 2151 et
900 2117 1027 2151 classe
1053 2116 1119 2151 illa
1138 2119 1177 2151 et
1196 2126 1266 2161 per
1284 2115 1531 2151 Francorum
1557 2126 1696 2161 regem
1716 2125 1831 2160 opem

275 2158 322 2193 ‘23
335 2163 435 2208 tulit,
462 2174 486 2198 a
513 2173 593 2209 quo
621 2174 693 2209 per
718 2164 871 2199 litteras
899 2164 1080 2210 petierat,
1118 2167 1163 2199 ut
1189 2163 1379 2198 Romanis
1406 2163 1635 2208 legionibus
1661 2163 1703 2197 in
1728 2163 1830 2198 bello

275 2205 322 2240 24
334 2208 565 2256 Agarenieo
589 2211 768 2256 adesset3
790 2212 842 2246 ab
860 2212 990 2256 iisque
1008 2210 1292 2256 Agarenorum
1312 2211 1493 2246 exercitu
1512 2210 1672 2245 devicto
1691 2220 1830 2245 eorum

335 2259 533 2304 princeps,
573 2269 692 2304 quem
727 2258 941 2294 suldanum
978 2262 1137 2302 vocant,
1178 2262 1319 2304 eaptus
1346 2261 1385 2293 et
1411 2269 1435 2292 a
1460 2268 1559 2303 rege
1583 2258 1830 2292 Francorum

275 2301 321 2336 25
335 2305 517 2351 Capuam
545 2306 764 2352 perductus
790 2309 860 2342 est.
910 2306 988 2342 Ubi
1016 2317 1106 2341 culn
1146 2306 1351 2341 biennium
1377 2310 1564 2341 versatus
1591 2307 1704 2349 esset,
1732 2315 1830 2339 nun-

336 2363 455 2398 quam
483 2363 507 2388 a
535 2364 740 2399 quoquam
766 2354 901 2390 rIsisse
927 2355 1038 2389 visus
1063 2357 1132 2397 est,
1172 2358 1217 2388 ut
1243 2364 1315 2388 rex
1342 2353 1509 2399 miratus
1537 2353 1687 2388 diceret
1713 2363 1756 2387 se
1782 2353 1829 2396 ei,

275 2397 321 2431 ‘26
336 2401 403 2446 qui
429 2401 650 2436 barbarum
679 2401 813 2437 risisse
838 2402 1054 2445 nuntiaret,
1090 2401 1312 2446 praemium
1340 2400 1527 2435 daturum
1555 2410 1652 2435 esse.
1704 2399 1830 2441 Quem

335 2448 550 2484 suldanum
577 2459 665 2484 eum
706 2449 869 2493 quidam
907 2449 1026 2484 semel
1067 2449 1202 2484 risisse
1239 2448 1473 2491 nuntiasset,
1512 2448 1703 2482 arcessito
1743 2447 1830 2482 bar-

275 2493 321 2528 27
335 2496 434 2531 baro
461 2497 564 2532 risus
591 2507 756 2532 causam
781 2507 855 2532 rex
883 2497 1094 2541 quaesivit.
1144 2495 1197 2530 At
1222 2495 1287 2530 ille
1307 2495 1480 2530 “Rotam
1507 2505 1649 2529 currus
1659 2494 1680 2506 '³
1701 2494 1830 2539 inquit

333 2544 356 2556 ⁶⁶
366 2543 460 2588 vidi,
486 2544 557 2579 ubi
584 2553 673 2579 cum
701 2544 830 2579 altera
847 2547 981 2579 terrae
1000 2544 1263 2586 incumberet,
1289 2543 1417 2578 altera
1436 2553 1593 2577 sursum
1613 2542 1830 2584 tolleretur,

335 2602 429 2626 mox
456 2602 517 2635 ea,
544 2601 650 2636 quae
676 2592 856 2627 sublimis
882 2593 1027 2636 fuerat,
1060 2591 1262 2636 depressa,
1301 2600 1406 2635 quae
1433 2590 1600 2632 humilis,
1638 2589 1679 2624 in
1705 2589 1830 2624 altum

276 2636 322 2671 ‘28
336 2639 440 2673 elata
467 2642 537 2674 est.
589 2639 705 2675 Unde
734 2639 967 2674 coniectura
995 2643 1113 2684 capta
1150 2648 1215 2673 res
1252 2638 1448 2672 humanas
1488 2637 1629 2671 eodem
1669 2646 1830 2681 quoque

336 2686 454 2721 modo
481 2687 635 2722 moveri
662 2689 700 2722 et
738 2686 958 2730 transferri,
996 2687 1036 2721 in
1061 2686 1185 2720 risum
1212 2685 1337 2730 erupi,
1378 2695 1497 2729 posse
1522 2685 1607 2718 fieri
1635 2684 1830 2728 cogitans,

335 2737 380 2768 ut
406 2737 445 2768 et
470 2744 651 2769 mearum
678 2744 812 2769 rerum
839 2737 966 2769 status
991 2733 1098 2769 idem
1125 2738 1230 2768 esset
1255 2742 1304 2767 ae
1330 2742 1404 2775 me,
1443 2731 1781 2776 quemadmodum
1807 2741 1830 2766 e

336 2781 494 2816 sublimi
526 2792 613 2817 sum
652 2782 817 2816 humum
856 2781 1083 2827 depressus,
1121 2781 1177 2815 sie
1211 2781 1356 2815 iterum
1396 2790 1446 2814 ex
1484 2779 1622 2814 humili
1662 2779 1750 2813 loeo
1788 2778 1830 2812 in

277 2825 322 2861 29
337 2828 462 2862 altum
490 2830 593 2863 forte
619 2829 768 2864 elatum
807 2829 1015 2864 sublimem
1055 2827 1180 2863 fore.”
1228 2827 1314 2862 Rex
1353 2829 1391 2861 et
1428 2827 1599 2861 verit-ate
1637 2825 1829 2860 orationis

337 2876 593 2913 considerata
628 2879 667 2914 et
700 2876 859 2913 suldani
885 2876 1073 2913 fortunae
1113 2875 1464 2912 commutationem
1502 2874 1715 2909 miseratus
1738 2882 1831 2908 eum

2044 2712 2054 2750 i

2042 2753 2054 2821 i

2044 2829 2054 2854 ,ἶ
