2054 3282
355 226 425 264 442
746 229 927 266 ZONAR.
956 229 1084 264 EPIT.
1111 230 1201 265 XVI
1232 230 1284 275 1⁶2,
1314 230 1462 267 11—96.

298 356 339 391 11
469 349 523 391 Ὁ
544 350 589 391 δὲ
612 349 922 405 Λογγιβαρὸίας
948 350 1051 399 ὁοὺξ
1066 351 1230 405 Ἀγίων,
1264 355 1336 393 τοῦ
1369 351 1498 406 ῥηγὸς
1520 353 1733 407 Φραγγίας
1752 370 1847 408 τυγ-

356 418 500 472 χάνων
532 419 735 473 γαμβρός,
768 419 855 460 ἐπεὶ
885 419 957 460 τὸν
987 420 1173 461 ’θάνατον
1203 424 1276 461 τοῦ
1303 420 1522 462 Βασιλείου
1554 422 1746 469 ἐπύθετο,
1776 422 1849 469 τὰς

357 485 464 540 πρὸς
501 487 737 541 Ῥωμαίους
782 488 1001 542 συν-θήκας
1043 489 1221 542 ἠθέτησε
1263 488 1335 530 καὶ
1377 489 1450 543 τὴν
1493 490 1640 544 χώραν
1683 491 1850 532 ἅπασαν

300 562 343 596 12
356 555 614 608 ᾠκειώσατο.
677 555 742 596 διὸ
773 555 844 597 τὸν
876 556 941 597 ἐπὶ
972 561 1043 611 τῆς
1066 558 1273 611 τραπέζης
1293 558 1480 611 ἔπεμψεν
1501 558 1525 599 ὁ
1546 558 1737 612 βασιλεὺς
1756 557 1847 600 κατ’

298 630 343 665 13
357 623 486 664 αὐτοῦ
515 623 619 677 μετὰ
651 627 736 665 τῶν
758 624 938 666 δυτικῶν
958 626 1200 679 ταγμάτων·
1233 627 1282 672 ὃς
1307 626 1517 680 συμμίξας
1544 627 1661 681 αὐτῷ
1690 627 1885 682 ἡττήθηῖ)

355 691 426 732 καὶ
456 691 613 737 πάντας
645 691 795 746 σχεδὸν
833 694 909 739 οὓς
947 694 1121 748 ἐπήγετο
1159 695 1399 748 ἀπεβάλετο,
1442 695 1562 749 μόλις
1598 694 1723 742 αὐτὸς
1760 696 1848 737 ὁια-

298 766 342 801 14
357 759 470 812 ὂράς.
532 764 605 800 τοῦ
651 760 696 802 δὲ
738 762 998 816 πατριάρχου
1041 762 1264 817 Στεφάνου
1311 764 1595 810 ἐκλελοιπότος
1631 764 1850 810 Ἀντώνιος

354 829 665 882 προκεχείριστο
696 830 966 885 πατριάρχης,
999 832 1047 877 ὃς
1077 832 1274 878 Καυλέας
1305 832 1543 886 ὠνόμαστο.
1863 839 1898 875 D
1917 840 1970 876 IV

298 904 341 939 15
478 897 572 938 Τῶν
594 897 639 939 δὲ
659 898 924 952 Βουλγάρων
945 900 1188 942 ἐνσπόνδων
1209 901 1344 942 ὄντων
1368 902 1438 942 καὶ
1470 901 1673 956 ἐμπορίας
1702 917 1847 942 ποιου-

353 965 497 1018 μένων
531 966 635 1020 μετὰ
663 966 898 1020 Ῥωμαίων,
943 969 983 1009 οἱ
1018 972 1103 1014 τοῖς
1139 969 1423 1024 τελωνήμασιν
1460 970 1688 1023 ἐφεστῶτες
1724 970 1848 1011 ἄδικα
1866 976 1910 1011 10

240 1041 276 1076 D
298 1041 340 1076 16
355 1033 508 1080 αὐτοὺς
549 1035 812 1089 εἰσέπραττον
854 1036 958 1091 τέλη.
1019 1041 1140 1078 τοῦτο
1183 1043 1245 1092 τῷ
1284 1039 1424 1079 αὐτῶν
1460 1039 1628 1093 ἄρχοντι
1663 1037 1850 1092 Συμεὼν

354 1102 487 1156 λαβὰς
518 1104 705 1157 ζητοῦντι
735 1108 809 1145 τοῦ
840 1104 946 1146 κατὰ
971 1105 1195 1160 Ῥωμαίων
1224 1106 1410 1161 πόλεμον
1441 1107 1626 1160 ἄρασθαι
1657 1106 1714 1152 εἷς
1743 1106 1848 1159 πρό-

298 1179 340 1214 17
355 1186 482 1225 φασιν
520 1172 682 1226 ἤρκεσε.
743 1173 814 1214 καὶ
856 1175 996 1227 μέντοι
1038 1174 1109 1216 καὶ
1153 1176 1303 1229 ἤρατο·
1349 1175 1420 1216 καὶ
1454 1174 1694 1229 Ῥωμαϊκὸν
1733 1175 1850 1228 αὐτῷ

355 1240 719 1295 ἀνθοπλισάμενον
750 1242 982 1296 στράτευμα
1014 1245 1172 1298 ἥττητο,
1205 1243 1276 1284 καὶ
1306 1243 1451 1285 πολλοὶ
1481 1243 1558 1296 μὲν
1589 1244 1738 1284 ἔπεσον
1765 1245 1850 1284 τῶν

296 1308 574 1363 18Ῥωμαίων
610 1310 681 1350 καὶ
718 1310 742 1351 ὁ
779 1311 1057 1365 στρατηλάτης
1093 1311 1237 1358 αὐτός·
1283 1312 1429 1354 πολλοὶ
1467 1309 1504 1353 δ’
1537 1311 1741 1364 ἑάλωσαν,
1787 1309 1850 1352 ὧν
1869 1318 1909 1353 15

353 1377 426 1424 τὰς
457 1379 574 1432 ῥῖνας
605 1378 629 1420 ὁ
659 1378 846 1433 Συμεὼν
877 1379 1065 1433 ἐκτεμὼν
1103 1380 1343 1422 ἐπανελθεῖν
1375 1381 1515 1435 ἀφῆκε
1544 1379 1652 1434 πρὸς
1682 1379 1729 1421 τὸ
1762 1379 1848 1421 Βυ-

297 1453 341 1488 19
356 1447 526 1495 ζάντιον.
587 1447 747 1494 τούτοις
781 1448 1060 1503 περιαλγήσας
1097 1448 1121 1490 ὁ
1157 1448 1347 1502 βασιλεὺς
1387 1449 1542 1503 δώροις
1578 1447 1675 1494 τοὺς
1716 1448 1848 1502 Τούρ-

354 1577 375 1612 7
400 1577 481 1621 περὶ
505 1582 734 1622 πατριαρχῶν
760 1577 788 1613 C
935 1578 957 1613 9
981 1578 1061 1623 περὶ
1087 1579 1297 1623 Βουλγάρου
1324 1579 1493 1623 ἄρχοντος
1518 1578 1672 1622 Συμεών
1698 1578 1740 1622 Ε,
1770 1577 1848 1622 περὶ

350 1624 659 1709 ᾗουλγάρωνρκαί
685 1630 745 1660 τοῦ
772 1626 942 1671 ἄρχοντος
971 1626 1088 1661 αὐτῶν
1113 1626 1268 1671 Συμεὼν
1296 1627 1356 1661 καὶ
1390 1627 1453 1661 ὅσα
1485 1626 1612 1671 συνέβη
1643 1626 1683 1671 ἒξ
1713 1626 1848 1661 ἐκείνου

391 1686 539 1717 ωμαιοις

426 1781 445 1815 1
473 1781 494 1814 ό
516 1780 604 1822 δοὺξ
628 1780 668 1816 δὲ
691 1780 782 1826 λογγ.
811 1781 842 1816 O
938 1780 1049 1825 ἁγίων
1074 1780 1156 1824 AR,
1183 1780 1229 1817 G.
1255 1780 1304 1815 M.
1332 1792 1368 1826 p.
1396 1781 1475 1825 770,
1500 1781 1533 1825 8,
1559 1780 1603 1815 L.
1631 1780 1678 1816 G.
1704 1791 1741 1826 p.
1767 1780 1848 1824 265,

425 1829 483 1871 ⁴23,
509 1828 620 1874 ἁγίων
645 1828 821 1872 DEwDi‚
849 1828 920 1863 Th.
948 1828 997 1863 Μ.
1024 1840 1060 1874 p.
1089 1829 1157 1864 185
1266 1829 1289 1863 4
1315 1829 1384 1873 τὸν]
1412 1834 1482 1864 τῶν
1509 1828 1538 1864 C
1650 1828 1674 1864 5
1698 1833 1769 1863 τῶν
1791 1829 1849 1863 δυ-

425 1881 536 1911 τικῶν
560 1876 742 1922 ταγμάτων
759 1876 975 1922 AEwap,
1003 1881 1074 1911 τῶν
1098 1876 1283 1921 ταγμάτων
1310 1878 1465 1911 δυτικῶν
1484 1876 1530 1920 D,
1558 1881 1628 1911 τῶν
1651 1889 1751 1921 ταγμ.
1780 1881 1849 1910 τῶν

426 1925 581 1959 ὂυτικῶν
606 1923 670 1959 BC
763 1924 785 1958 6
811 1924 1001 1970 ἐπηγάγετο
1028 1924 1064 1958 D
1160 1925 1180 1959 7
1206 1924 1375 1962 ἀντῶνιος
1402 1924 1449 1967 D,
1477 1935 1578 1959 corr.
1606 1923 1675 1961 Dw
1763 1924 1785 1958 8
1810 1924 1848 1962 ὃς

425 1973 470 2008 K.
497 1972 680 2016 ὠνόμαστο
709 1982 783 2007 om.
811 1972 842 2007 E
941 1972 986 2007 lO
1010 1973 1047 2006 οῖ
1068 1972 1296 2018 ἐφεστηκότες
1322 1978 1391 2010 τοῖς
1417 1972 1482 2006 τελ.
1510 1971 1541 2007 O
1654 1971 1695 2006 11
1722 1970 1848 2010 αὐτοὺς

427 2030 502 2054 om.
530 2019 560 2054 B
687 2025 736 2063 τῷ
762 2020 903 2064 ἄρχοντι
929 2020 1046 2055 αὐτῶν
1071 2019 1103 2055 O
1230 2020 1273 2054 12
1300 2022 1390 2064 post
1415 2020 1463 2058 εἷς
1489 2019 1581 2054 add.
1605 2019 1723 2064 μάχης
1750 2018 1847 2064 pr

429 2068 472 2102 13
497 2068 608 2112 ἤρατο
634 2067 719 2111 (Sic)
746 2066 791 2110 A,
821 2077 858 2102 V.
886 2067 938 2102 ad
963 2067 1056 2103 XVI
1081 2067 1114 2110 2,
1144 2068 1161 2101 1
1267 2067 1311 2102 15
1337 2066 1525 2112 στρατηγὸς
1552 2066 1583 2102 O
1684 2066 1727 2101 16
1751 2066 1848 2111 ῥῖνας
2026 2077 2049 2110 ’Ῑῑρ

426 2113 592 2197 BCDi,D
585 2115 682 2160 ῥίνας
707 2114 844 2160 Apr
972 2115 1116 2160 σημεὼν
1141 2114 1189 2157 D,
1218 2125 1318 2150 corr.
1343 2115 1412 2152 Dw
1543 2115 1586 2150 17
1611 2114 1774 2160 βασιλεῦς
1800 2113 1847 2158 D,
2027 2106 2049 2150 {³5

427 2172 528 2198 corr.
595 2181 624 2200 w
2026 2168 2041 2187 ·’

297 2281 338 2316 11
473 2281 660 2318 Ceterum
686 2279 803 2327 Agim
842 2281 1158 2328 Longobardiae
1194 2282 1290 2325 dux,
1329 2282 1437 2326 regis
1474 2280 1670 2316 Franciae
1709 2280 1847 2324 affinis,

354 2331 495 2366 audita
513 2329 649 2365 Basilii
674 2333 814 2372 morte,
840 2328 1021 2364 Romano
1050 2330 1215 2365 foedere
1233 2329 1391 2364 sublato
1421 2339 1577 2364 omnem
1596 2328 1670 2363 sibi
1690 2328 1849 2373 provin-

296 2376 341 2411 12
355 2379 457 2414 ciam
492 2377 725 2412 vindicavit.
776 2376 911 2418 Quare
948 2387 1021 2412 rex
1050 2387 1213 2412 mensae
1251 2377 1501 2422 praefectum
1539 2386 1627 2410 eum
1669 2375 1848 2411 occiden-

297 2424 341 2459 13
353 2426 502 2462 talibus
539 2425 768 2471 legionibus
805 2428 946 2459 contra
984 2435 1076 2460 eum
1112 2425 1234 2469 misit3
1278 2425 1344 2469 qui
1384 2424 1535 2468 proelio
1576 2424 1718 2464 victus,
1765 2423 1850 2458 fere

296 2471 342 2506 14
355 2474 551 2517 omnibuS,
579 2482 680 2517 quos
707 2472 945 2516 adduxerat,
974 2473 1139 2515 amissis,
1178 2473 1279 2516 fuga
1306 2481 1430 2516 aegre
1457 2471 1618 2516 elapsus
1645 2474 1715 2506 est.
1764 2468 1849 2506 Ste—

354 2521 489 2567 phano
541 2520 797 2565 patriarchae
850 2519 1041 2555 defuncto
1087 2518 1305 2562 Antonine,
1351 2522 1619 2563 cognomento
1666 2517 1848 2561 Cauleas,

263 2599 266 2602 .
354 2569 558 2604 suecessit.
1767 2590 1770 2591 γ

297 2615 341 2650 15
473 2615 571 2652 Cum
596 2614 764 2660 Bulgari
790 2625 891 2661 pace
916 2615 1024 2650 facta
1052 2625 1139 2650 cum
1161 2613 1351 2649 Romanis
1377 2613 1616 2648 commercia
1642 2613 1848 2656 habereut,

298 2662 341 2697 16
355 2663 425 2699 sed
462 2663 676 2708 portitores
712 2662 763 2697 ab
802 2663 849 2698 iis
889 2662 1103 2707 vectigalia
1140 2662 1280 2706 iniqua
1318 2661 1540 2706 exigerent,
1582 2660 1622 2695 id
1649 2659 1850 2705 Symeoni‚

355 2711 512 2747 illorum
554 2711 741 2755 principi,
779 2710 1015 2745 iamdudum
1053 2709 1306 2745 occasionem
1345 2709 1524 2753 captanti
1563 2709 1659 2743 satis
1702 2717 1851 2742 causae

299 2757 341 2793 17
356 2759 486 2793 visum
513 2758 566 2793 ad
591 2757 739 2793 bellum
765 2757 956 2793 Romanis
981 2756 1248 2792 inferendum.
1299 2755 1378 2792 Sed
1405 2755 1609 2790 Romanus
1648 2755 1851 2790 exercitus

356 2809 497 2841 contra
523 2815 616 2841 eum
641 2805 786 2841 missus
820 2805 1044 2848 succubuit,
1082 2804 1216 2839 multis
1255 2804 1383 2839 caesis
1409 2804 1578 2848 ipsoque
1605 2803 1708 2838 duce
1733 2802 1851 2838 inter-

297 2852 341 2887 18
356 2854 474 2897 fecto,
497 2852 630 2887 multis
649 2853 786 2898 captis,
816 2863 917 2898 quos
936 2851 1109 2897 Symeon
1129 2851 1236 2886 nasis
1256 2851 1446 2896 praecisis
1461 2850 1699 2893 Byzantium
1718 2849 1851 2884 redire

298 2899 342 2935 19
356 2910 499 2948 passus
526 2903 595 2935 est.
648 2900 802 2944 Quibus
828 2900 949 2936 rebus
971 2900 1151 2936 irritatus
1176 2909 1249 2934 rex
1268 2898 1422 2934 Tureos
1449 2898 1594 2933 Istrum
1613 2897 1851 2941 accolenteS,
