2054 3282
88 0 257 29 Rzffffwi
379 0 381 2 .

478 243 714 283 AGARENI
739 245 1030 286 ANTIOCHIA
1054 245 1284 283 REPVLSI.
1334 245 1492 283 RVSSI.
1660 247 1731 284 523

233 381 275 408 τε
305 366 376 409 καὶ
406 366 478 408 τὸν
504 367 724 422 Ῥωμανὸν
754 368 892 410 οὐκέτι
923 371 1008 411 τῶν
1038 368 1148 410 οὒιοι
1177 368 1420 423 ἐμέμνηντο,
1455 368 1542 410 ἀλλ’
1576 369 1732 423 ἤθελον

233 435 363 477 αὐτοῦ
393 452 478 476 που
508 437 645 490 μένειν
669 436 744 491 τὴν
763 437 912 492 χώραν
933 437 1185 491 κατέχοντες.
1245 435 1353 490 πρὸς
1373 439 1495 478 τοῦτο
1518 433 1556 477 δ’
1579 435 1731 483 αὐτοὺς
1746 446 1791 481 18

232 503 304 545 καὶ
319 504 344 546 ὁ
360 503 614 558 Καλοκυρὸς
630 505 896 560 ἀνηρέθιζεν·
919 505 988 546 “ει’
1000 504 1080 559 γὰρ
1096 503 1289 559 βασιλεὺς
1304 504 1528 559 Ῥωμαίων
1544 505 1729 560 ἀναρρη-

232 572 422 627 θήσομαι
458 569 559 627 παρ’
592 573 764 627 ὗμῶν”,
808 573 920 628 ἔλεγε
956 573 1059 628 “1²74-
1095 589 1138 616 τε
1173 577 1259 615 τῶν
1289 573 1555 628 Βουλγάρων
1584 574 1731 628 χώρας

196 641 540 696 ὅπαραχωρήσω
572 642 670 696 ὑμῖν
700 642 772 684 καὶ
803 643 1062 698 διαθήσομαι
1091 641 1200 696 πρὸς
1226 641 1338 695 ὑμᾶς
1357 642 1527 696 εἰρήνην
1548 642 1729 684 ὂιαιωνί-

233 710 390 758 ζουσαν
433 710 504 751 καὶ
546 709 595 751 τὰ
636 711 900 765 ὑπεσχημένα
937 705 1112 765 παρέξω
1150 709 1257 752 κατὰ
1295 710 1343 751 τὸ
1380 710 1730 752 πολλαπλάσιον.”

33 822 48 834 2
232 778 274 818 οῖ
302 777 349 820 δὲ
379 782 429 833 τῇ
460 794 501 820 τε
531 782 616 820 τῶν
646 783 806 834 χωρῶν
837 780 962 835 ἀρετῇ
993 779 1241 834 θελχθέντες
1270 779 1342 821 καὶ
1372 782 1456 826 τοῖς
1486 779 1624 833 λόγοις
1655 783 1728 821 τοῦ
1744 783 1788 819 19

28 840 89 893 JD
103 846 156 883 IV
172 847 218 882 94
232 845 488 900 Καλοκυρσῢ
527 848 819 902 χαυνωθέντες
858 849 952 890 οὔτε
982 853 1044 902 τῷ·
1073 848 1235 902 βασιλεῖ
1259 849 1394 889 πάντα
1424 848 1611 902 ποιήσειν
1642 848 1727 889 ἐπι-

26 905 33 925 ÷
230 914 325 969 τελῆ
361 914 409 956 τὰ
445 915 562 970 παρὰ
603 920 676 957 τοῦ
715 915 973 971 Νικηφόρον
1019 917 1158 971 σφίσιν
1201 917 1467 971 ὑπεσχημένα
1512 916 1730 958 ἐπείθοντο

172 984 219 1019 10
230 983 432 1037 γράφοντι
462 984 533 1025 καὶ
563 988 648 1029 τοῖς
671 985 893 1039 πρέσβεσιν
921 985 1139 1040 ὡμίλησαν
1160 984 1531 1039 ἀλαζονικώτερον.
1594 984 1728 1026 ἕντεῦ-
1742 989 1790 1025 20

228 1052 306 1093 θεν
337 1051 523 1104 ἄρασθαι
554 1050 644 1094 κατ’
678 1053 822 1095 αὐτῶν
851 1053 959 1095 ὅπλα
992 1053 1230 1108 ἠνάγκαστο
1261 1053 1332 1095 καὶ
1363 1057 1451 1100 ταῖς
1475 1053 1730 1108 Ῥωμαϊκαῖς
1743 1056 1943 1095 Ρ1121οΑ

229 1120 453 1175 δυνάμεσιν
499 1121 719 1177 ἐπιστήσας
770 1122 1043 1177 στρατάρχην,
1095 1123 1145 1164 ὃν
1191 1122 1470 1177 στρατηλάτην
1516 1121 1728 1176 ὠνόμασε,

227 1188 405 1243 Βάρόαν
433 1190 663 1244 μάγιστρον
688 1189 760 1232 τὸν
779 1190 992 1246 Σκληρόν,
1023 1195 1097 1246 τῆς
1128 1191 1209 1246 ἤδη
1243 1190 1460 1245 θανούσης
1492 1191 1621 1232 αὐτοῦ
1653 1206 1727 1244 γα-

226 1262 354 1312 μετῆς
383 1258 647 1313 αὐτάδελφον
678 1259 791 1313 ὄντα,
824 1259 1012 1315 ὁρμῆσαί
1040 1260 1080 1301 οἷ
1109 1259 1215 1301 κατὰ
1247 1263 1332 1301 τῶν
1358 1259 1465 1306 Ῥῶς
1495 1259 1726 1302 ἐνετείλατο.

171 1329 216 1365 15
228 1325 300 1368 καὶ
319 1326 345 1368 ὅ
363 1326 444 1381 μὲν
463 1326 605 1382 ἀπῄει·
638 1329 678 1369 οἱ
697 1328 909 1383 βάρβαροι
939 1328 984 1370 δὲ
1014 1332 1136 1370 τοῦτο
1166 1329 1378 1383 μαθόντες
1408 1328 1479 1371 καὶ
1511 1329 1535 1370 ὁ
1567 1329 1728 1370 τούτων
1741 1333 1784 1369 21

231 1395 411 1450 ἔξαρχος
441 1395 467 1437 ὁ
486 1395 863 1452 Σφενὸοσθλάβος,
894 1397 991 1443 τούς
1021 1413 1063 1439 τε
1083 1397 1360 1451 Βουλγάρους
1390 1397 1627 1444 ὁπλίσαντες
1657 1397 1729 1439 καὶ

231 1463 483 1519 συμμάχους
502 1465 828 1520 προσειληφότες
848 1465 1042 1513 Σκύθας,
1075 1467 1119 1507 οἳ
1137 1465 1395 1514 ῙΙατζινάκαι
1424 1466 1727 1520 κικλήσκονται,

229 1531 301 1574 καὶ
330 1531 427 1580 τοὺς
460 1532 534 1588 τὴν
564 1531 782 1576 Πανονίαν
821 1534 1041 1582 οἰκοῦντας
1076 1533 1292 1588 Τούρκους
1329 1534 1400 1577 καὶ
1437 1533 1628 1589 στρατιὰν
1671 1534 1729 1582 εἷς

231 1680 277 1717 10
300 1681 350 1717 ὅτι
375 1681 397 1716 ὅ
418 1680 584 1727 Σκληρός
609 1682 754 1727 Βάρὸας
779 1681 903 1728 ε’στάλη
930 1681 1020 1718 κατὰ
1045 1686 1115 1718 τῶν
1134 1683 1224 1722 Ῥῶς
1252 1682 1339 1728 (ῥώς
1365 1682 1443 1728 CE)
1471 1682 1534 1721 ΟΕ

302 1825 318 1860 1
349 1839 383 1860 τε
410 1835 485 1862 om.
511 1826 580 1862 Ew
733 1826 756 1862 2
780 1826 971 1872 κατέχοντα
997 1827 1044 1871 D,
1073 1837 1174 1863 corr.
1202 1827 1270 1865 Dw
1402 1826 1506 1866 αὐτὸς
1532 1827 1572 1871 C,
1599 1827 1726 1867 αὖτοῦς

301 1883 402 1909 corr.
422 1872 483 1911 Cw
627 1874 794 1920 ἠρέθιζεν
817 1876 839 1910 ὅ
862 1874 1062 1919 καλοκυρὸς
1087 1876 1302 1919 (καλόκυρος
1329 1875 1379 1920 D)
1407 1875 1438 1911 Ο
1536 1875 1558 1910 5
1585 1876 1668 1921 ἡμῖν
1689 1876 1725 1910 D

348 1921 440 1967 ἡμᾶς
465 1921 501 1956 D
599 1921 621 1958 6
645 1922 706 1957 καὶ
731 1922 785 1967 τὰ]
813 1922 886 1958 εἶτα
911 1923 971 1958 καὶ
998 1922 1032 1957 Ι)
1131 1923 1162 1958 7.
1190 1924 1213 1958 8
1237 1923 1298 1959 καὶ
1324 1929 1393 1962 τοῖς
1410 1922 1525 1969 λόγοις
1543 1928 1603 1959 τοῦ
1621 1924 1724 1959 καλο-

299 1973 414 2014 κυροῦ
446 1969 665 2014 (καλοκύρου
690 1969 744 2015 1))
777 1971 1021 2016 χαυνωθὲντες
1048 1969 1205 2017 prDi
1237 1974 1288 2011 (V.
1321 1969 1437 2007 Cedr.
1470 1970 1660 2016 (Scylitz.)
1688 1971 1723 2007 II

302 2027 338 2063 p.
364 2016 446 2059 384,
474 2017 520 2062 l),
550 2027 626 2054 om.
653 2016 688 2054 A
821 2018 866 2054 10
889 2018 1204 2063 ἅλαζωνικώτερον
1230 2018 1272 2062 Β,
1298 2018 1600 2062 ἅλαζωνικότερον
1626 2018 1723 2065 xvssp,

300 2064 636 2110 ἀλλαζωνικώτερον
661 2063 698 2100 D
809 2066 854 2102 12
878 2066 1098 2111 στρατάρχης
1124 2065 1160 2101 D
1259 2066 1303 2101 14
1329 2066 1411 2111 τῶν]
1439 2066 1498 2101 τὸν
1523 2065 1554 2100 B
1651 2066 1724 2110 ῥώς

301 2110 497 2159 DEwpDi
606 2113 662 2149 15.
690 2114 735 2150 16
759 2114 820 2149 καὶ
845 2115 867 2149 ό
890 2114 1022 2150 τούτων
1045 2114 1193 2159 ἔξαρχος
1219 2114 1394 2159 (ἐξάρχων
1420 2112 1495 2158 BC,
1524 2114 1648 2159 ἅρχων
1675 2113 1723 2156 D)

300 2159 322 2194 ό
346 2160 437 2202 (om.
464 2159 511 2205 O)
536 2161 827 2207 σφενόοσθλάβος
853 2162 1159 2207 (σφενὸόσθλαβος
1186 2161 1296 2207 lsswp)
1329 2162 1407 2200 τούς
1439 2174 1472 2196 τε
1504 2161 1724 2207 βουλγάρους

300 2207 499 2247 ὁπλίσαντες
525 2206 694 2254 prDi‚
721 2219 796 2245 om.
823 2209 856 2244 A
960 2210 1001 2245 17
1027 2209 1282 2254 κεκλήσκονται
1310 2208 1340 2244 Β
1441 2209 1484 2244 18
1510 2207 1572 2244 τ“ν
1599 2219 1673 2245 om.
1695 2209 1724 2246 C

345 2257 512 2292 πανονίαν
524 2254 607 2301 AO,
620 2258 806 2293 παννονίαν
821 2256 987 2303 EwpDi,
1005 2258 1184 2302 Παννονίᾳ
1200 2255 1315 2293 Cedr.
1334 2255 1524 2303 (Seylitz.)
1560 2256 1575 2292 I
1591 2267 1626 2303 p.
1641 2256 1722 2301 384,

299 2302 361 2348 153
386 2313 425 2339 v.
450 2302 622 2340 Hierocl.
649 2303 729 2348 657,
752 2305 773 2342 7
799 2303 1056 2341 Burckhardt

228 2446 328 2492 perii
354 2445 490 2483 sedem
518 2449 764 2484 constituere
790 2449 1017 2493 voluerunt,
1052 2448 1235 2494 Calocyri
1263 2449 1511 2494 potissimum
1538 2448 1723 2494 impulsu,
1739 2445 1784 2482 18

228 2494 309 2540 qui,
347 2494 379 2530 si
405 2494 458 2531 ab
484 2495 532 2531 iis
557 2495 830 2532 Romanorum
858 2507 929 2533 rex
956 2496 1240 2543 appellaretur,
1279 2506 1323 2532 se
1354 2501 1394 2531 et
1420 2495 1614 2542 Bulgaria
1643 2506 1724 2533 ces-

227 2550 366 2577 surum
393 2545 433 2578 et
458 2552 597 2588 pacem
627 2547 864 2590 perpetuam
891 2546 1091 2580 facturum
1120 2548 1159 2579 et
1185 2543 1309 2579 multo
1337 2543 1465 2590 plura,
1492 2553 1613 2590 quain
1635 2554 1723 2590 pro-

228 2589 350 2626 missa
387 2594 522 2626 essent
555 2592 840 2637 praestiturum
881 2597 942 2628 ost
983 2591 1195 2637 pollicitus.
1245 2591 1303 2626 Illi
1345 2595 1386 2627 et
1422 2591 1724 2637 provinciarum
1739 2589 1783 2624 19

229 2636 411 2673 bonitate
429 2637 547 2674 illecti
566 2643 606 2674 et
626 2638 810 2685 Caloeyri
830 2640 965 2675 verbis
983 2640 1109 2674 inflati
1128 2648 1262 2684 nequo
1283 2639 1424 2675 litteris
1450 2638 1558 2685 regis
1577 2639 1723 2683 omnia,

229 2694 335 2730 quae
354 2684 604 2731 Nicephorus
622 2687 879 2732 promisisset,
906 2697 949 2723 se
968 2689 1246 2723 confecturum
1266 2687 1500 2723 affirmantis
1525 2685 1724 2722 ausculta·

229 2736 390 2768 mutet
419 2733 576 2779 legatos
607 2734 845 2771 insolentius
879 2738 1115 2770 tractarunt.
1166 2733 1322 2776 Quibus
1360 2733 1411 2770 de
1449 2734 1582 2770 causis
1619 2733 1785 2770 bellom

229 2789 299 2816 eos
337 2783 476 2826 petere
513 2785 680 2818 coactus
716 2781 918 2818 Romanas
956 2782 1139 2827 legiones
1175 2780 1310 2817 Barda
1349 2780 1485 2817 Sclero
1528 2781 1723 2827 mag-istro

229 2825 345 2871 duce,
380 2828 506 2865 fratre
531 2829 672 2865 uxoris
698 2839 829 2875 nuper
855 2829 1085 2872 defunctae,
1123 2833 1265 2865 contra
1291 2829 1442 2865 leussos
1467 2829 1583 2865 misit.
1634 2829 1722 2872 Quo
1736 2828 1779 2865 21

228 2874 495 2911 barbarorum
523 2876 605 2912 dux
634 2875 1008 2923 Sphendosthlabus
1034 2876 1246 2921 intellecto,
1277 2875 1466 2923 Bulgnris
1493 2877 1658 2913 armatis
1684 2882 1724 2914 et

229 2920 398 2968 Scythis,
422 2924 490 2970 qui
510 2923 750 2961 Patzinacae
770 2924 971 2970 (licuntur,
988 2928 1027 2961 et
1045 2924 1200 2970 'rure-ia,
1219 2925 1286 2972 qui
1307 2925 1555 2961 Pannoniam
1574 2929 1722 2973 tenent,
