2066 3230
565 216 882 255 FRANCORVM
909 218 1204 257 EXPEDITIO.
1252 219 1516 257 BOGOMILI.
1715 223 1786 260 743

294 337 526 391 χρημάτων
556 343 618 393 τῴ·
654 339 822 394 βασιλεῖ,
866 340 906 381 οἱ
938 337 975 381 δ’
1008 341 1065 387 εἰς
1095 340 1142 383 τὸ
1171 340 1322 395 πρόσω
1352 343 1652 398 προύχώρουν.
1713 344 1784 386 καὶ
1799 347 1844 383 18

295 405 336 446 οῑ
375 405 455 460 μὲν
495 405 571 461 τὴν
611 406 720 462 πρὸς
761 412 824 462 τῷ
858 407 1038 464 Ὀρόντῃ
1076 409 1186 451 εἷλον
1228 408 1304 452 σὺν
1344 410 1504 466 μόχθῳ
1546 411 1619 453 καὶ
1660 411 1785 466 φόνῳ

293 474 440 529 πολλῷ
469 474 729 530 Ἀντιόχειαν,
774 477 815 518 οἱ
851 476 896 519 δὲ
939 481 1011 533 τῆς
1043 477 1350 533 Ἱεροσολύμων
1390 479 1586 534 μεγάλοις
1627 480 1785 535 ἀγῶσιν

295 541 529 598 ἐκράτησαν
557 543 733 591 πόλεως.

257 612 280 649 5
406 609 513 653 Ἀλλ’
547 613 659 655 οὕτω
693 612 773 668 μὲν
802 613 851 655 τὰ
882 617 956 656 τοῦ
987 614 1141 661 ἔθνους
1171 616 1295 670 ἔσχον
1324 618 1410 658 τῶν
1445 616 1657 672 Φράγγων
1687 634 1783 660 συν-
1800 621 1844 657 19

292 681 560 735 τετμημένως
590 682 733 724 εἰπεῖν·
775 683 928 737 αἵρεσις
960 683 1008 725 δέ
1035 699 1094 730 τις
1131 683 1237 726 κατὰ
1273 683 1371 732 τοὺς
1402 685 1583 740 χρόνους
1613 686 1785 735 τούτους

293 749 536 804 ἀναπέφηνε
564 750 736 804 μυσαρὰ
767 751 794 806 ἡ
826 754 911 793 τῶν
943 750 1206 806 Βογομίλων.
1266 757 1340 808 τῆς
1371 753 1417 795 δὲ
1448 754 1639 810 τοιαύτης
1671 756 1845 809 αἶρέ-20

294 833 404 864 σεως
433 820 570 873 κῆρυξ
600 818 653 873 ἢν
682 818 754 860 καὶ
781 820 916 873 μέγας
947 819 1198 867 διδάσκαλος
1227 821 1298 863 καὶ
1321 822 1557 877 προβολεὺς
1575 826 1662 865 τῶν
1680 821 1782 878 παρ’

294 886 435 933 αὐτοῖς
465 887 713 929 ἀποστόλων
744 887 961 934 Βασίλειός
990 904 1048 935 τις
1078 888 1302 944 λεγόμενος
1332 891 1483 945 ιάτρός,
1528 896 1669 947 σχῆμα
1705 891 1833 946 μὲνΙ)

236 960 282 996 10
292 955 578 1010 περικείμενος
607 960 812 1011 μοναχοῦ,
844 956 971 998 αὐτὸν
1003 954 1040 999 δ’
1064 957 1222 999 ἐκεῖνον
1252 958 1528 1013 ἐνδεδυμένος
1556 959 1628 1002 τὸν
1658 976 1782 1003 σατα-

293 1027 380 1066 νᾶν.
442 1024 490 1071 ὃς
510 1025 555 1066 ἐν
576 1025 677 1067 ἔτεσι
701 1025 781 1079 μὲν
810 1025 1103 1067 πεντεκαίδεκα
1134 1025 1183 1067 τὰ
1213 1030 1286 1082 τῆς
1315 1026 1475 1083 πλάνης
1503 1028 1664 1082 μαθὼν
1694 1029 1783 1071 ὀλέ-
1797 1032 1840 1069 21

294 1092 396 1146 θρια
429 1091 631 1147 δόγματα,
663 1093 707 1135 ἐν
739 1093 784 1135 δὲ
816 1093 909 1135 δυσὶ
939 1093 1009 1135 καὶ
1030 1094 1285 1149 πεντήκοντα
1308 1095 1480 1144 διδάξας
1499 1097 1616 1146 αὐτά,
1646 1100 1785 1139 πᾶσαν

294 1160 446 1216 σχεδὸν
475 1161 550 1216 τὴν
581 1163 833 1217 οἰκουμένην
863 1167 936 1218 τῆς
966 1163 1120 1209 οἰκείας
1149 1163 1285 1219 λύμης
1315 1164 1545 1220 ἐνέπλησεν.
1606 1164 1689 1208 εἶτα
1714 1165 1845 1208 καὶ22

293 1234 343 1285 τῇ
374 1233 459 1272 τῶν
488 1229 656 1273 πόλεων
682 1231 858 1286 βασιλίδι
883 1231 1177 1286 ἐπεχωρίασεν,
1210 1231 1297 1273 ἀλλ’
1320 1232 1432 1274 ἑάλω
1453 1230 1517 1274 ἐπ’
1540 1233 1786 1289 αὐτοφώρῳ

236 1298 319 1340 156
357 1303 430 1353 τῆς
467 1299 667 1354 ἀληθείας
705 1299 875 1354 ἐχθρός.
939 1299 1062 1353 γνοὺς
1106 1299 1185 1354 γὰρ
1223 1299 1297 1355 τὴν
1335 1301 1494 1343 ἐκείνου
1532 1302 1723 1356 ἀσέβειαν
1761 1302 1846 1343 623

292 1370 463 1421 κρατῶν
494 1367 703 1423 ὖπεκρίθη
735 1368 867 1410 πίστιν
898 1368 1004 1423 ἔχειν
1034 1369 1091 1414 εἰς
1122 1368 1280 1411 ἐκεῖνον
1310 1368 1382 1411 τὸν
1402 1370 1694 1425 κακοδαίμονα
1715 1370 1787 1412 καὶ

295 1435 549 1478 διδάσκαλον
586 1435 722 1478 ἐκάλει
758 1435 830 1477 καὶ
866 1440 1037 1491 σωτῆρα
1074 1436 1365 1492 πλανωμένων
1401 1441 1567 1493 ψυχῶν.
1628 1438 1787 1486 τούτοις
1800 1443 1846 1479 24

81 1505 119 1544 D
139 1505 194 1544 IV
211 1505 281 1542 244
295 1502 373 1546 οὖν
402 1504 474 1546 καὶ
503 1504 684 1547 πλείοσιν
714 1504 852 1551 ἄλλοις
881 1504 1002 1559 μόλις
1031 1504 1109 1559 μὲν
1139 1505 1210 1547 καὶ
1249 1505 1324 1547 σὺν
1361 1506 1519 1561 χρόνῳ,
1564 1508 1704 1561 ἴσχυσε
1741 1507 1788 1549 δέ

294 1588 394 1615 ποτε
436 1576 572 1616 πεῖσαι
610 1572 682 1616 τὸν
721 1573 915 1628 ὀλέθριον
952 1574 1110 1616 ἐκεῖνον
1141 1574 1328 1629 ἐξεμέσαι
1359 1573 1430 1616 τὸν
1461 1573 1525 1617 ἰὸν
1555 1579 1627 1630 τῆς
1656 1590 1787 1631 πονη-

295 1714 319 1751 5
342 1715 422 1760 περὶ
446 1719 506 1761 τῆς
530 1718 601 1750 τῶν
626 1716 838 1761 Βογομίλων
860 1715 1030 1761 αἱρέσεως
1061 1715 1122 1751 καὶ
1154 1717 1250 1755 ὅπως
1275 1717 1295 1751 ὁ
1319 1716 1444 1763 ταύτης
1469 1718 1586 1763 κῆρυξ
1610 1717 1787 1763 διεφθάρη

296 1762 456 1809 (ἐφθάρη
482 1762 528 1808 Ε)
555 1762 618 1799 CE

0 1870 18 1918 ³ss
371 1895 389 1930 1
415 1893 466 1940 τὸ]
492 1893 533 1930 τὰ
559 1893 629 1930 BD
763 1894 787 1930 2
811 1895 937 1940 ὁρόω,
964 1893 1163 1941 nmmo,
1189 1895 1325 1941 αρρόηι
1351 1894 1397 1939 A,
1423 1895 1571 1941 ερρόηη
1599 1894 1646 1939 D,
1673 1906 1710 1931 v.
1737 1895 1790 1931 ad

8 1952 18 1975 ;’
369 1941 466 1978 XIII
490 1943 525 1986 8,
551 1942 597 1978 26
708 1942 741 1978 2.
766 1943 790 1978 3
813 1943 932 1978 πολλῶ
958 1946 1052 1978 ante
1078 1943 1137 1978 καὶ
1163 1942 1199 1977 D
1296 1943 1318 1978 9
1345 1943 1528 1982 Βασίλειός
1554 1942 1614 1988 τις]
1639 1943 1790 1989 βασιλει-

368 1992 451 2035 ότης
476 1989 508 2025 Ε
604 1990 718 2035 ἱατρός
733 1990 820 2034 (sic)
835 1988 869 2024 A
967 1990 1009 2024 11
1036 1990 1074 2024 ἐν
1100 2000 1174 2026 om.
1190 1990 1220 2025 B
1319 1991 1364 2026 12
1388 1995 1493 2026 ταῦτα
1517 1989 1549 2026 Ο
1647 1990 1692 2026 14
1716 1990 1791 2025 ἐπε-

368 2039 541 2084 χωρίασιν
566 2037 613 2083 p*
692 2038 737 2073 18
760 2037 821 2072 καὶ
846 2036 910 2073 σὺν
935 2035 1103 2083 prDi,
1129 2037 1192 2073 οὖν
1217 2036 1252 2073 Α
1331 2038 1374 2073 19
1399 2037 1456 2073 τὸν
1474 2038 1643 2073 alterum
1663 2048 1738 2074 om.
1754 2037 1789 2073 D

0 1915 18 2157 Β
372 2085 428 2121 19.
454 2096 492 2132 p.
518 2084 597 2126 744,
619 2085 637 2120 1
667 2084 736 2131 ῐτῆς
760 2085 896 2124 πόλεως
921 2086 1096 2131 (punctis
1123 2086 1262 2129 notat.)
1287 2085 1348 2121 καὶ
1372 2085 1445 2121 ἐπεὶ
1471 2084 1504 2120 δ’
1530 2085 1573 2131 ἦν
1600 2084 1635 2120 D

0 2155 15 2375 ἑ
297 2227 465 2270 gnatam
506 2233 658 2268 magna
699 2222 874 2269 pecunia
916 2223 1004 2268 regi
1045 2221 1322 2258 reddiderunt.
1388 2221 1546 2258 Deinde
1585 2222 1790 2268 progressi
1806 2219 1859 2255 17.

297 2272 467 2308 ulterius
494 2270 560 2306 alii
586 2269 840 2306 Antiochiam
868 2270 920 2305 ad
939 2270 1129 2306 Orontem
1158 2270 1274 2305 sitam
1302 2279 1392 2305 cum
1418 2269 1558 2305 labore
1584 2269 1791 2315 multoque

297 2318 499 2366 sanguine
526 2322 734 2364 ceperunt,
772 2317 837 2354 alii
869 2317 1236 2362 Hierosolymitana
1269 2316 1371 2352 urbe
1402 2327 1482 2353 non
1514 2318 1601 2353 sine
1632 2317 1791 2362 magnis

298 2366 586 2404 certaminibus
612 2366 727 2412 potiti
754 2370 857 2401 sunt.

415 2413 550 2459 Atque
575 2414 676 2449 haec
702 2413 863 2458 quidem
891 2423 915 2447 a
934 2412 1098 2448 Francis
1123 2415 1240 2457 gesta
1266 2411 1444 2448 breviter
1470 2411 1533 2447 hic
1560 2411 1791 2457 perstrinxi·
1807 2409 1851 2444 19

298 2472 398 2498 mus.
448 2461 520 2497 His
546 2465 682 2497 autem
709 2461 957 2506 temporibus
983 2464 1093 2495 secta
1119 2459 1276 2495 nefaria
1300 2458 1599 2504 Bogomiiorum
1627 2458 1790 2502 exstitit,

299 2510 416 2546 euius
442 2519 590 2555 praeco
617 2508 839 2553 doctorque
866 2507 1080 2554 primarius
1101 2510 1141 2543 et
1159 2507 1432 2553 apostolorum
1452 2506 1695 2552 praesidium
1716 2503 1852 2541 mit20

300 2557 464 2603 quidam
490 2556 662 2591 Basilius
688 2555 879 2599 medicus,
919 2555 1056 2590 habitu
1090 2554 1251 2601 quidem
1284 2553 1514 2597 monachus,
1554 2553 1624 2589 sed
1657 2554 1791 2599 potius

299 2606 309 2640 i
342 2615 387 2641 so
413 2607 557 2640 satana
583 2603 759 2639 indutus.
810 2603 884 2645 Qui
911 2612 1000 2637 cum
1027 2603 1142 2637 annis
1167 2601 1237 2637 XV
1261 2602 1410 2637 erroris
1434 2601 1538 2636 imus
1564 2601 1790 2647 perniciosa
1803 2598 1847 2634 21

328 2658 493 2699 ogmata
512 2651 729 2693 didicisset,
757 2661 828 2696 per
845 2649 916 2685 Lu
939 2650 1152 2693 docuisset,
1180 2653 1305 2685 tot-mn
1326 2650 1409 2684 sere
1429 2648 1566 2684 orbem
1585 2657 1659 2683 sun.
1679 2652 1790 2694 peste

299 2700 491 2746 implevit.
541 2698 721 2734 Tandem
755 2699 874 2733 otiam
907 2697 1047 2733 urbem
1084 2697 1237 2742 regiam
1270 2696 1477 2740 ingressus
1510 2697 1548 2731 in
1576 2693 1851 2731 manifestum

298 2747 451 2783 scelere
484 2750 545 2782 est
577 2747 759 2782 veritatis
785 2745 969 2781 inimicus
995 2744 1282 2790 deprehensus.
1333 2742 1431 2779 Nam
1460 2744 1677 2789 imperator
1703 2742 1790 2778 eius
1804 2741 1851 2777 ‘28

299 2796 505 2841 impietate
543 2794 708 2840 cognita
741 2793 943 2828 simulavit
975 2803 1018 2827 se
1051 2791 1167 2827 iidem
1202 2791 1351 2827 habere
1385 2790 1531 2826 homini
1569 2790 1715 2826 infelici
1751 2794 1790 2825 et

301 2842 539 2889 magistrum
575 2841 807 2888 appellabat
838 2851 886 2875 ae
912 2843 1159 2875 servatorem
1186 2839 1410 2874 animarum
1437 2838 1668 2874 errantium.
1719 2836 1851 2873 1113‘24

303 2889 425 2926 rebus
457 2893 496 2926 et
530 2889 711 2936 pluribus
743 2888 831 2924 aliis
857 2897 981 2933 aegre
1009 2886 1168 2933 quidem
1196 2889 1235 2922 et
1261 2885 1374 2922 tarde
1401 2885 1470 2921 aed
1498 2889 1632 2921 tamen
1659 2884 1791 2921 effecit
