1968 3302
293 228 340 270 48
663 228 845 271 zoNAR..
872 229 1002 269 EPIT.
1029 231 1124 269 xm
1151 233 1183 278 9,
1210 228 1362 278 23410,
1386 231 1420 271 6.

294 355 511 410 Καίσαρος
542 356 680 409 ἑαυτῷ
711 356 945 409 περιέθετα
994 355 1073 396 οὐκ
1106 355 1172 396 ἐπὶ
1201 354 1371 410 μακρὸν
1403 355 1448 398 δὲ
1478 360 1528 411 τῇ
1560 353 1790 410 ἀποστασία

172 428 208 463 D
235 428 281 463 24
295 425 511 479 ἐχρήσατο.
560 424 716 470 σταλεὶς
748 423 827 477 γὰρ
856 423 1106 477 Οὖρσικῒνος
1137 424 1226 465 ἐκεῖ
1252 424 1322 465 καὶ
1353 425 1538 479 χρήμασι
1569 428 1654 466 τῶν
1686 425 1789 466 ἕκεί-

294 509 369 535 νου
402 496 666 547 στρατιωτῶν
697 508 808 538 τινας
839 492 1119 546 ’ὗποφθείρας
1155 489 1206 533 δι’
1241 493 1413 534 ἐκείνων
1444 493 1574 534 ἀνεῖλε
1605 492 1677 534 τὸν
1692 493 1790 534 Σιλ-

293 561 426 616 βανὸν
456 561 527 603 καὶ
558 561 631 616 τὴν
663 561 918 602 ἀποστασίαν
950 561 1195 602 κατέπαυσε.

234 634 280 669 25
421 631 495 684 Τῷ
526 631 665 683 μέντοι,
698 629 981 682 Κωνσταντίῳ
1014 629 1304 683 (Ξναζευγνύντι
1343 630 1426 672 ὄιπό
1464 634 1549 672 τῶν
1587 630 1826 685 ἑσπερίωνῖ)

293 699 364 740 καὶ
396 699 599 740 ἐπανιόντι
630 697 739 751 πρὸς
769 697 815 739 τὸ
837 698 1070 746 Βυζάντιον
1101 698 1148 739 ἕκ
1174 702 1259 740 τῶν
1284 698 1465 753 Περσῶν
1485 700 1678 754 πρέσβεις
1697 699 1791 754 περὶ

292 767 339 809 τὸ
371 767 550 821 Σίρμιον
594 767 907 821 συνηντήκασιν,
956 767 1195 821 ἐσταλμένοι
1237 767 1353 821 παρὰ
1385 768 1620 822 Σαπώρου,
1668 768 1790 810 ἄπαι-

293 841 461 882 τοῦντος
494 836 761 890 ἀποδοθῆναι
782 834 970 888 ΙῙέρσαις
1001 835 1075 890 τὴν
1098 837 1430 891 ῘΙΧῙεσοποτοιμίαι1
1461 836 1532 878 καὶ
1558 836 1790 891 Ἀρμενίαν,

233 910 279 945 26
294 905 343 946 ἵν’
367 906 479 946 οὕτω
501 905 729 946 παύσαιντο
747 903 969 958 Ῥωμαίοις
990 905 1242 959 μαχόμενοι·
1274 906 1425 951 ταύτας
1448 905 1526 959 γὰρ
1548 905 1621 952 τὰς
1645 906 1792 961 χώρας

233 978 279 1014 27
294 974 501 1015 ἀνέκαθεν
546 974 592 1014 ἐκ
631 973 858 1026 προγόνων
902 973 1042 1019 αὐτοῖς
1088 974 1320 1028 διαφέρειν·
1370 975 1407 1015 εἰ
1436 975 1472 1015 δ’
1507 974 1558 1016 οὐ
1589 975 1789 1027 πείθοιτο,
1806 979 1852 1014 10

295 1042 520 1096 δηλοῦντος
556 1047 617 1096 τῷ
656 1042 934 1096 αὐτοκράτορι
972 1042 1056 1083 ὕπὸ
1093 1048 1154 1096 τῷ
1183 1043 1295 1096 Ἄρει
1329 1044 1501 1098 δικαστῇ
1533 1043 1791 1098 ποιήσασθαι

234 1115 279 1150 28
292 1110 366 1165 τὴν
396 1115 468 1166 τῆς
499 1111 748 1157 ὑποθέσεως
780 1111 956 1165 ζήτησιν.
1018 1110 1127 1165 πρὸς
1167 1116 1293 1153 ταῦτα
1332 1112 1638 1153 ἀνταπέστειλεν
1675 1113 1792 1166 αὐτῷ

293 1180 317 1221 ὁ
339 1180 631 1225 Κωνστάντιος
658 1180 905 1233 θαυμάζειν,
939 1181 977 1221 εἷ
1005 1180 1244 1234 ἐπελάθετο,
1278 1181 1338 1222 ὅτι
1360 1180 1523 1235 Πέρσαι
1547 1179 1792 1223 ΛΙακεδόσιν

70 1254 148 1290 PH
164 1253 257 1289 2ΟΑ
293 1248 545 1290 ἓδούλευσαν
577 1249 647 1289 καὶ
680 1249 739 1290 ὅτι
770 1248 1044 1290 λ’[ακεδόνων
1070 1248 1293 1303 Ῥωμαίοις
1324 1250 1617 1304 ὑποταγέντων
1651 1250 1721 1291 καὶ
1753 1250 1793 1291 οἳ

233 1323 279 1358 29
293 1317 463 1363 ἐκείνοις
508 1317 774 1363 δουλεύοντες
820 1318 998 1372 ὗπήκοοι
1037 1317 1259 1373 Ῥωμαίοις
1304 1319 1506 1372 ἐγένοντο.
1569 1319 1728 1365 τούτοις
1767 1318 1850 1363 615

292 1386 513 1440 Σαπώρης
555 1387 837 1440 παροξυνθεὶς
880 1387 988 1442 πρὸς
1030 1387 1215 1441 πόλεμον
1260 1388 1414 1429 ἀπεῖδε.
1478 1388 1549 1429 καὶ
1578 1387 1703 1434 αὖθις
1734 1388 1967 1435 ec’gDIIIffl

233 1462 280 1497 30
291 1455 536 1509 πολιορκίαν
568 1456 741 1509 κατέστη
775 1455 1000 1510 Νισίβεως.
1064 1456 1125 1502 ὡς
1158 1453 1195 1497 δ’
1224 1456 1349 1498 οὐδὲν
1381 1457 1568 1510 ἐπέραινε
1599 1456 1690 1498 κατ’
1713 1457 1789 1498 αὗ-

233 1530 277 1565 31
291 1528 376 1579 τῆς,
425 1524 579 1578 ἀπέστη
624 1524 695 1565 καὶ
738 1525 893 1579 ἑτέρων
938 1525 1202 1579 ἀπεπειρᾶτο.
1266 1525 1328 1571 ὡς
1367 1525 1412 1566 δὲ
1448 1525 1657 1567 κάκείνων
1689 1525 1789 1567 ἄπε-

291 1592 502 1647 κρούσθη,
535 1593 591 1639 εἷς
614 1593 791 1647 Ἄμιδαν
823 1594 1066 1648 κατηντήκει
1098 1594 1169 1635 καὶ
1202 1593 1350 1649 ταύτης
1382 1594 1594 1648 ἐκράτησε.

292 1718 315 1753 5
340 1719 403 1753 ὅσα
421 1719 441 1753 o‘
457 1718 640 1764 Σαπώρης
658 1725 708 1764 τῷ
726 1719 962 1764 Κωνσταντίῳ
981 1719 1152 1755 ἐπέστειλε
1179 1719 1389 1765 (ἀπέστειλεν
1403 1720 1449 1762 Ε)
1475 1719 1534 1756 καὶ
1559 1721 1623 1755 ὅσα
1649 1720 1670 1755 ὅ
1685 1720 1789 1755 Κων-

293 1766 449 1806 στάντιος
474 1766 580 1806 αὖθις
607 1767 733 1812 ἐκείνῳ
761 1767 823 1803 CE

365 1887 383 1922 1
411 1886 554 1932 μακρὰν
580 1886 622 1933 E,
650 1898 687 1923 v.
715 1888 767 1923 ad
792 1886 924 1925 XVIII
950 1889 1007 1932 22,
1035 1888 1078 1924 17
1183 1888 1204 1924 ‘2
1231 1888 1429 1934 οὒρσικίνος
1456 1888 1542 1930 (Sic)
1569 1887 1604 1923 A
1706 1887 1727 1924 7
1753 1887 1791 1924 τὸ

363 1933 443 1980 Dw‚
473 1936 530 1971 τὸν
555 1936 590 1970 D
687 1936 934 1982 ἀπεσταλμένοι
962 1936 1062 1975 CDw
1161 1938 1206 1973 10
1231 1939 1370 1972 πείθοιο
1397 1936 1496 1974 CDw
1598 1936 1641 1971 12
1666 1935 1790 1971 ἀντάπ-

362 1984 509 2020 έστειλεν
535 1982 579 2028 Α,
631 1984 887 2020 ἀνταπέστειλεν
914 1985 994 2030 ΒΕ,
1051 1985 1303 2020 ἀντεπέστειλεν
1332 1983 1432 2030 ΗΒί,
1491 1996 1526 2019 V.
1555 1984 1646 2020 XIV
1673 1984 1704 2029 7,
1733 1984 1789 2020 ‘20-

365 2032 420 2076 17,
446 2032 478 2066 6.
506 2031 578 2067 XV
604 2032 660 2076 28,
687 2031 732 2067 37

232 2153 412 2189 24tuma
439 2155 526 2187 erat
553 2152 738 2189 defectio.
789 2152 860 2189 Illo
897 2154 1001 2189 enim
1039 2154 1184 2189 missus
1218 2153 1427 2189 Ursicinus
1466 2163 1538 2199 per
1575 2152 1791 2188 nonnullos

292 2199 343 2235 de
368 2200 474 2235 illius
505 2200 698 2236 militibus
731 2202 904 2247 pecunia
938 2206 1149 2248 corruptos
1182 2202 1342 2237 sustulit
1369 2200 1578 2237 Silvanum
1612 2207 1651 2236 et
1684 2200 1791 2236 defe-

293 2248 467 2283 ctionem
494 2248 662 2283 sedavit.

231 2298 278 2333 25
412 2295 646 2332 Constantio
680 2299 815 2333 tamen
850 2297 1037 2333 redeunti
1065 2308 1115 2333 ex
1144 2297 1352 2333 occidente
1379 2297 1619 2342 Byzantium
1648 2305 1790 2331 versus

291 2343 506 2379 Persarum
540 2345 664 2390 legati
698 2356 825 2391 prope
851 2345 1037 2382 Sirmium
1068 2347 1332 2381 occurrerunt
1358 2345 1465 2380 missi
1493 2355 1517 2379 a
1543 2343 1696 2390 Sapore
1724 2354 1790 2389 po-

291 2392 478 2436 stulante,
518 2395 563 2427 ut
595 2393 835 2429 redderetur
866 2393 999 2429 Persis
1031 2393 1321 2439 Mesopotamia
1355 2399 1393 2428 et
1419 2391 1620 2435 Armenia,
1659 2395 1704 2427 ut
1734 2392 1789 2426 ita

232 2442 278 2477 26
293 2439 533 2475 desisterent
559 2441 634 2486 ipsi
663 2451 751 2476 cum
781 2441 971 2476 Romanis
1000 2441 1104 2476 bella
1130 2451 1292 2487 gerere;
1333 2441 1404 2475 has
1432 2440 1537 2475 enim
1568 2443 1696 2475 terras
1723 2450 1789 2474 an-

232 2490 278 2525 27
292 2487 460 2532 tiquitus
486 2488 581 2523 inde
609 2498 631 2522 a
658 2490 880 2524 maioribus
907 2489 959 2524 ad
985 2499 1028 2524 se
1055 2490 1275 2534 pertinere;
1303 2488 1334 2523 si
1362 2498 1459 2523 velo
1487 2498 1569 2522 non
1597 2487 1789 2532 obseque-

292 2539 420 2579 r·,etul
469 2534 663 2581 Sapolem
701 2537 932 2583 significare
970 2537 1202 2583 impeiatori
1241 2535 1378 2570 Martis
1417 2535 1582 2570 albiti-io
1623 2545 1665 2570 se
1704 2544 1790 2580 per-

232 2583 507 2620 281n1ssurum
547 2594 634 2619 esse
673 2585 731 2620 rei
771 2585 1058 2630 quaestionem.
1111 2584 1209 2619 Inde
1235 2583 1392 2628 legatos
1420 2583 1594 2617 vicissim
1621 2583 1726 2617 misit
1753 2582 1789 2617 ei

292 2629 553 2666 Constantius
579 2642 621 2667 se
648 2633 917 2668 admilatione
943 2633 1082 2676 teneri,
1122 2632 1154 2666 si
1181 2631 1328 2666 oblitus
1361 2634 1466 2666 esset
1492 2630 1637 2666 Persas
1663 2629 1789 2665 Mace-

293 2678 468 2713 donibus
500 2680 673 2715 solvisse
706 2683 745 2716 et
771 2679 1060 2716 Macedonibus
1087 2679 1277 2714 Romanis
1310 2679 1488 2713 subactis
1520 2678 1677 2712 illorum
1711 2687 1789 2713 ser-

233 2728 279 2764 29
293 2736 366 2760 vos
406 2736 568 2771 quoque
607 2728 812 2763 subiectos
850 2727 1040 2763 Romanis
1079 2728 1208 2762 factos
1247 2737 1346 2762 esse.
1410 2726 1481 2760 His
1511 2726 1633 2760 rebus
1660 2724 1789 2771 Sapor

293 2773 564 2809 inflammatus
591 2775 642 2810 ad
669 2776 818 2811 bellum
847 2777 1024 2811 animum
1051 2775 1233 2810 attendit.
1284 2774 1429 2809 Denuo
1457 2773 1509 2808 ad
1528 2773 1696 2809 Nisibim
1724 2773 1789 2808 ob-

233 2823 280 2859 30
293 2821 504 2856 sitiendam
528 2832 616 2858 sese
637 2824 846 2858 convertit.
899 2823 997 2859 Cum
1016 2826 1151 2858 autem
1170 2822 1266 2856 nihil
1289 2822 1503 2867 proficeret
1523 2825 1663 2855 eontra
1685 2821 1790 2855 hanc

233 2872 277 2908 31
293 2869 448 2914 urbem,
475 2870 573 2905 abiit
599 2871 780 2917 aliasque
806 2872 928 2907 urbes
955 2871 1149 2907 tentabat.
1200 2869 1279 2906 Sed
1306 2870 1357 2905 ab
1384 2869 1458 2904 illis
1479 2878 1641 2914 quoque
1660 2868 1789 2915 repul-

293 2927 361 2955 sus
387 2916 572 2953 Amidam
599 2920 804 2967 profectus
832 2922 891 2955 est
918 2928 1088 2965 eamque
1116 2919 1230 2965 cepit.
