2054 3282
616 191 952 231 BVLGARICAE
978 190 1374 231 EXPEDITIONES.
1672 193 1744 232 279

245 319 320 357 τοῦ
347 315 511 370 Ἴστρου
547 316 606 363 εἰς
638 315 907 371 Βουλγαρίαν
944 315 1152 372 ἐμβαλεῖν.
1214 314 1298 358 εἶτα
1336 315 1604 363 ὁεὸειλιακὼς
1641 316 1742 358 ἄνα·
1756 317 1779 353 5

246 385 386 434 ζεῦξαι
423 384 644 440 ὅιεμελέτα.
706 385 747 427 οἱ
776 385 1018 440 Βούλγαροι
1050 384 1096 427 δὲ
1128 384 1332 432 δείσαντες
1361 385 1604 440 πέμψαντες
1634 385 1744 440 πρὸς
1757 385 1779 422 6

245 452 374 495 αὐτὸν
410 453 598 500 σπονδὰς
633 454 788 496 θέσθαι
823 453 933 508 πρὸς
969 454 1136 509 εἰρήνην
1168 454 1371 509 ἐζήτησαν
1401 453 1473 496 καὶ
1504 454 1743 496 ἐσπείσαντο

246 521 312 565 ἐπὶ
348 523 581 577 συνθήκαις
616 526 690 564 τοῦ
725 522 830 577 μήτε
867 522 1145 578 Βουλγάρους
1179 522 1229 565 τὰ
1261 522 1487 578 Ῥωμαίων
1529 523 1744 578 ληίζεσθαι

208 591 232 628 5
245 591 350 646 μήτε
378 591 467 646 μὴν
497 590 734 646 Ῥωμαίους
764 591 918 633 ἐπιέναι
954 591 1060 633 κατὰ
1098 590 1373 647 Βουλγάρων.
1434 591 1506 634 καὶ
1545 592 1611 634 ἐπὶ
1646 592 1740 634 τού-

244 675 329 706 τοις
367 659 662 714 ἐπανελήλυθε.
723 658 826 706 τινὲς
869 659 915 702 δὲ
957 662 1043 702 τῶν
1079 659 1346 715 Βουλγάρων
1390 661 1547 716 ὅώροις
1582 661 1742 703 ὕποσυ·
1757 662 1778 698 7

244 729 382 782 ρέντες
417 728 534 783 παρὰ
572 729 722 771 τούτου
752 733 827 771 τοῦ
858 729 1172 783 αὐτοκράτορος
1203 730 1247 771 ἐν
1278 730 1534 785 ἀπορρήτοις
1564 729 1743 786 ἐδήλουν

244 797 363 852 αὐτῷ
397 796 446 839 τὰ
486 802 549 852 τῷ
586 798 755 853 ἄρχοντι
797 801 924 853 σφῶν
965 798 1271 853 βουλευόμενα·
1317 801 1362 841 οἳ
1385 799 1651 854 μεμηνύκασι
1681 804 1743 853 τῷ
1755 799 1778 836 8

243 865 552 922 Κωνσταντίνῳ
583 867 644 909 ὅτι
673 866 866 921 βούλεται
897 867 922 909 ὁ
953 867 1154 922 σφέτερος
1185 867 1372 923 ἀρχηγὸς
1401 867 1505 910 λαὸν
1526 868 1742 923 ἐκπέμψαι

185 933 232 970 10
244 935 351 977 κατά
381 950 491 983 τινος
516 937 603 978 τῶν
618 935 872 990 Ῥωμαϊκῶν
892 939 1065 991 χωρῶν,
1098 933 1147 978 ἵν’
1181 937 1343 979 ἐκεῖθεν
1373 935 1485 979 λείαν
1514 936 1742 991 κομίσαιτο.
1757 936 1786 974 C

241 1002 315 1046 καὶ
351 1006 400 1051 ὃς
436 1004 734 1051 κατασκόπους
772 1005 943 1058 στείλας,
987 1004 1055 1046 ὅτε
1086 1004 1294 1060 ὥρμησαν
1325 1005 1373 1047 ἐκ
1404 1004 1672 1059 Βουλγαρίας
1703 1005 1778 1046 οῖ9

242 1072 493 1128 ληισόμενοι,
525 1074 690 1128 ἕτοιμος
721 1074 785 1115 ὢν
816 1073 1023 1128 αἰφνίδιον
1054 1073 1338 1127 ἐπεκδραμὼν
1368 1073 1460 1115 κατ’
1483 1073 1625 1116 αὐτῶν
1645 1073 1743 1121 τοὺς

240 1141 319 1196 μὲν
358 1142 583 1197 διέφθειρε,
626 1141 724 1189 τοὺς
762 1141 807 1184 δὲ
843 1142 915 1184 καὶ
952 1142 1180 1197 ἐζώγρησε,
1224 1141 1296 1184 καὶ
1330 1142 1420 1197 μετ’
1453 1142 1742 1197 αἰχμαλωσίας

240 1210 398 1266 πολλῆς
440 1211 720 1265 ἐπανέστρεψε
765 1210 837 1252 καὶ
878 1211 1000 1253 πάλιν
1043 1210 1219 1258 ἔνοπλος
1262 1210 1580 1266 ἐθριάμβευσεν.
1657 1210 1740 1253 εἶτα
1756 1212 1802 1249 10

181 1277 226 1314 15
239 1278 399 1326 πολλὰς
440 1279 617 1334 τριήρεις
660 1279 987 1334 ἑτοιμασάμενος
1025 1278 1131 1320 κατὰ
1170 1278 1439 1333 Βουλγάρων
1478 1279 1739 1334 ἐκπέπομφε,

239 1347 311 1389 καὶ
331 1347 439 1390 κατὰ
459 1347 744 1403 Μεσημβρίαν
765 1348 1007 1402 γενομέναις
1033 1348 1176 1394 αὐταῖς
1206 1346 1378 1390 κλύδων
1408 1347 1456 1389 ἐκ
1487 1347 1741 1402 πνευμάτων

237 1416 388 1472 βιαίων
419 1416 615 1471 ἐμπεσὼν
646 1415 798 1472 σχεδὸν
829 1415 996 1463 ἁπάσας
1015 1416 1256 1458 κατέδυσεν.
1318 1416 1343 1458 ὁ
1364 1419 1450 1458 τῶν
1471 1415 1739 1472 Βουλγάρων
1755 1419 1797 1455 11

235 1557 259 1593 2
283 1558 334 1593 ὅτι
360 1557 512 1597 σπονδὰς
539 1558 640 1594 ἔθετο
663 1557 750 1599 μετὰ
776 1557 879 1600 (κατὰ
906 1558 951 1601 Ε)
977 1558 1197 1603 Βουλγάρων
1224 1557 1287 1594 GE
1407 1556 1443 1604 {6
1468 1559 1519 1593 ὅτι
1547 1558 1639 1598 τινὰς
1665 1563 1736 1594 τῶν

234 1606 454 1652 Βουλγάρων
479 1606 684 1651 ᾠκειώσατο
709 1607 731 1642 ὅ
755 1606 1017 1651 Κοπρώνυμος·
1056 1608 1094 1642 οἳ
1114 1606 1264 1652 ἐδήλουν
1289 1606 1387 1652 αὐτῷ
1413 1606 1453 1642 τὰ
1478 1611 1540 1642 τοῦ
1566 1607 1735 1652 ἄρχοντος

234 1658 339 1699 σφῶν
361 1654 583 1700 βουλεύματα
607 1653 637 1690 C
765 1654 810 1690 17
835 1655 933 1693 ὅπως
955 1655 977 1689 ὅ
999 1659 1071 1690 τῶν
1095 1654 1316 1699 Βουλγάρων
1341 1655 1465 1700 ἄρχων
1489 1653 1604 1699 ἠπάτα
1630 1654 1735 1700 (ἠπά-

233 1715 316 1748 τησε
343 1701 387 1745 Ε)
420 1701 478 1737 τὸν
507 1702 662 1749 βασιλέα,
700 1702 877 1748 καὶέγνω
903 1701 984 1742 τοὺς
1009 1701 1260 1748 ᾠκειωμένους
1289 1703 1386 1748 αὐτῷ
1412 1702 1644 1748 Βουλγάρους
1671 1701 1735 1739 CE

305 1833 323 1868 1
350 1833 559 1879 ἐπεμβαλεῖν
584 1833 681 1879 Ewp
784 1833 808 1869 2
835 1837 930 1870 ante
955 1835 992 1869 οἵ
1014 1833 1107 1870 add.
1133 1834 1194 1870 καὶ
1221 1834 1318 1880 pr
1424 1833 1458 1870 2.
1484 1833 1508 1870 3
1531 1834 1735 1880 πέμψαντες

305 1880 535 1927 -ἒζήτησαῆ
562 1881 714 1920 σπονδὰς
738 1881 868 1917 θέσθαι
893 1881 982 1936 πρὸς
1006 1881 1151 1928 εἰρήνην
1176 1883 1321 1927 ὅιεπρεσ
1347 1882 1492 1918 εύσαντο
1519 1882 1618 1928 pr

303 1929 328 1965 3
351 1929 533 1965 ἐσπείσατο
551 1928 581 1965 C
676 1929 700 1964 4
723 1928 764 1965 τὰ
780 1929 950 1976 prDz,
975 1934 1046 1965 τῶν
1063 1929 1098 1965 Α
1195 1929 1218 1966 5
1242 1930 1315 1976 μὴν
1346 1929 1426 1970 τοὺς
1443 1930 1480 1965 D
1578 1930 1601 1966 8
1625 1929 1666 1966 τὰ
1684 1937 1734 1976 τῷ

305 1987 381 2012 om.
409 1975 439 2013 C
604 1976 773 2060 τιῗζᾶρχῆ
800 1982 871 2013 τῶν
895 1978 1038 2023 ἄρχοντι
1067 1977 1155 2024 w*p
1325 1978 1347 2013 9
1373 1979 1422 2014 ὅτι
1448 1977 1530 2023 AO,
1557 1978 1607 2017 ὥς
1636 1978 1732 2024 Ewp

306 2024 352 2060 10
374 2024 573 2070 ῥωμαῖκῶν
598 2022 634 2060 Α
673 2035 718 2070 W,
739 2026 929 2070 Ῥωμαίων
954 2023 1039 2071 pDi
1159 2026 1202 2061 11
1229 2027 1266 2061 οἵ
1289 2036 1364 2062 om.
1391 2026 1423 2061 E
1546 2025 1591 2061 12
1615 2026 1733 2071 ληϊσά-

302 2086 402 2118 μενοι
430 2072 526 2118 Ewp
654 2077 749 2109 ante
773 2074 909 2118 ἕτοιμος
935 2073 1026 2108 add.
1053 2073 1218 2113 κάκεῖνος
1243 2074 1342 2120 pr
1476 2074 1520 2109 12
1546 2073 1626 2113 τοὺς
1651 2073 1732 2119 ΑΕ,

302 2119 452 2159 πολλοὺς
479 2119 577 2166 pr
677 2121 721 2157 13
746 2120 826 2160 τοὺς
844 2120 925 2164 AE,
949 2121 1130 2162 πλείστους
1157 2121 1254 2168 pr
1355 2122 1410 2158 13.
1432 2121 1477 2157 14
1499 2121 1588 2168 μετὰ
1605 2122 1732 2168 δορυα-

303 2167 428 2204 λώτων
451 2167 594 2203 πολλῶν
619 2167 651 2205 Ο
749 2167 795 2204 14
818 2168 1025 2211 ἕπανέζευξε
1051 2168 1083 2206 Ο

232 2297 467 2344 Bulgariam
485 2300 726 2345 irrupturus.
777 2299 880 2335 Tum
899 2300 1042 2336 timore
1060 2300 1204 2347 plenus
1231 2301 1281 2337 de
1299 2300 1532 2337 reducendo
1549 2302 1732 2337 exercitu
1745 2299 1768 2335 5

232 2347 440 2393 cogitavit.
491 2347 569 2384 Sed
584 2347 751 2393 Bulgari
778 2348 906 2383 territi
921 2349 1049 2383 missis
1074 2348 1218 2394 legatis
1238 2358 1378 2394 pacem
1394 2349 1598 2395 petierunt
1623 2347 1768 2384 eam-6

233 2404 312 2440 que
340 2395 399 2430 his
425 2395 725 2431 conditionibus
750 2396 1029 2442 impetrarunt,
1067 2399 1112 2431 ut
1138 2406 1271 2441 neque
1298 2396 1373 2442 ipsi
1400 2397 1632 2442 provincias
1656 2396 1732 2432 Ro-

231 2452 373 2478 manas
399 2447 608 2479 vastarent
639 2453 774 2489 neque
813 2454 837 2478 a
863 2442 1054 2479 Romanis
1092 2443 1395 2480 invaderentur.
1447 2444 1518 2479 His
1556 2444 1731 2490 peractis

232 2489 396 2526 domum
421 2490 551 2526 rediit,
603 2491 775 2533 Quidam
812 2494 947 2526 tamen
989 2502 1010 2526 e
1036 2491 1225 2537 Bulgaris
1253 2491 1418 2527 adducti
1445 2490 1768 2538 largitionibus?

232 2538 335 2573 elam
360 2538 593 2584 imperatori
620 2538 735 2574 ducis
761 2539 822 2574 sui
850 2539 1016 2574 consilia
1043 2539 1292 2584 aperiebant,
1320 2542 1443 2585 atque
1465 2538 1767 2576 Constantinoss

232 2585 464 2621 indicarunt
490 2596 608 2622 suum
635 2586 779 2623 ducem
807 2587 846 2622 in
874 2586 1079 2632 quandam
1099 2586 1321 2622 Romanam
1338 2587 1589 2633 provinciam
1617 2588 1730 2622 ernis-

232 2642 371 2668 surum
397 2632 449 2669 ad
476 2633 670 2680 praedam
697 2634 938 2670 faciendam.
991 2633 1117 2670 Missis
1143 2634 1269 2680 igitur
1283 2634 1610 2680 exploratoribus
1635 2633 1766 2670 iam-9

233 2690 313 2725 que
338 2685 516 2727 paratus,
555 2691 646 2717 cum
672 2682 726 2717 ini
764 2681 1002 2727 praedatum
1031 2692 1053 2717 e
1081 2681 1274 2727 Buigaria
1301 2683 1471 2726 exirent,
1510 2682 1730 2728 derepente

233 2728 386 2774 impetu
413 2729 520 2764 facto
547 2729 693 2765 multos
719 2730 932 2774 interfecit,
972 2729 1166 2775 plurimos
1193 2730 1299 2775 cepit
1324 2730 1380 2765 ita
1406 2733 1451 2765 ut
1477 2739 1568 2765 eum
1595 2729 1730 2766 multis

234 2776 406 2821 captivis
431 2786 621 2812 reversus
647 2777 791 2813 iterum
807 2780 987 2812 armatus
1002 2777 1278 2823 triumpharet.
1329 2777 1470 2823 Neque
1488 2777 1613 2813 multo
1640 2781 1728 2824 post
1746 2777 1791 2813 10

234 2822 379 2859 multas
397 2824 579 2860 triremes
594 2830 734 2860 eontra
749 2824 911 2860 eosdem
927 2825 1146 2870 ablegavit,
1173 2835 1279 2870 quae
1305 2835 1432 2871 prope
1450 2824 1728 2861 Meseinbriam

234 2872 320 2907 fere
354 2881 493 2908 omnes
527 2875 742 2909 ventorum
776 2871 962 2919 procellis
995 2875 1090 2908 sunt
1127 2872 1347 2909 demersae.
1397 2871 1450 2909 At
1483 2872 1787 2919 Telerichus,11
