2054 3282
348 225 418 262 458
706 225 886 262 ZONAR.
914 226 1044 261 EPIT.
1072 226 1162 262 XVI
1192 226 1244 270 15,
1276 227 1423 273 13—16‚
1449 228 1482 263 9.

347 347 562 389 Μκόλαον
593 348 663 389 καὶ
694 347 765 389 τὸν
794 348 1021 402 μάγιστρον
1042 347 1263 401 Στέφανον
1293 347 1364 389 καὶ
1394 347 1466 390 τὸν
1495 348 1721 402 μάγιστρον
1745 349 1836 391 Ἰω-

347 416 475 471 άννην
506 416 577 458 τὸν
592 416 772 458 Ἐλαδᾶν
803 416 874 458 τόν
904 433 945 457 τε
975 417 1190 470 ῥαίκτωρα
1207 416 1408 471 Ἰωάννην
1439 417 1509 458 καὶ
1542 417 1620 459 δύο
1650 421 1735 460 τῶν
1766 415 1835 460 ὑπ’

346 485 474 526 αὐτοῦ
506 485 811 538 προαχθέντων
844 485 890 525 ἐκ
922 485 1049 539 τύχης
1080 485 1299 538 ἀγυρτίδος
1330 486 1387 531 εἰς
1417 485 1694 540 συγκλητικὴν
1719 486 1838 535 ἀξίαν

129 555 331 592 P11183A
346 553 416 593 καὶ
448 554 504 598 εἰς
534 553 838 607 πατρικιότητα,
883 552 954 594 τὸν
985 553 1230 607 Βασιλίτζην
1261 553 1332 594 καὶ
1362 553 1433 595 τὸν
1463 553 1508 594 Γ
1503 554 1837 608 αβριηλόπωλον.

278 620 331 662 16
460 620 512 662 Ὁ
543 620 618 662 οὖν
644 621 916 675 Ἀλέξανδρος
955 621 1140 662 ἐνιαυτὸν
1180 622 1251 662 ἕνα
1283 621 1354 662 καὶ
1384 626 1497 676 μῆνα
1529 622 1602 677 τὴν
1633 622 1874 676 βασίλειονὸ

346 689 634 734 διαπεττεύσας
666 689 801 743 ἀρχὴν
831 689 1027 730 κατέλυσε
1058 689 1131 744 τὴν
1164 690 1296 743 ζωήν·
1328 689 1374 730 τὸ
1407 690 1452 731 δὲ
1473 691 1627 744 κράτος
1648 691 1690 736 ἒς
1713 690 1837 732 Κων-

346 762 554 798 σταντῖνον
584 757 656 799 τὸν
687 757 779 799 υἱὸν
804 762 875 799 τοῦ
898 757 1081 804 Λέοντος
1101 759 1304 812 περιέστη,
1339 759 1467 800 παῖδα
1500 760 1555 800 ἔτι
1585 759 1838 813 τυγχάνοντα

310 826 517 880 Ξκομιδῇ·
551 826 736 880 ἕβδομον
768 826 847 880 γὰρ
879 827 969 872 ἔτος
1001 827 1116 881 αὐτῷ
1146 832 1218 882 τῆς
1249 827 1409 883 ἡλικίας
1433 828 1593 882 ἠνύετο.
1656 828 1679 869 ὁ
1700 829 1840 882 μέντοι

345 898 418 935 τοῦ
450 893 616 940 Λουκός
638 894 912 948 Ἀνδρονίκου
951 894 1040 941 υἱὸς
1072 895 1096 935 ὁ
1129 895 1456 948 Κωνσταντΐνος,
1503 896 1745 950 δομέστικος
1776 897 1839 938 ὢν

344 966 430 1003 τῶν
468 963 633 1017 σχολῶν
671 963 742 1004 καὶ
778 963 851 1017 τὴν
887 967 960 1004 τοῦ
994 963 1270 1018 Ἀλεξάνδρου
1309 965 1610 1018 ἒνωτισάμενος
1652 964 1839 1019 τελευτήν
1855 967 1901 1002 10

348 1029 568 1084 (ἀπεδήμει
590 1031 669 1086 γὰρ
698 1036 770 1087 τῆς
799 1032 1010 1086 βασιλίδος
1040 1036 1125 1073 τῶν
1156 1032 1353 1087 πόλεων),
1378 1030 1431 1074 τὸ
1461 1034 1540 1087 μέν
1570 1049 1604 1074 τι
1636 1034 1684 1074 ὃν
1715 1034 1838 1087 ἔκρυ-

343 1114 441 1140 πτεν
477 1099 561 1141 ὑπὸ
599 1100 753 1154 σποδιᾷ
789 1101 1001 1155 σπινθῆρα
1039 1105 1112 1142 τοῦ
1152 1102 1311 1155 ἔρωτος
1347 1106 1419 1156 τῆς
1455 1101 1663 1155 βασιλείου
1708 1102 1841 1156 ἀρχῆς

300 1167 653 1210 Βάνακαλύπτων
684 1185 725 1210 τε
755 1169 826 1224 καὶ
863 1170 1159 1223 ἀναρριπίζων,
1203 1169 1249 1210 τὸ
1283 1169 1327 1211 δὲ
1358 1169 1429 1211 καὶ
1460 1167 1530 1210 ὑπ’
1563 1169 1702 1211 ἄλλων
1732 1169 1840 1223 πρὸς

344 1239 466 1277 τοῦτο
498 1236 793 1290 ἐρεθιζόμενος
827 1235 907 1291 (ὧν
939 1237 995 1283 εἷς
1026 1237 1126 1278 εἶναι
1157 1238 1310 1291 λέγεται
1342 1237 1413 1279 καὶ
1439 1238 1462 1279 ὁ
1483 1237 1740 1292 πατριάρχης
1763 1237 1838 1279 Νι-
1896 1242 1906 1246 “

344 1303 513 1354 κόλαος,
545 1305 678 1359 μήπω
711 1305 791 1359 γὰρ
822 1310 894 1360 τῆς
915 1310 987 1346 τοῦ
1005 1306 1281 1359 Ἀλεξάνδρου
1315 1306 1524 1360 διαθήκης
1555 1306 1839 1360 ἀναγνωσθεί-
1857 1309 1899 1345 15

345 1388 421 1427 σης
452 1374 531 1414 οὐκ
562 1374 653 1428 ᾔδει
684 1374 755 1415 καὶ
787 1374 913 1420 αὐτὸς
948 1374 1319 1428 καταλελειμμένος
1356 1373 1593 1429 ἐπίτροπος)
1634 1375 1841 1428 τυραννίδι

309 1448 331 1482 3
345 1441 641 1497 ἐπικεχείρηκε.
685 1441 756 1483 καὶ
777 1442 873 1488 τοὺς
895 1443 1111 1497 ἐκκρίτους
1131 1446 1216 1484 τῶν
1238 1444 1558 1498 στρατευμάτων
1577 1443 1840 1497 παραλαβὼν

344 1571 366 1606 5
397 1572 554 1616 βασιλεία
582 1572 773 1617 (βασιλείου
800 1571 843 1614 C)
875 1573 1142 1608 Κωνσταντίνου
1174 1578 1235 1608 τοῦ
1269 1574 1359 1614 (om.
1387 1572 1432 1615 B)
1464 1574 1543 1608 υἱοῦ
1569 1578 1628 1608 τοῦ
1661 1578 1751 1616 (om.
1778 1571 1839 1614 A.)

343 1619 494 1658 Λέοντος
519 1618 590 1655 AR
687 1620 709 1655 S
734 1620 922 1655 ἀποστασία
948 1621 1213 1655 Κωνσταντίνου
1240 1625 1301 1656 τοῦ
1328 1622 1466 1659 Δουκός
1493 1621 1619 1662 (δοῦκα
1646 1620 1692 1662 Ε)
1719 1619 1782 1656 ΟΕ

417 1739 448 1774 1.
458 1739 480 1774 2
493 1739 553 1774 καὶ
562 1739 706 1785 τὸνμάγ.
716 1739 813 1784 στὲφ.
825 1760 867 1764 --
877 1740 1055 1784 ῥαίκτωρα
1065 1740 1263 1785 ῗωάννηνίι]
1275 1740 1404 1785 spatio
1415 1740 1536 1774 unius
1550 1749 1693 1775 versus
1702 1739 1839 1774 relicto

415 1787 544 1832 suppl.
571 1787 639 1825 Dw
714 1788 736 1822 2
765 1788 933 1831 ῥαίκτορα
960 1787 1109 1833 Bszp
1195 1787 1254 1822 ἀπ’
1281 1787 1327 1831 D,
1354 1787 1412 1822 ὑπ’
1441 1798 1541 1822 corr.
1570 1787 1638 1825 Dw
1710 1788 1733 1822 3
1757 1801 1840 1831 προ-

414 1835 573 1869 αθέντων
598 1835 645 1879 D,
673 1845 774 1870 corr.
801 1835 869 1872 Dw
987 1836 1029 1880 ἀγ
1056 1861 1064 1870 .
1092 1862 1098 1870 .
1127 1862 1133 1870 .
1161 1836 1254 1874 τιδος
1280 1835 1328 1875 Ι),
1353 1835 1537 1880 ἀγυρτιδος
1565 1835 1607 1880 (s.
1635 1837 1733 1876 ace.)
1760 1835 1838 1878 Dw,

413 1882 596 1927 ἀγύρτιδος
623 1882 769 1928 BSpr
867 1883 890 1918 4
916 1884 1100 1927 πατρίκιον
1125 1883 1272 1928 τιμήσας
1298 1882 1344 1926 D,
1371 1884 1618 1928 πατρικιότητα
1644 1893 1745 1917 corr.
1772 1882 1839 1919 Dw

461 1930 679 1976 βασιλείτζην
697 1930 836 1976 CEwp,
864 1934 908 1965 ut
934 1930 1025 1966 XVI
1056 1930 1107 1975 15,
1134 1931 1156 1965 3
1254 1930 1314 1965 καὶ
1340 1934 1434 1965 ante
1459 1930 1517 1965 τὸν
1543 1941 1618 1965 om.
1637 1930 1683 1974 D,
1711 1930 1839 1975 suppl.

414 1977 484 2015 Dw
581 1979 871 2024 γαβριηλόπωλον
893 1978 1074 2023 Rwap‚
1100 1979 1396 2023 γαυριηλόπσυλον
1421 1977 1507 2017 AD,
1532 1979 1568 2013 Γ
1562 1978 1840 2023 αβριηλόπουλον

415 2024 482 2069 Di,
510 2036 546 2060 v.
574 2026 626 2060 ad
652 2026 744 2061 XVI
771 2026 827 2071 16,
854 2026 901 2060 24
1025 2026 1047 2061 5
1074 2030 1168 2061 ante
1193 2026 1255 2060 οὗν
1282 2025 1372 2060 add.
1398 2025 1463 2070 μὲν
1487 2025 1585 2071 pr
1707 2025 1766 2059 ἕνα
1791 2025 1839 2059 ἕν.

413 2073 510 2119 EWp
610 2074 631 2109 6
657 2074 909 2112 διαπεπτεύσας
934 2073 980 2119 p*
1078 2074 1100 2108 8
1126 2074 1198 2112 ἔτος
1218 2077 1307 2119 post
1326 2074 1461 2118 ἡλικίας
1482 2073 1577 2118 Ewp
1677 2073 1699 2107 9
1724 2072 1839 2107 δούκα

413 2121 510 2166 Ewp
607 2122 627 2155 ὁ
647 2132 720 2156 om.
740 2121 775 2155 D
876 2122 918 2155 11
944 2121 1059 2165 μέντοι
1080 2121 1127 2166 D,
1154 2121 1185 2155 Β
1205 2124 1401 2156 mutatum
1421 2131 1471 2155 ex
1490 2121 1585 2165 μέντι
1685 2119 1729 2155 12
1755 2120 1838 2155 ὓπο-

414 2168 559 2204 σποδειὰ
584 2169 632 2213 D,
660 2180 761 2204 corr.
776 2169 845 2207 Dw
940 2169 1114 2215 βασιλείας
1138 2169 1180 2213 B,
1208 2179 1308 2204 corr.
1325 2167 1438 2213 Bw(?)
1538 2169 1582 2203 13
1606 2167 1838 2203 ἑκκαλύπτων

413 2230 449 2251 τε
474 2216 583 2262 Ewp‚
610 2216 816 2262 ἀναχωννύς
844 2217 988 2252 omisso
1015 2231 1050 2251 τε
1077 2215 1109 2251 Ο

342 2322 601 2369 Stephanum,
620 2325 858 2370 magistrum
877 2324 1070 2359 Ioannem
1089 2324 1266 2367 Eladam,
1285 2326 1482 2358 rectorem
1501 2323 1704 2366 Ioannem,
1724 2322 1836 2365 duos,

343 2381 444 2416 quos
471 2381 493 2407 e
520 2372 679 2407 circulis
710 2376 876 2407 vocatos
910 2372 961 2406 ad
993 2372 1237 2407 senatoriam
1274 2375 1313 2406 et
1347 2371 1558 2416 patriciam
1599 2370 1836 2415 dig-nitatem

342 2422 547 2463 evexerat,
574 2419 801 2455 Basilitzem
828 2423 867 2455 ct
895 2418 1234 2464 Gabriclopolum.

463 2467 516 2501 16.
568 2466 814 2511 Alexandro,
855 2477 945 2502 cum
977 2477 1147 2511 reg-num
1181 2477 1331 2501 annum
1358 2475 1482 2500 unum
1510 2469 1549 2500 et
1578 2475 1752 2499 mensem
1782 2465 1836 2499 lu-

342 2515 468 2558 sisset,
494 2514 698 2557 defuncto,
717 2515 928 2560 imperium
947 2514 999 2549 ad
1019 2513 1356 2556 Coxsmmmxvm,
1385 2512 1531 2548 Leonis
1550 2512 1684 2554 filium,
1711 2515 1835 2547 trans-

342 2562 398 2604 iit,
435 2564 519 2596 tum
553 2562 769 2597 admodum
803 2572 989 2607 puerum3
1030 2563 1241 2607 septimum
1278 2561 1381 2595 onim
1417 2560 1567 2606 agebat
1599 2560 1744 2595 aetatis
1770 2570 1836 2594 an-

306 2608 450 2644 Z’num.
517 2609 596 2645 Sed
639 2609 938 2652 Constantinus,
985 2608 1206 2644 Andronici
1248 2608 1389 2643 Ducac
1431 2608 1545 2650 filius,
1595 2607 1837 2642 domesticus

343 2657 582 2700 scholarum,
609 2657 832 2692 Alexandri
858 2658 970 2692 obitu
990 2657 1128 2692 audito
1156 2656 1263 2700 (nam
1282 2660 1365 2690 tuni
1385 2666 1408 2689 a
1428 2656 1542 2700 regia
1561 2655 1661 2689 urbe
1680 2654 1836 2698 aberat)

343 2705 489 2749 partim
516 2705 711 2750 quasdam
739 2705 929 2740 scintillas
964 2704 1194 2749 cupiditatis
1227 2704 1354 2747 regni,
1395 2713 1496 2747 quas
1529 2703 1603 2737 sub
1636 2702 1838 2736 cineribus

342 2752 518 2797 tegebat,
546 2752 741 2797 detegens
767 2753 949 2797 flatuque
975 2751 1212 2795 accendens,
1241 2751 1385 2796 partim
1412 2751 1463 2784 ab
1491 2750 1577 2784 aliis
1602 2759 1764 2794 quoque
1782 2749 1837 2783 in-

343 2799 488 2834 citatus
514 2799 702 2844 (quorum
728 2809 833 2835 unus
860 2800 983 2835 fuisse
1016 2799 1161 2834 dicitur
1193 2798 1422 2844 patriarcha
1449 2797 1647 2840 Nicolaus,
1688 2796 1838 2841 quippe

345 2847 413 2890 qui
431 2845 652 2881 Alexandri
676 2850 915 2882 testamento
942 2846 1121 2882 nondum
1146 2846 1249 2881 lecto
1276 2846 1494 2891 ignorabat
1520 2855 1562 2879 se
1590 2854 1752 2889 quoque
1779 2854 1836 2878 re-

307 2893 481 2932 31ictum
508 2904 594 2930 csse
611 2897 799 2938 tutorem)
827 2894 1083 2943 tyrannidem
1101 2894 1261 2930 invasit.
1312 2893 1486 2928 Delectis
1504 2893 1628 2939 igitur
1646 2891 1836 2926 militibus
