2054 3282
335 254 402 289 150
713 247 895 286 ZONAR.
923 247 1052 283 EPIT.
1080 244 1171 280 XIV
1197 245 1229 287 5,
1257 243 1386 287 32-6,
1412 242 1444 278 2.

334 391 423 416 νετο
465 373 723 428 γιγαντώδης
761 370 832 412 καὶ
875 369 949 423 τὴν
993 365 1241 420 ἀναδρομὴν
1284 368 1358 406 τοῦ
1403 364 1600 418 σώματος
1643 363 1715 405 καὶ
1757 363 1832 418 τὴν

139 450 259 487 WIII
274 451 321 486 50
333 442 481 496 λοιπὴν
513 441 714 495 διαρτίαν·
745 438 900 484 παντὸς
932 436 1011 491 γὰρ
1044 435 1260 489 εὖμήκους
1291 432 1447 487 ἀνδρὸς
1478 434 1534 478 εἷς
1563 437 1702 488 πῆχυν
1733 433 1832 474 ὅλον

275 519 321 554 33
334 511 650 565 ὓπερανίστατο·
697 508 898 562 ηὐρύνετο
938 505 983 546 δὲ
1019 503 1116 549 τοὺς
1153 504 1302 557 ὤμους
1332 518 1374 543 τε
1405 501 1476 543 καὶ
1506 501 1555 543 τὰ
1588 502 1735 555 στέρνα
1767 500 1833 542 ἐπὶ

334 580 455 632 πολύ,
500 578 571 619 καὶ
607 577 731 618 τᾶλλα
766 575 802 617 δ’
837 574 918 628 εἶχε
949 579 1009 627 τῷ
1040 573 1165 627 μήκει
1196 588 1237 612 τε
1269 571 1340 612 καὶ
1370 575 1432 624 τῷ
1462 570 1602 612 πλάτει
1633 569 1832 623 ἀνάλογα,

335 648 381 690 τὸ
413 647 523 693 εἶδος
553 647 662 700 λέγω
700 644 770 685 καὶ
806 643 880 697 τὴν
919 641 1071 696 φωνὴν
1109 640 1180 682 καὶ
1223 644 1308 681 τῶν
1351 639 1593 694 βραχιόνων
1635 637 1707 679 καὶ
1749 641 1869 681 τῶνὸ

334 717 507 771 πήχεων
537 715 611 768 τὴν
643 712 889 767 στερρότητα
922 711 993 752 καὶ
1023 709 1070 751 τὸ
1101 710 1285 764 μέγεθος
1316 708 1386 750 καὶ
1417 708 1464 750 τὸ
1494 711 1580 749 τῶν
1614 706 1835 749 δακτύλων

337 785 469 839 ἁδρὸν
500 783 571 825 καὶ
602 783 681 824 ὅσα
712 782 872 826 τούτοις
903 780 1099 834 ἑπόμενα.

221 860 250 897 C
276 859 324 895 34
459 852 743 894 Ἰουστινιανοῢ
778 849 822 890 δὲ
860 848 1154 903 στρατηλάτου,
1200 847 1262 894 ὡς
1298 849 1466 902 εἴρηται,
1509 845 1613 900 μετὰ
1649 845 1836 887 θάνατον

279 927 324 963 35
338 922 586 964 Βιταλιανοῦ
617 918 946 973 προβληθέντος,
980 918 1127 971 ἐκείνῳ
1159 918 1292 958 ἀνεῖτο
1314 918 1340 971 ἡ
1362 920 1476 958 πᾶσα
1500 916 1709 969 διοίκησις.
1765 915 1839 956 καί

337 1006 437 1032 ποτε
468 993 552 1030 τῶν
583 988 656 1034 τὰς
687 988 911 1042 ἡγεμονίας
943 986 1126 1041 ἐχόντων
1159 986 1375 1039 δεομένων
1404 989 1478 1027 τοῦ
1510 985 1716 1039 βασιλέως
1747 999 1835 1025 κοι-
1851 987 1898 1023 10

338 1058 477 1101 νωνὸν
497 1062 569 1112 τῆς
590 1056 797 1111 βασιλείας
819 1056 985 1098 ἑλέσθαι
1005 1055 1077 1097 τὸν
1098 1055 1390 1109 στρατηλάτην,
1414 1055 1572 1100 ἐκεῖνος
1591 1058 1663 1108 τῆς
1685 1054 1837 1107 ἁλουρ-

341 1127 456 1182 γίδος
492 1126 714 1180 ἁψάμενος
757 1122 840 1166 ἐδί
880 1125 1006 1179 εὐχῆς
1045 1123 1143 1178 ὑμῖν
1182 1124 1306 1178 ἤτω”
1349 1124 1456 1178 φησί
1495 1122 1589 1177 “μὴ
1634 1122 1839 1176 νεώτερον

282 1202 328 1237 36
340 1196 492 1250 ταύτην
512 1194 812 1249 περιβαλέσθαι
822 1194 861 1234 ”.
924 1193 994 1234 καὶ
1020 1193 1109 1234 τότε
1138 1193 1217 1247 μὲν
1248 1194 1361 1234 οὕτω
1391 1192 1467 1246 τὴν
1498 1193 1670 1234 ἐκείνων
1702 1192 1840 1246 δέησιν

282 1271 327 1306 37
343 1265 626 1318 διεκρούσατο.
690 1264 729 1304 οἱ
761 1260 798 1304 δ’
832 1262 958 1308 αὖθις
986 1259 1074 1316 μετ’
1109 1263 1160 1303 οὐ
1196 1261 1303 1303 πολὺ
1340 1262 1542 1316 ψήφισμα
1579 1262 1724 1303 ἔθεντο
1766 1260 1841 1315 τὴν

342 1338 415 1374 τοῦ
447 1333 724 1387 νωβελισίμου
748 1332 867 1380 ἀξίαν
890 1337 952 1386 τῷ
975 1331 1248 1385 Ἰουστινιανῷ
1279 1330 1640 1385 ἒπιψηφιζόμενον
1670 1329 1742 1371 καὶ
1771 1329 1842 1371 τὸν
1855 1333 1902 1371 15

343 1402 513 1456 βασιλέα
545 1403 720 1456 ᾐτοῦντο
762 1405 954 1454 κυρῶσαι
991 1399 1037 1442 τὸ
1074 1401 1308 1455 ψηφισθέν·
1354 1399 1426 1441 καὶ
1468 1401 1517 1445 ὃς
1559 1401 1671 1448 εἴξας
1707 1399 1842 1454 γράμ-

284 1477 331 1513 38
343 1487 469 1525 μασιν
502 1471 668 1516 οἰκείοις
699 1474 820 1511 τοῦτο
853 1470 1054 1523 ἐκύρωσε.
1116 1469 1356 1523 τραύματος
1378 1466 1414 1510 δ’
1440 1469 1480 1509 οἱ
1501 1469 1728 1522 γενομένου
1749 1466 1845 1521 περὶ

223 1547 259 1582 D
286 1547 332 1582 39
345 1539 418 1594 τὴν
449 1540 616 1594 κνήμην
646 1539 844 1594 κλινήρης
875 1538 937 1594 ἦν.
1000 1538 1062 1585 ὡς
1095 1535 1131 1580 δ’
1165 1539 1191 1593 ἡ
1224 1538 1348 1584 νόσος
1377 1538 1648 1592 ἐκραταιοῦτο
1670 1535 1742 1578 καὶ
1763 1537 1843 1591 ἄμ-

347 1680 370 1715 8
395 1681 446 1714 ὅτι
472 1679 708 1725 στρατηλάτης
735 1680 755 1714 ὁ
778 1677 1019 1717 Ἰουστινιανὸς
1043 1678 1250 1724 προεβλήθη
1279 1676 1505 1722 (προυβλήθη
1520 1676 1566 1719 Ε)
1587 1675 1650 1712 ΟΕ
1725 1676 1769 1712 17
1795 1675 1846 1710 ὅτι

347 1732 463 1763 νοσῶν
488 1729 509 1762 ό
533 1729 624 1770 (om.
652 1726 701 1771 A)
726 1727 914 1766 ’Ῑουστΐνος
938 1727 1062 1772 ἔστεφε
1086 1725 1230 1772 βασιλέα
1255 1724 1313 1760 τὸν
1333 1725 1579 1760 Ἰουστινιανόν
1603 1722 1704 1759 ACE

421 1856 444 1891 2
468 1857 504 1895 ἐς
523 1856 631 1902 pr,
659 1868 697 1891 v.
724 1857 776 1891 ad
794 1856 885 1891 XIV
911 1856 965 1900 12,
981 1855 1027 1890 14
1122 1855 1240 1901 πήχυν
1254 1852 1334 1899 ΑΕ,
1358 1859 1475 1899 πῆχυν
1492 1853 1535 1898 O,
1563 1853 1635 1889 sed
1653 1854 1694 1888 in
1712 1852 1748 1887 D
1766 1854 1848 1887 tam

422 1905 680 1950 negligenter
719 1908 945 1947 exaratum,
981 1907 1026 1939 ut
1065 1903 1146 1949 legi
1185 1903 1310 1948 possit
1345 1908 1474 1947 πῆχην,
1513 1901 1624 1937 unde
1656 1906 1775 1946 πῆχην
1801 1911 1848 1944 w,

420 1953 540 2012 πῄχην
566 1964 590 1998 p
649 1953 725 2036 Ονῗ
750 1966 784 1987 τε
811 1950 1352 2044 Μέῒῖἴῶῗῖιῖᾖςὶέἒὶιοέηιξψῃ
1372 1998 1414 2032 11
1442 1947 1849 2032 15³⁶Zitg‘r31'1’11f96ss}

423 2001 676 2093 twglgzsyggec'ooc
701 2011 773 2083 ApR
799 2048 856 2090 (in
883 2014 1040 2083 Cpgorr.
1068 2057 1119 2083 ex
1145 2021 1378 2091 ἁλόυργΐδος),
1418 2013 1624 2090 ἄλΖῦργίδος
1649 2045 1692 2088 Ε,
1726 2023 1851 2087 ἀλολιρ-

423 2097 520 2141 γῖδος
546 2095 660 2141 pr,
687 2107 724 2131 v.
752 2096 804 2130 ad
829 2095 921 2130 XIV
950 2095 981 2138 1,
1002 2094 1024 2129 2
1113 2095 1157 2129 15
1183 2099 1244 2129 τοῦ
1271 2104 1346 2129 om.
1375 2093 1409 2128 D
1506 2093 1741 2138 νωβελισίμου
1767 2090 1849 2135 AR,

424 2144 682 2189 νωβελισσίμου
709 2143 749 2187 C,
775 2143 1032 2189 νωβελλισίμου
1060 2142 1239 2187 BS(?)Wp,
1267 2152 1304 2176 v.
1332 2141 1384 2176 ad
1411 2141 1482 2177 XV
1507 2141 1578 2186 8,2
1676 2139 1720 2175 16
1743 2140 1851 2186 ᾔτουν

426 2191 523 2237 pr
631 2192 676 2227 17
702 2191 740 2226 δὲ
766 2189 924 2237 prDi
1032 2192 1069 2226 οἱ
1091 2188 1259 2236 prDz',
1286 2190 1308 2235 ἦ
1334 2188 1370 2224 Α

355 2322 447 2346 nam
475 2313 658 2356 quemvis
685 2312 816 2346 virum
843 2311 908 2346 vel
935 2311 1259 2356 procerissimum
1288 2310 1423 2344 cubito
1451 2309 1610 2353 integro
1634 2316 1852 2352 exsupera-

295 2358 341 2393 33
355 2360 434 2403 bat,
462 2359 638 2395 humeris
665 2362 704 2394 et
730 2362 894 2405 pectore
921 2369 1046 2404 supra
1074 2358 1237 2393 modum
1256 2357 1355 2400 latis,
1384 2367 1474 2391 cum
1494 2359 1533 2391 et
1552 2357 1687 2390 cetera
1706 2355 1852 2398 omnia,

354 2410 398 2442 ut
430 2407 556 2442 facies
591 2410 631 2443 et
658 2417 749 2448 vox,
788 2407 1047 2442 brachiorum
1080 2406 1390 2450 cubitorumque
1423 2404 1589 2438 firmitas
1622 2413 1670 2437 ac
1700 2402 1853 2447 magni-

355 2454 466 2499 tudo,
506 2455 726 2500 digitorum
759 2454 995 2498 crassitudo,
1035 2453 1191 2498 reliqua
1224 2452 1467 2498 longitudini
1500 2453 1539 2486 et
1564 2449 1767 2485 latitudini
1794 2459 1852 2484 re-

356 2502 615 2548 sponderent.

297 2548 345 2583 34
476 2549 700 2585 Iustiniano
727 2560 825 2585 vero
853 2550 1047 2596 magistro
1074 2548 1253 2591 militum,
1283 2549 1328 2582 ut
1355 2546 1540 2589 diximus,
1568 2548 1659 2591 post
1683 2547 1852 2580 mortem

298 2595 344 2631 35
357 2597 546 2632 Vitaliani
574 2600 710 2633 creato
737 2598 933 2644 permissa
959 2599 1019 2632 est
1046 2596 1223 2632 omnium
1241 2605 1376 2630 rerum
1397 2593 1703 2629 administratio.
1754 2591 1854 2628 Cum

359 2647 494 2680 autem
521 2645 739 2690 aliquando
766 2646 969 2691 principes
995 2653 1134 2690 regem
1162 2647 1354 2686 orassent,
1385 2645 1430 2676 ut
1455 2642 1572 2687 regni
1599 2641 1751 2676 socium
1778 2639 1854 2675 sibi

360 2692 528 2737 eligeret
545 2694 781 2738 magistrum
806 2693 984 2737 militum,
1011 2692 1077 2728 ille
1095 2701 1277 2737 purpura
1295 2690 1494 2735 prehensa
1518 2689 1672 2725 e‘Vobis
1690 2691 1750 2723 est
1768 2697 1855 2734 pre-

300 2738 346 2773 36
361 2739 565 2774 candum”
590 2741 720 2785 inquit
751 2741 833 2776 “ne
867 2741 956 2786 quis
981 2740 1112 2775 minor
1138 2739 1242 2773 hanc
1268 2738 1342 2772 sibi
1369 2736 1551 2772 induas&
1603 2736 1744 2781 Itaque
1770 2738 1855 2770 tum

300 2785 346 2821 37
362 2787 523 2831 quidem
540 2787 701 2823 illorum
719 2798 860 2833 preces
877 2787 1120 2833 repudiavit.
1170 2786 1229 2821 Illi
1254 2795 1351 2821 vero
1378 2787 1468 2830 post
1494 2795 1575 2820 non
1602 2784 1659 2819 ita
1686 2783 1854 2818 multum

360 2835 552 2879 temporis
570 2835 806 2870 nobilissimi
825 2835 1023 2881 dignitate
1041 2834 1264 2870 Iustiniano
1285 2833 1448 2868 decreta
1467 2843 1557 2867 cum
1583 2841 1723 2877 regem
1750 2840 1856 2865 oras—

362 2884 461 2923 sent,
487 2884 531 2916 ut
556 2882 598 2916 id
624 2882 831 2918 decretum
858 2886 990 2918 ratum
1017 2883 1181 2926 faceret,
1207 2881 1273 2916 ille
1299 2881 1440 2916 litteris
1464 2881 1546 2915 suis
1565 2878 1856 2924 comprobavit.

219 2929 276 2963 38.
302 2928 348 2963 39
362 2927 459 2964 Cum
481 2932 615 2964 autem
643 2940 693 2965 ex
720 2930 888 2965 vulnere
916 2931 1043 2965 cruris
1069 2930 1172 2965 lecto
1197 2932 1415 2972 teneretur,
1441 2927 1687 2972 morbusque
1714 2935 1859 2971 grave-
