<?xml version="1.0" encoding="UTF-8"?>
<!DOCTYPE html PUBLIC "-//W3C//DTD XHTML 1.0 Transitional//EN"
    "http://www.w3.org/TR/xhtml1/DTD/xhtml1-transitional.dtd">
<html xmlns="http://www.w3.org/1999/xhtml" xml:lang="en" lang="en">
 <head>
  <title>
</title>
<meta http-equiv="Content-Type" content="text/html;charset=utf-8" />
  <meta name='ocr-system' content='tesseract 3.04.00' />
  <meta name='ocr-capabilities' content='ocr_page ocr_carea ocr_par ocr_line ocrx_word'/>
</head>
<body>
  <div class='ocr_page' id='page_1' title='image "./corpusscriptorum31niebuoft/corpusscriptorum31niebuoft_0053.png"; bbox 0 0 1968 3302; ppageno 0'>
   <div class='ocr_carea' id='block_1_1' title="bbox 292 167 1694 219">
    <p class='ocr_par' dir='ltr' id='par_1_1' title="bbox 292 167 1694 219">
     <span class='ocr_line' id='line_1_1' title="bbox 292 167 1694 219; baseline -0.009 0"><span class='ocrx_word' id='word_1_1' title='bbox 292 179 493 219; x_wconf 88' lang='lat' dir='ltr'>DIVISIO</span> <span class='ocrx_word' id='word_1_2' title='bbox 519 177 730 216; x_wconf 85' lang='lat' dir='ltr'><strong>IMPERII.</strong></span> <span class='ocrx_word' id='word_1_3' title='bbox 782 171 1175 214; x_wconf 84' lang='lat' dir='ltr'>CONSTANTINVS</span> <span class='ocrx_word' id='word_1_4' title='bbox 1200 171 1268 209; x_wconf 87' lang='lat' dir='ltr'><em>ET</em></span> <span class='ocrx_word' id='word_1_5' title='bbox 1295 169 1573 209; x_wconf 81' lang='lat' dir='ltr'><strong>CONSTANS.</strong></span> <span class='ocrx_word' id='word_1_6' title='bbox 1647 167 1694 206; x_wconf 79' lang='lat'><em>27</em></span> 
     </span>
    </p>
   </div>
   <div class='ocr_carea' id='block_1_2' title="bbox 0 296 1890 1528">
    <p class='ocr_par' dir='ltr' id='par_1_2' title="bbox 0 296 1890 1528">
     <span class='ocr_line' id='line_1_2' title="bbox 187 296 1693 355; baseline -0.007 -7"><span class='ocrx_word' id='word_1_7' title='bbox 187 305 350 352; x_wconf 78' lang='grc' dir='ltr'><em>Ἄλπεις</em></span> <span class='ocrx_word' id='word_1_8' title='bbox 381 303 456 347; x_wconf 82' lang='grc' dir='ltr'><em>σὺν</em></span> <span class='ocrx_word' id='word_1_9' title='bbox 492 308 580 350; x_wconf 88' lang='grc' dir='ltr'><em>ταῖς</em></span> <span class='ocrx_word' id='word_1_10' title='bbox 610 302 656 344; x_wconf 90' lang='grc' dir='ltr'><em>Γ</em></span> <span class='ocrx_word' id='word_1_11' title='bbox 649 302 804 348; x_wconf 87' lang='grc' dir='ltr'><em>αλλίαις</em></span> <span class='ocrx_word' id='word_1_12' title='bbox 839 298 1186 355; x_wconf 73' lang='grc' dir='ltr'><em>προσνεμηθῆναι</em></span> <span class='ocrx_word' id='word_1_13' title='bbox 1227 297 1412 351; x_wconf 83' lang='grc' dir='ltr'><em>(Κοττίαι</em></span> <span class='ocrx_word' id='word_1_14' title='bbox 1445 296 1490 339; x_wconf 80' lang='grc' dir='ltr'><em>δὲ</em></span> <span class='ocrx_word' id='word_1_15' title='bbox 1522 296 1693 351; x_wconf 84' lang='grc' dir='ltr'><em>ὠνομά-</em></span> 
     </span>
     <span class='ocr_line' id='line_1_3' title="bbox 197 365 1692 429; baseline -0.006 -13"><span class='ocrx_word' id='word_1_16' title='bbox 197 374 362 429; x_wconf 75' lang='grc' dir='ltr'><em>σθησαν</em></span> <span class='ocrx_word' id='word_1_17' title='bbox 393 372 478 415; x_wconf 83' lang='grc' dir='ltr'><em>ἀπὸ</em></span> <span class='ocrx_word' id='word_1_18' title='bbox 510 372 699 419; x_wconf 80' lang='grc' dir='ltr'><em>Κοττίου,</em></span> <span class='ocrx_word' id='word_1_19' title='bbox 731 370 936 426; x_wconf 85' lang='grc' dir='ltr'><em>βασιλέως</em></span> <span class='ocrx_word' id='word_1_20' title='bbox 966 372 1052 411; x_wconf 85' lang='grc' dir='ltr'><em>τῶν</em></span> <span class='ocrx_word' id='word_1_21' title='bbox 1082 367 1225 410; x_wconf 89' lang='grc' dir='ltr'><em>τόπων</em></span> <span class='ocrx_word' id='word_1_22' title='bbox 1255 367 1416 408; x_wconf 85' lang='grc' dir='ltr'><em>τούτων</em></span> <span class='ocrx_word' id='word_1_23' title='bbox 1448 365 1692 421; x_wconf 83' lang='grc' dir='ltr'><em>γενομένου)</em></span> 
     </span>
     <span class='ocr_line' id='line_1_4' title="bbox 196 435 1696 497; baseline -0.007 -11"><span class='ocrx_word' id='word_1_24' title='bbox 196 444 267 486; x_wconf 83' lang='grc' dir='ltr'><em>καὶ</em></span> <span class='ocrx_word' id='word_1_25' title='bbox 297 443 344 486; x_wconf 87' lang='grc' dir='ltr'><em>τὸ</em></span> <span class='ocrx_word' id='word_1_26' title='bbox 369 442 617 497; x_wconf 89' lang='grc' dir='ltr'><em>Πυρηναῖον</em></span> <span class='ocrx_word' id='word_1_27' title='bbox 647 441 774 495; x_wconf 82' lang='grc' dir='ltr'><strong><em>κλίμα</em></strong></span> <span class='ocrx_word' id='word_1_28' title='bbox 805 441 928 494; x_wconf 88' lang='grc' dir='ltr'><em>μέχρι</em></span> <span class='ocrx_word' id='word_1_29' title='bbox 958 442 1043 480; x_wconf 84' lang='grc' dir='ltr'><em>τῶν</em></span> <span class='ocrx_word' id='word_1_30' title='bbox 1064 436 1265 491; x_wconf 79' lang='grc' dir='ltr'><em>Μαύρων</em></span> <span class='ocrx_word' id='word_1_31' title='bbox 1295 439 1380 478; x_wconf 84' lang='grc' dir='ltr'><em>τῶν</em></span> <span class='ocrx_word' id='word_1_32' title='bbox 1411 441 1473 490; x_wconf 78' lang='grc' dir='ltr'><em>τῷ</em></span> <span class='ocrx_word' id='word_1_33' title='bbox 1503 435 1696 490; x_wconf 73' lang='grc' dir='ltr'><em>πορθμῷ</em></span> 
     </span>
     <span class='ocr_line' id='line_1_5' title="bbox 198 500 1786 567; baseline -0.006 -13"><span class='ocrx_word' id='word_1_34' title='bbox 198 513 488 567; x_wconf 81' lang='grc' dir='ltr'><em>διωρισμένων</em></span> <span class='ocrx_word' id='word_1_35' title='bbox 530 516 590 565; x_wconf 80' lang='grc' dir='ltr'><em>τῷ</em></span> <span class='ocrx_word' id='word_1_36' title='bbox 633 513 706 551; x_wconf 85' lang='grc' dir='ltr'><em>τοῦ</em></span> <span class='ocrx_word' id='word_1_37' title='bbox 751 509 973 551; x_wconf 85' lang='grc' dir='ltr'><em>Ὠκεανοῦ·</em></span> <span class='ocrx_word' id='word_1_38' title='bbox 1020 511 1093 549; x_wconf 87' lang='grc' dir='ltr'><em>τοῦ</em></span> <span class='ocrx_word' id='word_1_39' title='bbox 1138 506 1432 548; x_wconf 86' lang='grc' dir='ltr'><em>Κωνσταντίου</em></span> <span class='ocrx_word' id='word_1_40' title='bbox 1479 505 1524 547; x_wconf 80' lang='grc' dir='ltr'><em>δὲ</em></span> <span class='ocrx_word' id='word_1_41' title='bbox 1566 501 1731 560; x_wconf 87' lang='grc' dir='ltr'><em>λάχος4</em></span> <span class='ocrx_word' id='word_1_42' title='bbox 1757 500 1786 538; x_wconf 86' lang='lat' dir='ltr'>C</span> 
     </span>
     <span class='ocr_line' id='line_1_6' title="bbox 161 569 1890 636; baseline -0.005 -13"><span class='ocrx_word' id='word_1_43' title='bbox 161 581 389 636; x_wconf 72' lang='grc' dir='ltr'><em>ὅγενέσθαι</em></span> <span class='ocrx_word' id='word_1_44' title='bbox 429 581 507 622; x_wconf 88' lang='grc' dir='ltr'><em>ὅσα</em></span> <span class='ocrx_word' id='word_1_45' title='bbox 544 579 650 621; x_wconf 82' lang='grc' dir='ltr'><em>κατὰ</em></span> <span class='ocrx_word' id='word_1_46' title='bbox 687 579 761 634; x_wconf 83' lang='grc' dir='ltr'><em>τὴν</em></span> <span class='ocrx_word' id='word_1_47' title='bbox 792 578 905 632; x_wconf 81' lang='grc' dir='ltr'><em>ἑῴαν</em></span> <span class='ocrx_word' id='word_1_48' title='bbox 935 581 1090 632; x_wconf 88' lang='grc' dir='ltr'><em>μοῖραν</em></span> <span class='ocrx_word' id='word_1_49' title='bbox 1120 575 1228 631; x_wconf 82' lang='grc' dir='ltr'><em>ἦσαν</em></span> <span class='ocrx_word' id='word_1_50' title='bbox 1253 575 1478 629; x_wconf 81' lang='grc' dir='ltr'><em>Ῥωμαίοις</em></span> <span class='ocrx_word' id='word_1_51' title='bbox 1508 569 1831 629; x_wconf 64' lang='grc' dir='ltr'><em>ὕπήκοα,ΨῙῙῙ</em></span> <span class='ocrx_word' id='word_1_52' title='bbox 1846 569 1890 605; x_wconf 83' lang='grc'><em>11</em></span> 
     </span>
     <span class='ocr_line' id='line_1_7' title="bbox 197 645 1551 704; baseline -0.006 -12"><span class='ocrx_word' id='word_1_53' title='bbox 197 650 267 693; x_wconf 83' lang='grc' dir='ltr'><em>καὶ</em></span> <span class='ocrx_word' id='word_1_54' title='bbox 298 649 407 704; x_wconf 87' lang='grc' dir='ltr'><em>πρὸς</em></span> <span class='ocrx_word' id='word_1_55' title='bbox 436 649 596 695; x_wconf 85' lang='grc' dir='ltr'><em>τούτοις</em></span> <span class='ocrx_word' id='word_1_56' title='bbox 627 649 701 703; x_wconf 90' lang='grc' dir='ltr'><em>τὴν</em></span> <span class='ocrx_word' id='word_1_57' title='bbox 738 647 914 702; x_wconf 80' lang='grc' dir='ltr'><em>Θρᾴκην</em></span> <span class='ocrx_word' id='word_1_58' title='bbox 946 646 1021 689; x_wconf 78' lang='grc' dir='ltr'><em>σὺν</em></span> <span class='ocrx_word' id='word_1_59' title='bbox 1051 650 1100 701; x_wconf 89' lang='grc' dir='ltr'><em>τῇ</em></span> <span class='ocrx_word' id='word_1_60' title='bbox 1131 645 1247 687; x_wconf 89' lang='grc' dir='ltr'><em>πόλει</em></span> <span class='ocrx_word' id='word_1_61' title='bbox 1278 649 1327 699; x_wconf 88' lang='grc' dir='ltr'><em>τῇ</em></span> <span class='ocrx_word' id='word_1_62' title='bbox 1358 648 1551 698; x_wconf 83' lang='grc' dir='ltr'><em>πατρικῇ.</em></span> 
     </span>
     <span class='ocr_line' id='line_1_8' title="bbox 323 709 1732 771; baseline -0.005 -11"><span class='ocrx_word' id='word_1_63' title='bbox 323 717 447 761; x_wconf 81' lang='grc' dir='ltr'><em>Οὕτω</em></span> <span class='ocrx_word' id='word_1_64' title='bbox 481 718 526 760; x_wconf 83' lang='grc' dir='ltr'><em>δὲ</em></span> <span class='ocrx_word' id='word_1_65' title='bbox 557 722 630 759; x_wconf 86' lang='grc' dir='ltr'><em>τοῦ</em></span> <span class='ocrx_word' id='word_1_66' title='bbox 661 721 869 771; x_wconf 84' lang='grc' dir='ltr'><em>μερισμοῦ</em></span> <span class='ocrx_word' id='word_1_67' title='bbox 891 721 963 771; x_wconf 89' lang='grc' dir='ltr'><em>τῆς</em></span> <span class='ocrx_word' id='word_1_68' title='bbox 985 716 1118 770; x_wconf 87' lang='grc' dir='ltr'><em>ἀρχῆς</em></span> <span class='ocrx_word' id='word_1_69' title='bbox 1139 714 1389 769; x_wconf 83' lang='grc' dir='ltr'><em>προβάντος,</em></span> <span class='ocrx_word' id='word_1_70' title='bbox 1423 713 1447 755; x_wconf 85' lang='grc' dir='ltr'>ὁ</span> <span class='ocrx_word' id='word_1_71' title='bbox 1467 712 1546 767; x_wconf 82' lang='grc' dir='ltr'><em>μὲν</em></span> <span class='ocrx_word' id='word_1_72' title='bbox 1569 713 1615 754; x_wconf 85' lang='grc' dir='ltr'><em>Κ</em></span> <span class='ocrx_word' id='word_1_73' title='bbox 1612 728 1696 754; x_wconf 89' lang='grc' dir='ltr'><em>ων-</em></span> <span class='ocrx_word' id='word_1_74' title='bbox 1711 709 1732 744; x_wconf 81' lang='lat'>5</span> 
     </span>
     <span class='ocr_line' id='line_1_9' title="bbox 197 781 1696 841; baseline -0.005 -11"><span class='ocrx_word' id='word_1_75' title='bbox 197 789 380 834; x_wconf 86' lang='grc' dir='ltr'><em>στάντιος</em></span> <span class='ocrx_word' id='word_1_76' title='bbox 416 788 472 834; x_wconf 84' lang='grc' dir='ltr'><em>εἷς</em></span> <span class='ocrx_word' id='word_1_77' title='bbox 510 786 584 841; x_wconf 81' lang='grc' dir='ltr'><em>τὴν</em></span> <span class='ocrx_word' id='word_1_78' title='bbox 621 785 734 840; x_wconf 74' lang='grc' dir='ltr'><em>ἑῴαν</em></span> <span class='ocrx_word' id='word_1_79' title='bbox 772 786 998 840; x_wconf 80' lang='grc' dir='ltr'><em>ἐχώρησεν,</em></span> <span class='ocrx_word' id='word_1_80' title='bbox 1039 783 1326 838; x_wconf 81' lang='grc' dir='ltr'><em>ἕκστρατεύων</em></span> <span class='ocrx_word' id='word_1_81' title='bbox 1362 781 1468 824; x_wconf 86' lang='grc' dir='ltr'><em>κατὰ</em></span> <span class='ocrx_word' id='word_1_82' title='bbox 1502 781 1696 835; x_wconf 87' lang='grc' dir='ltr'><em>Περσῶν.</em></span> 
     </span>
     <span class='ocr_line' id='line_1_10' title="bbox 198 847 1733 911; baseline -0.005 -12"><span class='ocrx_word' id='word_1_83' title='bbox 198 857 223 899; x_wconf 85' lang='grc' dir='ltr'>ὁ</span> <span class='ocrx_word' id='word_1_84' title='bbox 245 857 324 911; x_wconf 85' lang='grc' dir='ltr'><em>γὰρ</em></span> <span class='ocrx_word' id='word_1_85' title='bbox 346 857 506 898; x_wconf 87' lang='grc' dir='ltr'><em>τούτων</em></span> <span class='ocrx_word' id='word_1_86' title='bbox 527 855 799 910; x_wconf 76' lang='grc' dir='ltr'><em>ἡγεμονεύων</em></span> <span class='ocrx_word' id='word_1_87' title='bbox 821 854 1054 908; x_wconf 87' lang='grc' dir='ltr'><em>Σαπώρης,</em></span> <span class='ocrx_word' id='word_1_88' title='bbox 1087 853 1158 895; x_wconf 83' lang='grc' dir='ltr'><em>τὸν</em></span> <span class='ocrx_word' id='word_1_89' title='bbox 1189 853 1376 894; x_wconf 74' lang='grc' dir='ltr'><em>θάνατον</em></span> <span class='ocrx_word' id='word_1_90' title='bbox 1406 855 1479 893; x_wconf 86' lang='grc' dir='ltr'><em>τοῦ</em></span> <span class='ocrx_word' id='word_1_91' title='bbox 1511 850 1696 905; x_wconf 79' lang='grc' dir='ltr'><em>μεγάλου</em></span> <span class='ocrx_word' id='word_1_92' title='bbox 1711 847 1733 882; x_wconf 82' lang='grc'><strong>6</strong></span> 
     </span>
     <span class='ocr_line' id='line_1_11' title="bbox 141 919 1700 980; baseline -0.005 -12"><span class='ocrx_word' id='word_1_93' title='bbox 141 925 186 961; x_wconf 88' lang='grc'><em>10</em></span> <span class='ocrx_word' id='word_1_94' title='bbox 199 924 323 980; x_wconf 82' lang='grc' dir='ltr'><em>γνοὺς</em></span> <span class='ocrx_word' id='word_1_95' title='bbox 344 926 677 979; x_wconf 77' lang='grc' dir='ltr'><em>Κωνσταντίνου,</em></span> <span class='ocrx_word' id='word_1_96' title='bbox 710 923 815 966; x_wconf 83' lang='grc' dir='ltr'><em>κατὰ</em></span> <span class='ocrx_word' id='word_1_97' title='bbox 847 927 932 965; x_wconf 84' lang='grc' dir='ltr'><em>τῶν</em></span> <span class='ocrx_word' id='word_1_98' title='bbox 953 922 1037 964; x_wconf 82' lang='grc' dir='ltr'><em>ὑπὸ</em></span> <span class='ocrx_word' id='word_1_99' title='bbox 1054 922 1277 977; x_wconf 84' lang='grc' dir='ltr'><em>Ῥωμαίοις</em></span> <span class='ocrx_word' id='word_1_100' title='bbox 1307 921 1538 963; x_wconf 86' lang='grc' dir='ltr'><em>τελούντων</em></span> <span class='ocrx_word' id='word_1_101' title='bbox 1568 919 1700 961; x_wconf 77' lang='grc' dir='ltr'><em>ἐπιὼν</em></span> 
     </span>
     <span class='ocr_line' id='line_1_12' title="bbox 198 986 1734 1049; baseline -0.005 -13"><span class='ocrx_word' id='word_1_102' title='bbox 198 995 269 1037; x_wconf 81' lang='grc' dir='ltr'><em>καὶ</em></span> <span class='ocrx_word' id='word_1_103' title='bbox 307 994 551 1049; x_wconf 86' lang='grc' dir='ltr'><em>ληιζόμενος</em></span> <span class='ocrx_word' id='word_1_104' title='bbox 590 995 669 1036; x_wconf 82' lang='grc' dir='ltr'><em>οὒκ</em></span> <span class='ocrx_word' id='word_1_105' title='bbox 714 993 901 1035; x_wconf 75' lang='grc' dir='ltr'><em>ἐπαύετο.</em></span> <span class='ocrx_word' id='word_1_106' title='bbox 964 992 987 1033; x_wconf 87' lang='grc' dir='ltr'>ὁ</span> <span class='ocrx_word' id='word_1_107' title='bbox 1028 991 1074 1033; x_wconf 84' lang='grc' dir='ltr'><em>δὲ</em></span> <span class='ocrx_word' id='word_1_108' title='bbox 1114 990 1430 1036; x_wconf 88' lang='grc' dir='ltr'><em>Κωνσταντῖνος</em></span> <span class='ocrx_word' id='word_1_109' title='bbox 1467 994 1529 1043; x_wconf 82' lang='grc' dir='ltr'><em>τῷ</em></span> <span class='ocrx_word' id='word_1_110' title='bbox 1569 986 1734 1031; x_wconf 58' lang='lat' dir='ltr'>Ram-7</span> 
     </span>
     <span class='ocr_line' id='line_1_13' title="bbox 199 1057 1700 1118; baseline -0.005 -12"><span class='ocrx_word' id='word_1_111' title='bbox 199 1079 333 1106; x_wconf 88' lang='grc' dir='ltr'><em>σταντι</em></span> <span class='ocrx_word' id='word_1_112' title='bbox 376 1064 592 1118; x_wconf 72' lang='grc' dir='ltr'><em>ἐπεφύετο,</em></span> <span class='ocrx_word' id='word_1_113' title='bbox 636 1062 710 1117; x_wconf 84' lang='grc' dir='ltr'><em>τὴν</em></span> <span class='ocrx_word' id='word_1_114' title='bbox 750 1062 989 1116; x_wconf 83' lang='grc' dir='ltr'><em>διανέμησιν</em></span> <span class='ocrx_word' id='word_1_115' title='bbox 1025 1063 1111 1102; x_wconf 87' lang='grc' dir='ltr'><em>τῶν</em></span> <span class='ocrx_word' id='word_1_116' title='bbox 1149 1063 1308 1114; x_wconf 86' lang='grc' dir='ltr'><em>χωρῶν</em></span> <span class='ocrx_word' id='word_1_117' title='bbox 1345 1059 1591 1113; x_wconf 84' lang='grc' dir='ltr'><em>αἰτιώμενος</em></span> <span class='ocrx_word' id='word_1_118' title='bbox 1627 1057 1700 1100; x_wconf 82' lang='grc' dir='ltr'><em>καὶ</em></span> 
     </span>
     <span class='ocr_line' id='line_1_14' title="bbox 198 1127 1698 1187; baseline -0.005 -12"><span class='ocrx_word' id='word_1_119' title='bbox 198 1135 224 1187; x_wconf 89' lang='grc' dir='ltr'><em>ἢ</em></span> <span class='ocrx_word' id='word_1_120' title='bbox 255 1136 566 1187; x_wconf 84' lang='grc' dir='ltr'><em>παραχωρῆσαι</em></span> <span class='ocrx_word' id='word_1_121' title='bbox 597 1132 756 1186; x_wconf 86' lang='grc' dir='ltr'><em>μέρους</em></span> <span class='ocrx_word' id='word_1_122' title='bbox 787 1131 904 1184; x_wconf 81' lang='grc' dir='ltr'><em>αὐτῷ’</em></span> <span class='ocrx_word' id='word_1_123' title='bbox 934 1134 1006 1184; x_wconf 90' lang='grc' dir='ltr'><em>τῆς</em></span> <span class='ocrx_word' id='word_1_124' title='bbox 1038 1130 1172 1184; x_wconf 85' lang='grc' dir='ltr'><em>ἀρχῆς</em></span> <span class='ocrx_word' id='word_1_125' title='bbox 1206 1129 1394 1170; x_wconf 84' lang='grc' dir='ltr'><em>ἀπαιτῶν</em></span> <span class='ocrx_word' id='word_1_126' title='bbox 1426 1129 1451 1182; x_wconf 84' lang='grc' dir='ltr'><em>ἢ</em></span> <span class='ocrx_word' id='word_1_127' title='bbox 1485 1127 1698 1169; x_wconf 82' lang='grc' dir='ltr'><em>ἀναδάσα-</em></span> 
     </span>
     <span class='ocr_line' id='line_1_15' title="bbox 0 1192 1798 1256; baseline -0.004 -12"><span class='ocrx_word' id='word_1_128' title='bbox 0 1201 101 1241; x_wconf 69' lang='lat' dir='ltr'>DIII</span> <span class='ocrx_word' id='word_1_129' title='bbox 116 1202 185 1238; x_wconf 85' lang='grc'><em>189</em></span> <span class='ocrx_word' id='word_1_130' title='bbox 199 1202 299 1244; x_wconf 77' lang='grc' dir='ltr'><em>σθαι</em></span> <span class='ocrx_word' id='word_1_131' title='bbox 329 1201 402 1248; x_wconf 84' lang='grc' dir='ltr'><em>τὰς</em></span> <span class='ocrx_word' id='word_1_132' title='bbox 432 1201 640 1256; x_wconf 79' lang='grc' dir='ltr'><em>βασιλείας</em></span> <span class='ocrx_word' id='word_1_133' title='bbox 671 1201 805 1254; x_wconf 78' lang='grc' dir='ltr'><em>ἄμφω</em></span> <span class='ocrx_word' id='word_1_134' title='bbox 839 1200 986 1253; x_wconf 81' lang='grc' dir='ltr'><em>ζητῶν.</em></span> <span class='ocrx_word' id='word_1_135' title='bbox 1050 1198 1112 1244; x_wconf 82' lang='grc' dir='ltr'><em>ὡς</em></span> <span class='ocrx_word' id='word_1_136' title='bbox 1144 1195 1180 1238; x_wconf 79' lang='grc' dir='ltr'><em>δ’</em></span> <span class='ocrx_word' id='word_1_137' title='bbox 1215 1198 1372 1243; x_wconf 76' lang='grc' dir='ltr'><em>ἐκεῖνος</em></span> <span class='ocrx_word' id='word_1_138' title='bbox 1402 1201 1475 1251; x_wconf 86' lang='grc' dir='ltr'><em>τῆς</em></span> <span class='ocrx_word' id='word_1_139' title='bbox 1511 1196 1592 1250; x_wconf 79' lang='grc' dir='ltr'><em>ἤδη</em></span> <span class='ocrx_word' id='word_1_140' title='bbox 1633 1192 1736 1249; x_wconf 84' lang='grc' dir='ltr'><em>γε-8</em></span> <span class='ocrx_word' id='word_1_141' title='bbox 1762 1192 1798 1227; x_wconf 88' lang='lat' dir='ltr'>D</span> 
     </span>
     <span class='ocr_line' id='line_1_16' title="bbox 141 1265 1700 1326; baseline -0.005 -13"><span class='ocrx_word' id='word_1_142' title='bbox 141 1272 186 1308; x_wconf 82' lang='lat'><em>15</em></span> <span class='ocrx_word' id='word_1_143' title='bbox 200 1270 367 1326; x_wconf 83' lang='grc' dir='ltr'><em>γονυίας</em></span> <span class='ocrx_word' id='word_1_144' title='bbox 399 1270 684 1324; x_wconf 82' lang='grc' dir='ltr'><em>διανεμήσεως</em></span> <span class='ocrx_word' id='word_1_145' title='bbox 721 1270 849 1323; x_wconf 81' lang='grc' dir='ltr'><em>εἴχετο</em></span> <span class='ocrx_word' id='word_1_146' title='bbox 886 1267 958 1309; x_wconf 83' lang='grc' dir='ltr'><em>καὶ</em></span> <span class='ocrx_word' id='word_1_147' title='bbox 995 1270 1080 1308; x_wconf 84' lang='grc' dir='ltr'><em>τῶν</em></span> <span class='ocrx_word' id='word_1_148' title='bbox 1118 1266 1235 1320; x_wconf 78' lang='grc' dir='ltr'><em>αὐτῷ</em></span> <span class='ocrx_word' id='word_1_149' title='bbox 1274 1265 1700 1319; x_wconf 72' lang='grc' dir='ltr'><em>προσκληρωθέντων</em></span> 
     </span>
     <span class='ocr_line' id='line_1_17' title="bbox 199 1333 1699 1394; baseline -0.005 -13"><span class='ocrx_word' id='word_1_150' title='bbox 199 1340 402 1394; x_wconf 82' lang='grc' dir='ltr'><em>ἀντείχετο</em></span> <span class='ocrx_word' id='word_1_151' title='bbox 433 1339 504 1380; x_wconf 82' lang='grc' dir='ltr'><em>καὶ</em></span> <span class='ocrx_word' id='word_1_152' title='bbox 536 1338 636 1380; x_wconf 74' lang='grc' dir='ltr'><em>οὐδὲ</em></span> <span class='ocrx_word' id='word_1_153' title='bbox 666 1341 739 1379; x_wconf 86' lang='grc' dir='ltr'><em>τοῦ</em></span> <span class='ocrx_word' id='word_1_154' title='bbox 768 1337 995 1392; x_wconf 85' lang='grc' dir='ltr'><em>βραχίστου</em></span> <span class='ocrx_word' id='word_1_155' title='bbox 1023 1335 1263 1389; x_wconf 86' lang='grc' dir='ltr'><em>παρεχώρει</em></span> <span class='ocrx_word' id='word_1_156' title='bbox 1284 1339 1347 1389; x_wconf 82' lang='grc' dir='ltr'><em>τῷ</em></span> <span class='ocrx_word' id='word_1_157' title='bbox 1368 1334 1557 1388; x_wconf 75' lang='grc' dir='ltr'><em>ἀδελφῷ,</em></span> <span class='ocrx_word' id='word_1_158' title='bbox 1591 1333 1699 1374; x_wconf 88' lang='grc' dir='ltr'><em>ὅπλα</em></span> 
     </span>
     <span class='ocr_line' id='line_1_18' title="bbox 198 1403 1699 1462; baseline -0.005 -12"><span class='ocrx_word' id='word_1_159' title='bbox 198 1405 289 1450; x_wconf 83' lang='grc' dir='ltr'><em>κατ’</em></span> <span class='ocrx_word' id='word_1_160' title='bbox 329 1408 458 1449; x_wconf 78' lang='grc' dir='ltr'><em>αὐτοῦ</em></span> <span class='ocrx_word' id='word_1_161' title='bbox 497 1406 598 1462; x_wconf 83' lang='grc' dir='ltr'><em>ἦρεν</em></span> <span class='ocrx_word' id='word_1_162' title='bbox 635 1407 659 1448; x_wconf 84' lang='grc' dir='ltr'><em>ὅ</em></span> <span class='ocrx_word' id='word_1_163' title='bbox 697 1407 1014 1451; x_wconf 84' lang='grc' dir='ltr'><em>Κωνσταντΐνος</em></span> <span class='ocrx_word' id='word_1_164' title='bbox 1049 1404 1121 1446; x_wconf 85' lang='grc' dir='ltr'><em>καὶ</em></span> <span class='ocrx_word' id='word_1_165' title='bbox 1165 1403 1322 1458; x_wconf 77' lang='grc' dir='ltr'><em>ἐπῆλθε</em></span> <span class='ocrx_word' id='word_1_166' title='bbox 1364 1408 1426 1457; x_wconf 79' lang='grc' dir='ltr'><em>τῷ</em></span> <span class='ocrx_word' id='word_1_167' title='bbox 1469 1403 1583 1456; x_wconf 85' lang='grc' dir='ltr'><em>λᾶχει</em></span> <span class='ocrx_word' id='word_1_168' title='bbox 1626 1405 1699 1443; x_wconf 84' lang='grc' dir='ltr'><em>τοῦ</em></span> 
     </span>
     <span class='ocr_line' id='line_1_19' title="bbox 200 1470 1736 1528; baseline -0.005 -9"><span class='ocrx_word' id='word_1_169' title='bbox 200 1477 489 1523; x_wconf 85' lang='grc' dir='ltr'><em>Κώνσταντος.</em></span> <span class='ocrx_word' id='word_1_170' title='bbox 552 1476 576 1517; x_wconf 84' lang='lat' dir='ltr'><em>oe</em></span> <span class='ocrx_word' id='word_1_171' title='bbox 609 1475 655 1517; x_wconf 77' lang='grc' dir='ltr'><em>δὲ</em></span> <span class='ocrx_word' id='word_1_172' title='bbox 686 1475 730 1516; x_wconf 81' lang='grc' dir='ltr'><em>ἓν</em></span> <span class='ocrx_word' id='word_1_173' title='bbox 762 1473 896 1528; x_wconf 83' lang='grc' dir='ltr'><em>Δακίᾳ</em></span> <span class='ocrx_word' id='word_1_174' title='bbox 933 1474 1172 1528; x_wconf 81' lang='grc' dir='ltr'><em>ἀποδημῶν</em></span> <span class='ocrx_word' id='word_1_175' title='bbox 1208 1472 1279 1514; x_wconf 80' lang='grc' dir='ltr'><em>καὶ</em></span> <span class='ocrx_word' id='word_1_176' title='bbox 1318 1471 1393 1527; x_wconf 84' lang='grc' dir='ltr'><em>τὴν</em></span> <span class='ocrx_word' id='word_1_177' title='bbox 1431 1471 1590 1526; x_wconf 83' lang='grc' dir='ltr'><em>κίνησιν</em></span> <span class='ocrx_word' id='word_1_178' title='bbox 1625 1470 1736 1512; x_wconf 82' lang='grc' dir='ltr'><em>τοῦ9</em></span> 
     </span>
    </p>
   </div>
   <div class='ocr_carea' id='block_1_3' title="bbox 198 1603 1701 1749">
    <p class='ocr_par' dir='ltr' id='par_1_3' title="bbox 198 1603 1701 1749">
     <span class='ocr_line' id='line_1_20' title="bbox 201 1603 1701 1652; baseline -0.004 -9"><span class='ocrx_word' id='word_1_179' title='bbox 201 1608 219 1642; x_wconf 96' lang='grc'>1</span> <span class='ocrx_word' id='word_1_180' title='bbox 247 1609 389 1643; x_wconf 81' lang='grc' dir='ltr'><em>Κοττίαι</em></span> <span class='ocrx_word' id='word_1_181' title='bbox 416 1607 679 1652; x_wconf 76' lang='grc' dir='ltr'><em>ὠνομάσθησαν</em></span> <span class='ocrx_word' id='word_1_182' title='bbox 705 1605 774 1641; x_wconf 83' lang='grc' dir='ltr'><em>ἀπὸ</em></span> <span class='ocrx_word' id='word_1_183' title='bbox 801 1606 949 1641; x_wconf 79' lang='grc' dir='ltr'><em>Κοττιόυ</em></span> <span class='ocrx_word' id='word_1_184' title='bbox 983 1604 1157 1649; x_wconf 86' lang='grc' dir='ltr'><em>βασιλέως</em></span> <span class='ocrx_word' id='word_1_185' title='bbox 1189 1608 1259 1639; x_wconf 86' lang='grc' dir='ltr'><em>τῶν</em></span> <span class='ocrx_word' id='word_1_186' title='bbox 1292 1605 1410 1639; x_wconf 89' lang='grc' dir='ltr'><em>τόπων</em></span> <span class='ocrx_word' id='word_1_187' title='bbox 1443 1603 1576 1638; x_wconf 87' lang='grc' dir='ltr'><em>τούτων</em></span> <span class='ocrx_word' id='word_1_188' title='bbox 1608 1615 1701 1647; x_wconf 86' lang='grc' dir='ltr'><em>γενο-</em></span> 
     </span>
     <span class='ocr_line' id='line_1_21' title="bbox 198 1650 1701 1701; baseline -0.005 -9"><span class='ocrx_word' id='word_1_189' title='bbox 198 1656 305 1701; x_wconf 84' lang='grc' dir='ltr'><em>μένου</em></span> <span class='ocrx_word' id='word_1_190' title='bbox 329 1654 358 1692; x_wconf 88' lang='lat' dir='ltr'>C</span> <span class='ocrx_word' id='word_1_191' title='bbox 385 1657 436 1698; x_wconf 90' lang='lat' dir='ltr'><em>(v.</em></span> <span class='ocrx_word' id='word_1_192' title='bbox 464 1666 557 1690; x_wconf 85' lang='lat' dir='ltr'>ann.</span> <span class='ocrx_word' id='word_1_193' title='bbox 584 1666 637 1690; x_wconf 84' lang='lat' dir='ltr'>cr.</span> <span class='ocrx_word' id='word_1_194' title='bbox 665 1664 723 1689; x_wconf 84' lang='lat' dir='ltr'><em>vs.</em></span> <span class='ocrx_word' id='word_1_195' title='bbox 739 1654 773 1694; x_wconf 91' lang='lat'><em>1)</em></span> <span class='ocrx_word' id='word_1_196' title='bbox 897 1653 940 1688; x_wconf 92' lang='lat'><em>11</em></span> <span class='ocrx_word' id='word_1_197' title='bbox 969 1654 1018 1688; x_wconf 88' lang='grc' dir='ltr'><em>ὅτι</em></span> <span class='ocrx_word' id='word_1_198' title='bbox 1046 1654 1067 1687; x_wconf 84' lang='grc' dir='ltr'><em>ὅ</em></span> <span class='ocrx_word' id='word_1_199' title='bbox 1085 1653 1351 1691; x_wconf 88' lang='grc' dir='ltr'><em>Κωνσταντΐνος</em></span> <span class='ocrx_word' id='word_1_200' title='bbox 1375 1650 1538 1686; x_wconf 74' lang='grc' dir='ltr'><em>ἐπελθὼν</em></span> <span class='ocrx_word' id='word_1_201' title='bbox 1564 1655 1613 1694; x_wconf 84' lang='grc' dir='ltr'><em>τῷ</em></span> <span class='ocrx_word' id='word_1_202' title='bbox 1639 1655 1701 1685; x_wconf 84' lang='grc' dir='ltr'><em>τοῦ</em></span> 
     </span>
     <span class='ocr_line' id='line_1_22' title="bbox 199 1698 1701 1749; baseline -0.003 -10"><span class='ocrx_word' id='word_1_203' title='bbox 199 1704 428 1743; x_wconf 84' lang='grc' dir='ltr'><em>Κώνσταντος</em></span> <span class='ocrx_word' id='word_1_204' title='bbox 452 1704 549 1749; x_wconf 89' lang='grc' dir='ltr'><em>λάχει</em></span> <span class='ocrx_word' id='word_1_205' title='bbox 576 1702 627 1745; x_wconf 88' lang='grc' dir='ltr'><em>(τὸ</em></span> <span class='ocrx_word' id='word_1_206' title='bbox 653 1707 713 1738; x_wconf 88' lang='grc' dir='ltr'><em>τοῦ</em></span> <span class='ocrx_word' id='word_1_207' title='bbox 731 1701 960 1740; x_wconf 85' lang='grc' dir='ltr'><em>Κώνσταντος</em></span> <span class='ocrx_word' id='word_1_208' title='bbox 987 1699 1150 1736; x_wconf 78' lang='grc' dir='ltr'><em>ἐπελθὼν</em></span> <span class='ocrx_word' id='word_1_209' title='bbox 1175 1701 1275 1746; x_wconf 88' lang='grc' dir='ltr'><em>λάχει</em></span> <span class='ocrx_word' id='word_1_210' title='bbox 1303 1700 1349 1745; x_wconf 89' lang='grc' dir='ltr'><em>Ε)</em></span> <span class='ocrx_word' id='word_1_211' title='bbox 1375 1699 1511 1746; x_wconf 77' lang='grc' dir='ltr'><em>ἡττήθη</em></span> <span class='ocrx_word' id='word_1_212' title='bbox 1539 1698 1600 1734; x_wconf 84' lang='grc' dir='ltr'><em>καὶ</em></span> <span class='ocrx_word' id='word_1_213' title='bbox 1619 1698 1701 1744; x_wconf 84' lang='grc' dir='ltr'><em>ἀνῃ-</em></span> 
     </span>
    </p>
   </div>
   <div class='ocr_carea' id='block_1_4' title="bbox 0 1668 380 1880">
    <p class='ocr_par' dir='ltr' id='par_1_4' title="bbox 0 1668 380 1880">
     <span class='ocr_line' id='line_1_23' title="bbox 0 1668 27 1698; baseline 0.111 -3"><span class='ocrx_word' id='word_1_214' title='bbox 0 1668 27 1698; x_wconf 48' lang='lat' dir='ltr'><em>i„</em></span> 
     </span>
     <span class='ocr_line' id='line_1_24' title="bbox 0 1702 380 1853; baseline -0.003 -65"><span class='ocrx_word' id='word_1_215' title='bbox 0 1702 26 1853; x_wconf 37' lang='grc' dir='ltr'><em>ἐξ</em></span> <span class='ocrx_word' id='word_1_216' title='bbox 199 1753 289 1798; x_wconf 76' lang='grc' dir='ltr'><em>ρέθη</em></span> <span class='ocrx_word' id='word_1_217' title='bbox 317 1751 380 1788; x_wconf 83' lang='lat' dir='ltr'><em>CE</em></span> 
     </span>
     <span class='ocr_line' id='line_1_25' title="bbox 0 1851 17 1880; baseline 0 0"><span class='ocrx_word' id='word_1_218' title='bbox 0 1851 17 1880; x_wconf 67' lang='grc' dir='ltr'>Ε</span> 
     </span>
    </p>
   </div>
   <div class='ocr_carea' id='block_1_5' title="bbox 272 1869 1703 2204">
    <p class='ocr_par' dir='ltr' id='par_1_5' title="bbox 272 1869 1703 2204">
     <span class='ocr_line' id='line_1_26' title="bbox 274 1869 1702 1915; baseline -0.003 -9"><span class='ocrx_word' id='word_1_219' title='bbox 274 1873 291 1906; x_wconf 93' lang='grc'>1</span> <span class='ocrx_word' id='word_1_220' title='bbox 319 1873 459 1908; x_wconf 85' lang='grc' dir='ltr'><em>Κοττιάι</em></span> <span class='ocrx_word' id='word_1_221' title='bbox 477 1870 516 1907; x_wconf 82' lang='grc' dir='ltr'><em>δὲ</em></span> <span class='ocrx_word' id='word_1_222' title='bbox 530 1891 573 1896; x_wconf 93' lang='grc'><strong>-</strong></span> <span class='ocrx_word' id='word_1_223' title='bbox 587 1871 610 1906; x_wconf 78' lang='grc'>2</span> <span class='ocrx_word' id='word_1_224' title='bbox 636 1871 769 1906; x_wconf 86' lang='grc' dir='ltr'><em>τούτων</em></span> <span class='ocrx_word' id='word_1_225' title='bbox 787 1870 973 1915; x_wconf 80' lang='grc' dir='ltr'><em>γενομένου</em></span> <span class='ocrx_word' id='word_1_226' title='bbox 994 1880 1069 1905; x_wconf 88' lang='lat' dir='ltr'><em>om.</em></span> <span class='ocrx_word' id='word_1_227' title='bbox 1088 1869 1163 1912; x_wconf 82' lang='lat' dir='ltr'><em>BC,</em></span> <span class='ocrx_word' id='word_1_228' title='bbox 1191 1869 1314 1904; x_wconf 83' lang='lat' dir='ltr'>habet</span> <span class='ocrx_word' id='word_1_229' title='bbox 1332 1870 1438 1904; x_wconf 74' lang='lat' dir='ltr'>inter</span> <span class='ocrx_word' id='word_1_230' title='bbox 1458 1871 1702 1914; x_wconf 80' lang='lat' dir='ltr'>argumenta</span> 
     </span>
     <span class='ocr_line' id='line_1_27' title="bbox 273 1914 1702 1965; baseline -0.004 -9"><span class='ocrx_word' id='word_1_231' title='bbox 273 1919 302 1956; x_wconf 93' lang='lat' dir='ltr'>C</span> <span class='ocrx_word' id='word_1_232' title='bbox 400 1920 422 1956; x_wconf 90' lang='lat'><strong>3</strong></span> <span class='ocrx_word' id='word_1_233' title='bbox 447 1918 677 1965; x_wconf 62' lang='grc' dir='ltr'><em>ππ’ρ’ρηναῖον</em></span> <span class='ocrx_word' id='word_1_234' title='bbox 694 1917 740 1962; x_wconf 77' lang='grc' dir='ltr'><em>Α,</em></span> <span class='ocrx_word' id='word_1_235' title='bbox 767 1924 977 1964; x_wconf 85' lang='grc' dir='ltr'><em>τυρρηναΐον</em></span> <span class='ocrx_word' id='word_1_236' title='bbox 995 1917 1035 1957; x_wconf 84' lang='lat' dir='ltr'><em>C,</em></span> <span class='ocrx_word' id='word_1_237' title='bbox 1061 1923 1257 1963; x_wconf 82' lang='grc' dir='ltr'><em>πυρηναῒον</em></span> <span class='ocrx_word' id='word_1_238' title='bbox 1276 1915 1434 1963; x_wconf 81' lang='lat' dir='ltr'><em>prDi</em></span> <span class='ocrx_word' id='word_1_239' title='bbox 1531 1916 1649 1960; x_wconf 85' lang='grc' dir='ltr'><em>κλῆμα</em></span> <span class='ocrx_word' id='word_1_240' title='bbox 1668 1914 1702 1950; x_wconf 91' lang='grc' dir='ltr'><strong>Α</strong></span> 
     </span>
     <span class='ocr_line' id='line_1_28' title="bbox 272 1963 1703 2012; baseline -0.003 -9"><span class='ocrx_word' id='word_1_241' title='bbox 272 1967 295 2003; x_wconf 86' lang='grc'><strong>4</strong></span> <span class='ocrx_word' id='word_1_242' title='bbox 320 1974 370 2012; x_wconf 81' lang='grc' dir='ltr'><em>τῷ</em></span> <span class='ocrx_word' id='word_1_243' title='bbox 399 1979 459 2003; x_wconf 90' lang='lat' dir='ltr'><em>om</em></span> <span class='ocrx_word' id='word_1_244' title='bbox 488 1966 552 2003; x_wconf 90' lang='lat' dir='ltr'><em>BC</em></span> <span class='ocrx_word' id='word_1_245' title='bbox 685 1972 734 2011; x_wconf 86' lang='grc' dir='ltr'><em>τῷ</em></span> <span class='ocrx_word' id='word_1_246' title='bbox 761 1968 987 2011; x_wconf 84' lang='grc' dir='ltr'><em>κωνσταντίῳ</em></span> <span class='ocrx_word' id='word_1_247' title='bbox 1014 1965 1116 2011; x_wconf 85' lang='lat' dir='ltr'>pr</span> <span class='ocrx_word' id='word_1_248' title='bbox 1251 1964 1284 2000; x_wconf 82' lang='lat'><em>5.</em></span> <span class='ocrx_word' id='word_1_249' title='bbox 1311 1965 1334 2000; x_wconf 88' lang='lat'>8</span> <span class='ocrx_word' id='word_1_250' title='bbox 1359 1965 1452 2000; x_wconf 81' lang='grc' dir='ltr'><em>ἕῶαν</em></span> <span class='ocrx_word' id='word_1_251' title='bbox 1478 1963 1525 2006; x_wconf 91' lang='lat' dir='ltr'><em>A,</em></span> <span class='ocrx_word' id='word_1_252' title='bbox 1551 1964 1644 1999; x_wconf 83' lang='grc' dir='ltr'><em>ἑώαν</em></span> <span class='ocrx_word' id='word_1_253' title='bbox 1670 1963 1703 1998; x_wconf 80' lang='lat' dir='ltr'>R</span> 
     </span>
     <span class='ocr_line' id='line_1_29' title="bbox 275 2010 1702 2059; baseline -0.003 -9"><span class='ocrx_word' id='word_1_254' title='bbox 275 2016 479 2056; x_wconf 84' lang='lat' dir='ltr'>(omittunt</span> <span class='ocrx_word' id='word_1_255' title='bbox 510 2014 581 2050; x_wconf 87' lang='lat' dir='ltr'><em>AR</em></span> <span class='ocrx_word' id='word_1_256' title='bbox 618 2018 851 2050; x_wconf 78' lang='lat' dir='ltr'>constanter</span> <span class='ocrx_word' id='word_1_257' title='bbox 886 2015 969 2049; x_wconf 86' lang='lat' dir='ltr'>iota</span> <span class='ocrx_word' id='word_1_258' title='bbox 1008 2014 1279 2059; x_wconf 81' lang='lat' dir='ltr'>subscriptum</span> <span class='ocrx_word' id='word_1_259' title='bbox 1324 2013 1444 2048; x_wconf 84' lang='lat' dir='ltr'>huius</span> <span class='ocrx_word' id='word_1_260' title='bbox 1484 2010 1702 2055; x_wconf 78' lang='lat' dir='ltr'><strong>vocabuli),</strong></span> 
     </span>
     <span class='ocr_line' id='line_1_30' title="bbox 272 2060 1703 2109; baseline -0.003 -11"><span class='ocrx_word' id='word_1_261' title='bbox 272 2062 366 2108; x_wconf 75' lang='grc' dir='ltr'><em>ἑῴαν</em></span> <span class='ocrx_word' id='word_1_262' title='bbox 383 2061 506 2109; x_wconf 76' lang='lat' dir='ltr'><em>wpDi</em></span> <span class='ocrx_word' id='word_1_263' title='bbox 593 2062 615 2098; x_wconf 85' lang='lat'>5</span> <span class='ocrx_word' id='word_1_264' title='bbox 640 2063 688 2097; x_wconf 82' lang='grc' dir='ltr'><em>ἕω</em></span> <span class='ocrx_word' id='word_1_265' title='bbox 705 2062 734 2096; x_wconf 87' lang='grc' dir='ltr'>Β</span> <span class='ocrx_word' id='word_1_266' title='bbox 821 2063 852 2098; x_wconf 90' lang='grc'><em>9.</em></span> <span class='ocrx_word' id='word_1_267' title='bbox 875 2062 920 2097; x_wconf 90' lang='grc'><em>10</em></span> <span class='ocrx_word' id='word_1_268' title='bbox 945 2061 1048 2107; x_wconf 86' lang='grc' dir='ltr'><em>γνοὺς</em></span> <span class='ocrx_word' id='word_1_269' title='bbox 1062 2065 1153 2108; x_wconf 73' lang='lat' dir='ltr'>post</span> <span class='ocrx_word' id='word_1_270' title='bbox 1166 2061 1363 2096; x_wconf 79' lang='grc' dir='ltr'><em>θάνατονΕ</em></span> <span class='ocrx_word' id='word_1_271' title='bbox 1451 2060 1496 2095; x_wconf 92' lang='grc'><em>10</em></span> <span class='ocrx_word' id='word_1_272' title='bbox 1522 2060 1703 2104; x_wconf 72' lang='grc' dir='ltr'><em>ρ’ωμαίους</em></span> 
     </span>
     <span class='ocr_line' id='line_1_31' title="bbox 274 2108 1703 2157; baseline -0.003 -11"><span class='ocrx_word' id='word_1_273' title='bbox 274 2111 373 2157; x_wconf 82' lang='lat' dir='ltr'>pr</span> <span class='ocrx_word' id='word_1_274' title='bbox 466 2111 522 2146; x_wconf 88' lang='lat'><em>13.</em></span> <span class='ocrx_word' id='word_1_275' title='bbox 542 2110 587 2145; x_wconf 89' lang='lat'><em>14</em></span> <span class='ocrx_word' id='word_1_276' title='bbox 611 2110 710 2146; x_wconf 83' lang='grc' dir='ltr'><em>ἀναδ,</em></span> <span class='ocrx_word' id='word_1_277' title='bbox 728 2114 788 2156; x_wconf 85' lang='grc' dir='ltr'><em>τῆς</em></span> <span class='ocrx_word' id='word_1_278' title='bbox 807 2109 854 2154; x_wconf 85' lang='lat' dir='ltr'><em>D,</em></span> <span class='ocrx_word' id='word_1_279' title='bbox 882 2120 984 2145; x_wconf 83' lang='lat' dir='ltr'>corr.</span> <span class='ocrx_word' id='word_1_280' title='bbox 998 2109 1068 2148; x_wconf 90' lang='lat' dir='ltr'><em>Dw</em></span> <span class='ocrx_word' id='word_1_281' title='bbox 1166 2109 1211 2145; x_wconf 85' lang='lat'><em>15</em></span> <span class='ocrx_word' id='word_1_282' title='bbox 1237 2109 1381 2145; x_wconf 83' lang='grc' dir='ltr'><em>καὶτῶν</em></span> <span class='ocrx_word' id='word_1_283' title='bbox 1397 2129 1439 2134; x_wconf 94' lang='grc'><em>--</em></span> <span class='ocrx_word' id='word_1_284' title='bbox 1457 2108 1502 2143; x_wconf 92' lang='grc'><em>16</em></span> <span class='ocrx_word' id='word_1_285' title='bbox 1527 2108 1703 2153; x_wconf 80' lang='grc' dir='ltr'><em>ἀντείχετο</em></span> 
     </span>
     <span class='ocr_line' id='line_1_32' title="bbox 276 2156 1173 2204; baseline -0.002 -9"><span class='ocrx_word' id='word_1_286' title='bbox 276 2170 350 2195; x_wconf 88' lang='lat' dir='ltr'><em>om.</em></span> <span class='ocrx_word' id='word_1_287' title='bbox 378 2156 447 2194; x_wconf 89' lang='grc' dir='ltr'><em>ΑΕ</em></span> <span class='ocrx_word' id='word_1_288' title='bbox 546 2158 590 2194; x_wconf 83' lang='grc'><em>17</em></span> <span class='ocrx_word' id='word_1_289' title='bbox 615 2157 702 2204; x_wconf 83' lang='grc' dir='ltr'><em>ᾗρεν</em></span> <span class='ocrx_word' id='word_1_290' title='bbox 727 2156 943 2203; x_wconf 81' lang='lat' dir='ltr'>ACwap,</span> <span class='ocrx_word' id='word_1_291' title='bbox 969 2157 1054 2204; x_wconf 87' lang='grc' dir='ltr'><em>ἦρεν</em></span> <span class='ocrx_word' id='word_1_292' title='bbox 1080 2156 1173 2193; x_wconf 75' lang='lat' dir='ltr'><em>RDi</em></span> 
     </span>
    </p>
   </div>
   <div class='ocr_carea' id='block_1_6' title="bbox 203 2285 1743 2907">
    <p class='ocr_par' dir='ltr' id='par_1_6' title="bbox 203 2285 1743 2907">
     <span class='ocr_line' id='line_1_33' title="bbox 203 2285 1704 2333; baseline -0.003 -10"><span class='ocrx_word' id='word_1_293' title='bbox 203 2290 318 2333; x_wconf 87' lang='lat' dir='ltr'>rege)</span> <span class='ocrx_word' id='word_1_294' title='bbox 345 2291 384 2323; x_wconf 88' lang='lat' dir='ltr'><em>et</em></span> <span class='ocrx_word' id='word_1_295' title='bbox 410 2287 666 2332; x_wconf 75' lang='lat' dir='ltr'>Pyrenaeum</span> <span class='ocrx_word' id='word_1_296' title='bbox 694 2290 867 2322; x_wconf 84' lang='lat' dir='ltr'>tractum</span> <span class='ocrx_word' id='word_1_297' title='bbox 895 2297 1025 2332; x_wconf 82' lang='lat' dir='ltr'>usque</span> <span class='ocrx_word' id='word_1_298' title='bbox 1051 2286 1101 2321; x_wconf 88' lang='lat' dir='ltr'><em>ad</em></span> <span class='ocrx_word' id='word_1_299' title='bbox 1130 2285 1295 2321; x_wconf 77' lang='lat' dir='ltr'>Mauros</span> <span class='ocrx_word' id='word_1_300' title='bbox 1319 2286 1470 2322; x_wconf 80' lang='lat' dir='ltr'>Oceani</span> <span class='ocrx_word' id='word_1_301' title='bbox 1498 2286 1600 2321; x_wconf 87' lang='lat' dir='ltr'>freto</span> <span class='ocrx_word' id='word_1_302' title='bbox 1629 2285 1704 2319; x_wconf 87' lang='lat' dir='ltr'>dir-</span> 
     </span>
     <span class='ocr_line' id='line_1_34' title="bbox 204 2326 1741 2381; baseline -0.003 -10"><span class='ocrx_word' id='word_1_303' title='bbox 204 2339 378 2381; x_wconf 76' lang='lat' dir='ltr'>emptos3</span> <span class='ocrx_word' id='word_1_304' title='bbox 417 2334 686 2371; x_wconf 73' lang='lat' dir='ltr'>CONSTANTIO</span> <span class='ocrx_word' id='word_1_305' title='bbox 714 2345 762 2370; x_wconf 83' lang='lat' dir='ltr'><em>ea</em></span> <span class='ocrx_word' id='word_1_306' title='bbox 790 2335 1015 2375; x_wconf 80' lang='lat' dir='ltr'>obvenisse,</span> <span class='ocrx_word' id='word_1_307' title='bbox 1052 2344 1158 2379; x_wconf 89' lang='lat' dir='ltr'>quae</span> <span class='ocrx_word' id='word_1_308' title='bbox 1194 2334 1235 2369; x_wconf 91' lang='lat' dir='ltr'><em>in</em></span> <span class='ocrx_word' id='word_1_309' title='bbox 1269 2334 1454 2370; x_wconf 78' lang='lat' dir='ltr'>oi·1entali</span> <span class='ocrx_word' id='word_1_310' title='bbox 1487 2337 1604 2379; x_wconf 87' lang='lat' dir='ltr'>parte</span> <span class='ocrx_word' id='word_1_311' title='bbox 1630 2326 1741 2367; x_wconf 61' lang='lat' dir='ltr'>lto-4</span> 
     </span>
     <span class='ocr_line' id='line_1_35' title="bbox 204 2382 1646 2428; baseline -0.001 -10"><span class='ocrx_word' id='word_1_312' title='bbox 204 2393 350 2418; x_wconf 86' lang='lat' dir='ltr'>manac</span> <span class='ocrx_word' id='word_1_313' title='bbox 377 2382 547 2418; x_wconf 87' lang='lat' dir='ltr'>dicionis</span> <span class='ocrx_word' id='word_1_314' title='bbox 574 2386 690 2418; x_wconf 84' lang='lat' dir='ltr'>erant</span> <span class='ocrx_word' id='word_1_315' title='bbox 717 2386 755 2418; x_wconf 83' lang='lat' dir='ltr'><em>et</em></span> <span class='ocrx_word' id='word_1_316' title='bbox 782 2384 948 2428; x_wconf 79' lang='lat' dir='ltr'>insuper</span> <span class='ocrx_word' id='word_1_317' title='bbox 974 2382 1189 2417; x_wconf 81' lang='lat' dir='ltr'>Thraciam</span> <span class='ocrx_word' id='word_1_318' title='bbox 1217 2392 1307 2417; x_wconf 89' lang='lat' dir='ltr'><em>cum</em></span> <span class='ocrx_word' id='word_1_319' title='bbox 1334 2382 1437 2417; x_wconf 87' lang='lat' dir='ltr'>urbe</span> <span class='ocrx_word' id='word_1_320' title='bbox 1463 2384 1646 2427; x_wconf 83' lang='lat' dir='ltr'>paterna.</span> 
     </span>
     <span class='ocr_line' id='line_1_36' title="bbox 323 2422 1741 2476; baseline -0.002 -10"><span class='ocrx_word' id='word_1_321' title='bbox 323 2431 411 2466; x_wconf 81' lang='lat' dir='ltr'><em>Hac</em></span> <span class='ocrx_word' id='word_1_322' title='bbox 437 2441 534 2466; x_wconf 89' lang='lat' dir='ltr'>vero</span> <span class='ocrx_word' id='word_1_323' title='bbox 563 2431 779 2476; x_wconf 74' lang='lat' dir='ltr'>partitione</span> <span class='ocrx_word' id='word_1_324' title='bbox 805 2431 922 2475; x_wconf 76' lang='lat' dir='ltr'>regni</span> <span class='ocrx_word' id='word_1_325' title='bbox 950 2432 1058 2465; x_wconf 79' lang='lat' dir='ltr'>faeta</span> <span class='ocrx_word' id='word_1_326' title='bbox 1086 2430 1344 2465; x_wconf 80' lang='lat' dir='ltr'>Constantius</span> <span class='ocrx_word' id='word_1_327' title='bbox 1371 2430 1411 2464; x_wconf 92' lang='lat' dir='ltr'><em>in</em></span> <span class='ocrx_word' id='word_1_328' title='bbox 1431 2429 1633 2465; x_wconf 78' lang='lat' dir='ltr'>Orientem</span> <span class='ocrx_word' id='word_1_329' title='bbox 1662 2422 1741 2463; x_wconf 84' lang='lat' dir='ltr'><em>se5</em></span> 
     </span>
     <span class='ocr_line' id='line_1_37' title="bbox 206 2471 1741 2524; baseline -0.003 -10"><span class='ocrx_word' id='word_1_330' title='bbox 206 2478 374 2514; x_wconf 80' lang='lat' dir='ltr'>contulit</span> <span class='ocrx_word' id='word_1_331' title='bbox 394 2482 534 2514; x_wconf 87' lang='lat' dir='ltr'>contra</span> <span class='ocrx_word' id='word_1_332' title='bbox 550 2478 694 2514; x_wconf 79' lang='lat' dir='ltr'>Persas</span> <span class='ocrx_word' id='word_1_333' title='bbox 714 2479 981 2524; x_wconf 85' lang='lat' dir='ltr'>profecturus.</span> <span class='ocrx_word' id='word_1_334' title='bbox 1032 2477 1133 2514; x_wconf 88' lang='lat' dir='ltr'><em>Nam</em></span> <span class='ocrx_word' id='word_1_335' title='bbox 1153 2488 1292 2513; x_wconf 83' lang='lat' dir='ltr'>eorum</span> <span class='ocrx_word' id='word_1_336' title='bbox 1313 2478 1397 2512; x_wconf 84' lang='lat' dir='ltr'><em>dux</em></span> <span class='ocrx_word' id='word_1_337' title='bbox 1417 2476 1546 2522; x_wconf 85' lang='lat' dir='ltr'>Sapor</span> <span class='ocrx_word' id='word_1_338' title='bbox 1565 2476 1706 2512; x_wconf 83' lang='lat' dir='ltr'>audita</span> <span class='ocrx_word' id='word_1_339' title='bbox 1719 2471 1741 2505; x_wconf 86' lang='grc'>6</span> 
     </span>
     <span class='ocr_line' id='line_1_38' title="bbox 206 2525 1706 2572; baseline -0.002 -10"><span class='ocrx_word' id='word_1_340' title='bbox 206 2526 459 2562; x_wconf 79' lang='lat' dir='ltr'>Constantini</span> <span class='ocrx_word' id='word_1_341' title='bbox 490 2525 628 2572; x_wconf 84' lang='lat' dir='ltr'>Magni</span> <span class='ocrx_word' id='word_1_342' title='bbox 660 2530 789 2562; x_wconf 86' lang='lat' dir='ltr'>morte</span> <span class='ocrx_word' id='word_1_343' title='bbox 817 2526 1090 2561; x_wconf 80' lang='lat' dir='ltr'>Romanorum</span> <span class='ocrx_word' id='word_1_344' title='bbox 1128 2526 1413 2570; x_wconf 84' lang='lat' dir='ltr'>stipendiarios</span> <span class='ocrx_word' id='word_1_345' title='bbox 1448 2525 1622 2570; x_wconf 59' lang='lat' dir='ltr'>aggredi</span> <span class='ocrx_word' id='word_1_346' title='bbox 1657 2534 1706 2559; x_wconf 84' lang='lat' dir='ltr'><em>ae</em></span> 
     </span>
     <span class='ocr_line' id='line_1_39' title="bbox 206 2567 1741 2620; baseline -0.001 -11"><span class='ocrx_word' id='word_1_347' title='bbox 206 2574 391 2620; x_wconf 82' lang='lat' dir='ltr'>populari</span> <span class='ocrx_word' id='word_1_348' title='bbox 419 2585 500 2609; x_wconf 87' lang='lat' dir='ltr'><em>non</em></span> <span class='ocrx_word' id='word_1_349' title='bbox 529 2574 750 2610; x_wconf 83' lang='lat' dir='ltr'>desinebat.</span> <span class='ocrx_word' id='word_1_350' title='bbox 802 2574 963 2609; x_wconf 73' lang='lat' dir='ltr'>Interea</span> <span class='ocrx_word' id='word_1_351' title='bbox 985 2573 1272 2609; x_wconf 69' lang='lat' dir='ltr'>Constantinus</span> <span class='ocrx_word' id='word_1_352' title='bbox 1292 2572 1501 2609; x_wconf 83' lang='lat' dir='ltr'>Constanti</span> <span class='ocrx_word' id='word_1_353' title='bbox 1527 2567 1741 2608; x_wconf 76' lang='lat' dir='ltr'>instabat‘l</span> 
     </span>
     <span class='ocr_line' id='line_1_40' title="bbox 207 2621 1706 2668; baseline -0.001 -11"><span class='ocrx_word' id='word_1_354' title='bbox 207 2622 258 2657; x_wconf 91' lang='lat' dir='ltr'><em>ob</em></span> <span class='ocrx_word' id='word_1_355' title='bbox 285 2622 542 2668; x_wconf 84' lang='lat' dir='ltr'>partitionem</span> <span class='ocrx_word' id='word_1_356' title='bbox 569 2622 870 2667; x_wconf 77' lang='lat' dir='ltr'>provinciarum</span> <span class='ocrx_word' id='word_1_357' title='bbox 900 2626 1053 2668; x_wconf 81' lang='lat' dir='ltr'>petens,</span> <span class='ocrx_word' id='word_1_358' title='bbox 1090 2625 1133 2656; x_wconf 90' lang='lat' dir='ltr'><em>ut</em></span> <span class='ocrx_word' id='word_1_359' title='bbox 1161 2626 1232 2656; x_wconf 86' lang='lat' dir='ltr'><em>aut</em></span> <span class='ocrx_word' id='word_1_360' title='bbox 1259 2625 1373 2666; x_wconf 83' lang='lat' dir='ltr'>parte</span> <span class='ocrx_word' id='word_1_361' title='bbox 1400 2622 1517 2666; x_wconf 83' lang='lat' dir='ltr'>regni</span> <span class='ocrx_word' id='word_1_362' title='bbox 1544 2621 1619 2655; x_wconf 88' lang='lat' dir='ltr'>sibi</span> <span class='ocrx_word' id='word_1_363' title='bbox 1646 2631 1706 2655; x_wconf 85' lang='lat' dir='ltr'><em>ce-</em></span> 
     </span>
     <span class='ocr_line' id='line_1_41' title="bbox 207 2669 1706 2716; baseline 0 -12"><span class='ocrx_word' id='word_1_364' title='bbox 207 2669 320 2705; x_wconf 84' lang='lat' dir='ltr'>deret</span> <span class='ocrx_word' id='word_1_365' title='bbox 347 2673 418 2704; x_wconf 86' lang='lat' dir='ltr'><em>aut</em></span> <span class='ocrx_word' id='word_1_366' title='bbox 445 2670 494 2704; x_wconf 85' lang='lat' dir='ltr'><em>de</em></span> <span class='ocrx_word' id='word_1_367' title='bbox 520 2670 680 2716; x_wconf 83' lang='lat' dir='ltr'>integro</span> <span class='ocrx_word' id='word_1_368' title='bbox 709 2670 988 2705; x_wconf 80' lang='lat' dir='ltr'>institueretur</span> <span class='ocrx_word' id='word_1_369' title='bbox 1011 2669 1172 2714; x_wconf 83' lang='lat' dir='ltr'>partitio</span> <span class='ocrx_word' id='word_1_370' title='bbox 1193 2669 1364 2704; x_wconf 85' lang='lat' dir='ltr'>duorum</span> <span class='ocrx_word' id='word_1_371' title='bbox 1384 2669 1542 2704; x_wconf 85' lang='lat' dir='ltr'>illorum</span> <span class='ocrx_word' id='word_1_372' title='bbox 1562 2679 1706 2713; x_wconf 74' lang='lat' dir='ltr'>regno-</span> 
     </span>
     <span class='ocr_line' id='line_1_42' title="bbox 206 2712 1743 2762; baseline -0.001 -10"><span class='ocrx_word' id='word_1_373' title='bbox 206 2727 307 2752; x_wconf 89' lang='lat' dir='ltr'>rum.</span> <span class='ocrx_word' id='word_1_374' title='bbox 359 2716 456 2752; x_wconf 85' lang='lat' dir='ltr'><em>Cum</em></span> <span class='ocrx_word' id='word_1_375' title='bbox 491 2722 626 2753; x_wconf 85' lang='lat' dir='ltr'>autem</span> <span class='ocrx_word' id='word_1_376' title='bbox 662 2717 727 2753; x_wconf 84' lang='lat' dir='ltr'>ille</span> <span class='ocrx_word' id='word_1_377' title='bbox 761 2717 961 2753; x_wconf 82' lang='lat' dir='ltr'>divisione</span> <span class='ocrx_word' id='word_1_378' title='bbox 992 2718 1071 2752; x_wconf 78' lang='lat' dir='ltr'>iani</span> <span class='ocrx_word' id='word_1_379' title='bbox 1104 2718 1213 2751; x_wconf 80' lang='lat' dir='ltr'>facta</span> <span class='ocrx_word' id='word_1_380' title='bbox 1246 2717 1444 2752; x_wconf 82' lang='lat' dir='ltr'>niteretur</span> <span class='ocrx_word' id='word_1_381' title='bbox 1471 2720 1509 2752; x_wconf 92' lang='lat' dir='ltr'><em>et</em></span> <span class='ocrx_word' id='word_1_382' title='bbox 1536 2726 1642 2762; x_wconf 79' lang='lat' dir='ltr'>quae</span> <span class='ocrx_word' id='word_1_383' title='bbox 1669 2712 1743 2751; x_wconf 75' lang='lat' dir='ltr'><em>eiS</em></span> 
     </span>
     <span class='ocr_line' id='line_1_43' title="bbox 208 2764 1704 2810; baseline -0.001 -9"><span class='ocrx_word' id='word_1_384' title='bbox 208 2765 461 2801; x_wconf 84' lang='lat' dir='ltr'>obvenerant</span> <span class='ocrx_word' id='word_1_385' title='bbox 488 2768 669 2800; x_wconf 73' lang='lat' dir='ltr'>tueretur</span> <span class='ocrx_word' id='word_1_386' title='bbox 703 2776 751 2800; x_wconf 84' lang='lat' dir='ltr'><em>ac</em></span> <span class='ocrx_word' id='word_1_387' title='bbox 782 2777 834 2801; x_wconf 86' lang='lat' dir='ltr'><em>ne</em></span> <span class='ocrx_word' id='word_1_388' title='bbox 866 2766 1073 2800; x_wconf 83' lang='lat' dir='ltr'>minimum</span> <span class='ocrx_word' id='word_1_389' title='bbox 1108 2765 1270 2810; x_wconf 70' lang='lat' dir='ltr'>quidem</span> <span class='ocrx_word' id='word_1_390' title='bbox 1304 2765 1418 2800; x_wconf 78' lang='lat' dir='ltr'>fratri</span> <span class='ocrx_word' id='word_1_391' title='bbox 1452 2764 1704 2808; x_wconf 81' lang='lat' dir='ltr'>concederet,</span> 
     </span>
     <span class='ocr_line' id='line_1_44' title="bbox 208 2811 1706 2858; baseline -0.001 -9"><span class='ocrx_word' id='word_1_392' title='bbox 208 2812 497 2849; x_wconf 83' lang='lat' dir='ltr'>Constantinus</span> <span class='ocrx_word' id='word_1_393' title='bbox 531 2813 653 2848; x_wconf 82' lang='lat' dir='ltr'>armis</span> <span class='ocrx_word' id='word_1_394' title='bbox 688 2813 885 2849; x_wconf 70' lang='lat' dir='ltr'>adversus</span> <span class='ocrx_word' id='word_1_395' title='bbox 922 2823 1013 2847; x_wconf 88' lang='lat' dir='ltr'><em>eum</em></span> <span class='ocrx_word' id='word_1_396' title='bbox 1048 2813 1175 2858; x_wconf 82' lang='lat' dir='ltr'>captis</span> <span class='ocrx_word' id='word_1_397' title='bbox 1210 2813 1442 2858; x_wconf 80' lang='lat' dir='ltr'>provincias</span> <span class='ocrx_word' id='word_1_398' title='bbox 1475 2811 1706 2849; x_wconf 83' lang='lat' dir='ltr'>Constant-is</span> 
     </span>
     <span class='ocr_line' id='line_1_45' title="bbox 208 2856 1742 2907; baseline -0.001 -9"><span class='ocrx_word' id='word_1_399' title='bbox 208 2861 366 2898; x_wconf 80' lang='lat' dir='ltr'>invasit.</span> <span class='ocrx_word' id='word_1_400' title='bbox 418 2860 493 2898; x_wconf 81' lang='lat' dir='ltr'><em>Hic</em></span> <span class='ocrx_word' id='word_1_401' title='bbox 519 2871 629 2907; x_wconf 82' lang='lat' dir='ltr'>vero,</span> <span class='ocrx_word' id='word_1_402' title='bbox 672 2871 763 2899; x_wconf 84' lang='lat' dir='ltr'><em>cum</em></span> <span class='ocrx_word' id='word_1_403' title='bbox 790 2862 830 2899; x_wconf 88' lang='lat' dir='ltr'><em>in</em></span> <span class='ocrx_word' id='word_1_404' title='bbox 857 2861 985 2898; x_wconf 81' lang='lat' dir='ltr'>Dacia</span> <span class='ocrx_word' id='word_1_405' title='bbox 1013 2861 1183 2906; x_wconf 81' lang='lat' dir='ltr'>abesset,</span> <span class='ocrx_word' id='word_1_406' title='bbox 1222 2863 1335 2900; x_wconf 82' lang='lat' dir='ltr'>motu</span> <span class='ocrx_word' id='word_1_407' title='bbox 1359 2860 1612 2901; x_wconf 79' lang='lat' dir='ltr'>Constantini</span> <span class='ocrx_word' id='word_1_408' title='bbox 1645 2856 1742 2897; x_wconf 69' lang='lat' dir='ltr'>‹zo-9</span> 
     </span>
    </p>
   </div>
  </div>
 </body>
</html>
