2054 3282
638 247 709 286 DE
734 243 965 285 IVSTITIA
991 242 1290 283 THEOPHILI.
1641 241 1711 279 357

212 371 342 415 αὐτοῦ
372 386 457 412 που
489 370 598 420 στάς,
630 370 910 427 γυμνωθῆναι
940 367 1012 410 τὸν
1034 366 1267 422 Πετρωνᾶν
1297 365 1369 409 καὶ
1399 366 1611 421 τυφθῆναι
1641 363 1713 407 καὶ

210 442 358 497 στέρνα
390 440 462 483 καὶ
492 444 604 483 νῶτα
635 440 880 494 προσέταξε,
913 437 961 480 τὰ
995 434 1032 480 δ’
1066 434 1136 479 ὑπ’
1169 436 1299 478 αὐτοῦ
1332 435 1573 491 δομηθέντα
1605 433 1714 488 πρὸς
1725 433 1772 470 34

210 511 373 567 βλάβην
403 515 476 566 τῆς
507 509 704 565 γυναικὸς
734 506 1048 562 καθαιρεθῆναι
1078 505 1296 560 καὶταύτῃ
1322 503 1713 559 προσκληρωθῆναι

210 580 282 622 καὶ
311 579 384 627 τὰς
415 579 516 626 ὕλας
546 579 618 621 καὶ
646 577 718 620 τὸν
749 577 879 619 τόπον
913 575 1051 618 αὐτόν.
1111 579 1234 618 τοῦτο
1269 574 1347 630 μὲν
1389 573 1465 616 οὗν
1502 577 1576 615 τοῦ
1619 571 1713 626 περὶ
1725 571 1772 607 35

172 648 256 691 δτὸ
298 649 459 691 δίκαιον
497 647 626 703 ζήλου
662 650 737 690 τοῦ
775 645 986 700 Θεοφίλου
1032 645 1186 700 εἴρηται
1230 643 1460 698 γνώρισμα.
1522 641 1711 696 εἰρήσθω
1725 640 1772 676 36

212 717 258 760 δέ
289 733 323 759 τι
354 717 426 759 καὶ
457 718 597 771 ἕτερον
627 720 699 771 τῆς
729 731 772 756 τε
804 714 1122 768 δικαιοπραγίας
1153 713 1312 755 ἐκείνου
1343 711 1415 754 καὶ
1445 716 1518 767 τῆς
1547 709 1642 764 περὶ
1666 709 1712 752 τὸ

210 786 404 841 ὑπήκοον
439 786 643 839 προνοίας
680 782 945 839 σημαντικόν.
1007 782 1283 836 προσώρμισέ
1317 796 1418 823 ποτε
1448 785 1510 835 τῷ
1538 779 1633 833 περὶ
1663 777 1711 820 τὰ
1725 778 1772 815 37

209 855 423 910 ἀνάκτορα
454 854 584 909 λιμένι
615 852 763 908 φορτὶς
793 852 914 907 βάρει
944 854 1030 893 τῶν
1056 851 1288 905 ἀγωγίμων
1309 849 1618 905 πεφορτισμένη
1641 847 1712 890 καὶ

207 924 344 979 τούτῳ
382 925 528 979 μέχρις
569 922 745 978 ἐσχάτου
783 922 1000 976 ζωστῆρος
1030 919 1455 974 καταβεβαπτισμένη.
1517 919 1634 972 ἔτυχε
1666 916 1712 958 δὲ
1725 917 1772 953 38

148 993 195 1030 10
206 993 439 1047 προκύψας
475 992 500 1034 ὁ
530 990 722 1047 βασιλεὺς
761 990 945 1040 ἄνωθεν,
990 988 1062 1030 καὶ
1106 987 1334 1042 θαυμάσας
1376 987 1451 1043 τὴν
1495 990 1599 1028 ναῦν
1643 985 1755 1027 διάΒ

207 1077 316 1108 τινος
358 1064 444 1103 τῶν
487 1061 603 1115 αὐτῷ
641 1060 863 1113 ἑπομένων
895 1058 1003 1104 τίνος
1033 1059 1085 1099 ἂν
1117 1058 1177 1112 εἴη
1211 1056 1405 1098 ἐπύθετο.
1469 1056 1531 1102 ὡς
1563 1054 1608 1097 δὲ
1639 1058 1711 1109 τῆς
1724 1056 1770 1091 39

209 1130 456 1185 Αὐγούστης
495 1129 595 1171 εἶναι
632 1128 859 1183 μεμάθηκε
896 1126 967 1169 καὶ
999 1127 1061 1173 (ὓς
1093 1127 1183 1180 ἄρτι
1215 1125 1382 1180 ἀνήχθη
1416 1126 1461 1174 ἐξ
1492 1123 1709 1179 ξιιπορίας,

207 1200 260 1254 ἣν
287 1199 332 1241 ἒν
352 1202 437 1245 τοῖς
456 1203 530 1254 τῆς
550 1198 712 1252 Συρίας
743 1197 783 1238 οῖ
812 1196 921 1250 πρὸς
951 1200 1025 1251 τῆς
1057 1195 1296 1250 βασιλίσσης
1327 1193 1537 1240 σταλέντες
1568 1193 1710 1247 ἐποιή-

207 1282 333 1309 σαντο
363 1268 544 1322 μέρεσιν,
577 1268 618 1308 εἴ
640 1282 675 1308 τι
705 1265 784 1320 μὲν
814 1269 899 1312 τοῖς
929 1269 1003 1306 τοῦ
1035 1264 1322 1319 πληρώματος
1342 1267 1415 1317 τῆς
1435 1261 1536 1317 νηὸς
1556 1261 1918 1315 πρόσε-ΨΙΙΙῙΙΘ

152 1337 193 1374 25
207 1351 304 1388 στιν,
337 1336 562 1390 ἐξενεγκεῖν
593 1335 734 1382 αὐτοῖς
764 1334 911 1376 αὐτίκα
948 1333 1150 1381 ἐκέλευσε,
1182 1336 1267 1374 τῶν
1300 1331 1345 1374 δὲ
1370 1335 1443 1386 τῆς
1464 1330 1711 1385 Α’ὗγούστης

21 1454 27 1457 .
206 1405 402 1459 ἅψασθαι
432 1404 626 1459 μηδενός.
688 1403 750 1450 ὡς
782 1402 828 1445 δὲ
861 1406 983 1444 τοῦτο
1018 1403 1161 1456 γέγονε
1191 1401 1262 1442 καὶ
1293 1399 1390 1446 τοὺς
1420 1399 1579 1452 ἄνδρας
1605 1399 1708 1440 ἑκεῖ-
1723 1399 1770 1435 40

50 1475 107 1512 III
123 1475 193 1512 404
207 1474 284 1515 θεν
315 1473 539 1528 ἀπήλασεν,
572 1472 703 1526 ’ὑγρὸν
734 1469 824 1513 κατ’
859 1472 988 1526 αὐτῆς
1019 1471 1220 1524 ἐπήνεγκε
1245 1473 1330 1522 πῦρ
1352 1468 1422 1510 καὶ
1444 1467 1710 1521 αὐτόφορτον

205 1542 485 1598 κατενέπρησε
515 1541 587 1584 καὶ
617 1546 667 1597 τῇ
698 1541 911 1597 βασιλίσσῃ
946 1539 1254 1594 ἕλοιδορήσατο,
1291 1536 1491 1592 “βασιλέα
1522 1536 1612 1592 „ue”
1643 1535 1708 1579 λέ-
1722 1538 1767 1573 41

206 1696 228 1734 7
251 1697 333 1743 περὶ
358 1702 418 1734 τοῦ
442 1697 565 1733 πλοίου
594 1702 653 1743 τῆς
679 1696 888 1742 Αὖγοὺστης
914 1694 1109 1742 (βασιλίδος
1137 1691 1184 1738 Α)
1212 1691 1312 1730 ACE

279 1834 303 1870 4
328 1834 386 1870 τὸν
411 1835 516 1870 τόπον
540 1833 646 1870 αὐτὸν
675 1832 941 1878 AEBswap,
967 1832 1146 1878 τοῦδαφος
1171 1832 1204 1868 R
1301 1830 1374 1876 τοῦ]
1394 1845 1429 1866 τε
1447 1830 1495 1872 Ι),
1523 1841 1624 1866 corr.
1640 1829 1709 1868 Dw

278 1882 302 1918 5
327 1882 436 1928 ζήλου
464 1887 526 1918 τοῦ
553 1893 628 1919 om.
655 1882 703 1922 D,
731 1882 862 1928 suppl.
882 1881 950 1919 Dw
1047 1881 1070 1916 6
1098 1883 1188 1926 post
1205 1879 1243 1915 τὸ
1261 1879 1352 1915 add.
1375 1880 1514 1914 δίκαιον
1532 1878 1593 1914 καὶ
1613 1878 1708 1923 Ewp

279 1931 301 1966 7
326 1936 377 1975 τῷ
405 1941 479 1966 om.
507 1929 538 1966 Ο
636 1931 659 1966 8
683 1930 793 1975 λιμένι
821 1928 967 1975 AEwp,
994 1933 1044 1973 τῷ
1071 1928 1108 1964 ἕν
1133 1929 1251 1967 αὐτοῖς
1275 1927 1385 1972 λιμένι
1414 1926 1445 1963 Ο
1547 1926 1570 1961 9
1596 1926 1708 1970 τούτῳ

280 1975 448 2023 prDz',
475 1983 575 2013 τοῦτο
602 1976 635 2013 Α
779 1977 1041 2023 βεβαπτισμένη
1070 1976 1102 2012 Ο
1263 1976 1305 2011 11
1332 1975 1546 2010 ἐπυνθάνετο
1574 1974 1708 2019 ΠΕΨΡ

282 2026 325 2061 12
350 2025 538 2071 ἔμπορειάε
556 2025 602 2070 D,
630 2026 800 2070 ἐμπορίας
818 2036 920 2061 corr.
940 2035 991 2060 ex
1009 2024 1197 2068 ἕμπορειάς
1218 2022 1252 2058 Α
1346 2024 1389 2058 16
1416 2023 1547 2067 ἄνδρας
1562 2020 1707 2067 ΑΕΝΡ,

277 2073 486 2119 ἐμπλέοντας
512 2073 544 2110 O
643 2073 688 2110 18
712 2074 970 2118 κατενέπρησεν
996 2071 1162 2118 EwpDi,
1189 2083 1226 2108 v.
1253 2071 1307 2107 ad
1336 2070 1433 2107 XIII
1463 2071 1493 2114 1,
1520 2070 1542 2106 5

205 2217 421 2254 Petu-onam
462 2217 642 2253 vestibus
675 2216 841 2262 direptis
873 2219 913 2252 et
944 2216 985 2252 in
1016 2219 1132 2261 tergo
1170 2218 1210 2251 et
1235 2216 1277 2251 in
1306 2217 1470 2260 pectore
1497 2213 1707 2249 verberari

205 2265 332 2309 iussit,
366 2268 406 2301 et
432 2274 538 2310 quae
564 2265 605 2300 in
632 2264 817 2300 fraudem
844 2264 1021 2300 mulieris
1048 2266 1264 2306 struxerat,
1301 2262 1454 2298 destrui
1483 2261 1708 2297 materiam·
1721 2256 1769 2292 34

206 2322 285 2359 que
311 2315 351 2348 et
376 2313 503 2348 solnm
531 2313 661 2358 ipsum
689 2313 725 2347 ei
752 2312 928 2347 attribui.
978 2310 1113 2356 Atque
1144 2311 1220 2346 hoc
1253 2311 1455 2356 specimen
1483 2310 1544 2352 sit,
1584 2304 1768 2354 quan-35

206 2364 347 2406 tepere
379 2360 556 2396 iustitiae
588 2359 788 2395 studuerit
814 2358 1071 2405 Theophilus.
1129 2357 1206 2395 Sed
1234 2362 1274 2393 et
1302 2357 1473 2393 alterum
1502 2355 1707 2401 quoddam
1722 2353 1768 2387 36

205 2409 418 2452 referatur,
445 2418 525 2453 quo
553 2411 592 2444 et
618 2408 705 2443 eius
733 2407 994 2443 observantia
1020 2407 1139 2452 nequi
1167 2409 1206 2442 et
1233 2415 1331 2441 cura
1358 2404 1408 2440 de
1432 2404 1624 2439 subiectis
1642 2403 1709 2438 ad-

208 2455 332 2491 bibita
367 2455 606 2491 declaretur.
657 2454 840 2501 Appulsa
875 2459 934 2490 est
960 2453 1181 2499 aliquando
1209 2453 1260 2488 ad
1289 2453 1428 2498 regiae
1455 2455 1615 2497 portum
1643 2461 1708 2486 na·
1722 2447 1768 2483 37

207 2504 268 2539 vis
283 2503 470 2539 oneraria
489 2503 668 2549 pondere
687 2503 938 2538 sarcinarum
956 2502 1096 2548 gravis
1116 2511 1246 2547 eoque
1263 2510 1394 2546 usque
1412 2499 1464 2535 ad
1483 2504 1707 2535 extremum

208 2551 415 2597 cingulum
434 2550 628 2586 demersa.
664 2550 749 2586 Rex
769 2559 944 2595 superne
963 2552 1226 2595 prospectans
1244 2557 1472 2593 navemque
1487 2546 1709 2582 admiratus
1722 2544 1769 2578 38

208 2609 280 2645 per
306 2598 570 2644 pedisequum
599 2598 800 2644 quendam
836 2600 1108 2643 percontatur,
1149 2597 1264 2632 euius
1301 2596 1351 2631 sit
1390 2605 1439 2631 ea
1476 2594 1605 2630 navis.
1655 2591 1769 2630 Ut39

207 2649 343 2682 autem
380 2644 593 2692 Augustae
632 2656 719 2682 esse
758 2646 952 2690 cognovit
989 2655 1120 2690 nuper
1156 2655 1180 2679 a
1219 2646 1448 2679 mercatura
1487 2642 1708 2684 reductam,

208 2703 330 2740 quam
356 2693 407 2728 ab
434 2693 577 2739 regina
603 2694 712 2729 missi
739 2694 779 2729 in
806 2693 949 2738 Syriae
976 2693 1159 2739 partibus
1187 2692 1385 2733 fecissent,
1425 2691 1456 2726 si
1497 2689 1591 2735 quid
1620 2699 1708 2724 sua-

208 2751 297 2777 rum
335 2741 497 2786 quidem
536 2742 786 2777 sarcinarum
826 2742 866 2776 in
906 2751 1012 2776 nave
1055 2740 1261 2782 habereut,
1304 2738 1343 2773 id
1387 2738 1519 2773 statim
1563 2740 1710 2772 nautas

209 2788 353 2824 efferre
378 2788 493 2825 iussit
518 2799 650 2834 neque
677 2793 811 2824 tamen
840 2789 1067 2834 quicquam,
1108 2787 1215 2833 quod
1249 2786 1299 2821 nd
1328 2785 1555 2831 Augustam
1592 2784 1709 2830 perti-

209 2838 334 2879 neret,
361 2837 517 2882 attingi.
568 2836 656 2879 Quo
684 2838 791 2872 facto
819 2836 944 2883 pulsis
970 2835 1063 2871 inde
1083 2835 1228 2878 nautis,
1256 2833 1414 2869 Graeco
1442 2834 1539 2879 igne
1561 2832 1708 2867 iniecto
1724 2829 1771 2866 40

209 2893 357 2920 navem
390 2893 480 2920 cum
514 2884 611 2930 ipsis
644 2885 814 2919 sarcinis
849 2884 1044 2919 cremavit
1077 2887 1117 2917 et
1149 2882 1331 2926 reginam
1359 2880 1583 2917 maledictis
1609 2880 1707 2915 inse-

210 2934 343 2969 ctatus
367 2931 550 2979 “Regem
577 2931 714 2968 enim'’
738 2932 869 2978 inquit
898 2932 1021 2967 “eum
1058 2930 1158 2967 deus
1191 2941 1254 2966 me
1287 2929 1523 2976 designarit,
1562 2931 1607 2964 tu
1644 2937 1708 2963 me
1723 2926 1765 2963 41
