2020 3230
226 359 354 395 utitur
418 368 463 395 ro
502 358 628 394 calice
665 357 888 403 311,1-10.

227 426 272 433 —
298 406 357 442 III
409 406 532 451 12,13.
557 405 710 450 402,14.

179 473 225 480 ·-
250 454 284 490 4.
314 453 549 501 cpolitanus
576 453 806 498 patriarcha
832 452 889 488 III

226 501 448 546 305,1—14.
474 502 557 545 312,
570 501 603 536 7.
629 501 783 546 313,11.
808 500 889 545 314,

228 550 260 585 1.
285 549 365 594 315,
381 550 414 586 7.
440 549 616 594 15-316,
629 549 661 584 2.
700 548 888 594 324,15-

225 597 308 640 325,
322 597 378 633 12.
403 597 485 642 327,
501 597 534 632 4.
561 597 644 642 338,
657 596 691 632 7.

179 663 224 671 ·—-
248 645 282 681 5.
308 645 358 680 II.
382 646 404 680 ὅ
423 646 554 684 Φωκᾶς
578 644 738 680 Bardae
763 643 790 678 f.
809 642 890 679 Ori-

227 693 331 728 entis
348 696 511 739 praetor
530 692 589 728 III
605 692 688 736 482,
703 691 758 726 10.
784 690 891 737 Aga-

226 751 346 777 renos
368 740 579 777 Cretenses
605 740 724 786 fugat
748 739 891 783 490,19

228 788 356 832 —49l,
380 788 435 824 12.
485 787 569 824 Leo
608 787 766 823 Phocas
804 787 891 822 eius

227 836 354 872 frater
377 835 459 880 491,
475 836 531 871 12.
573 835 780 872 Chamdan
806 835 891 869 vin-

227 884 280 919 cit
304 883 386 928 492,
400 883 529 919 6-14.
555 884 592 919 ei
617 883 824 919 Romanus
841 882 891 917 II.

227 934 352 967 totam
379 941 517 967 curam
537 932 788 967 exercituum
815 929 890 966 col-

227 979 484 1025 ligendorum
509 979 723 1015 mandarat
748 977 831 1020 492,
847 977 891 1012 15

228 1046 257 1052 -
274 1026 354 1072 493,
372 1027 428 1063 14.
455 1026 568 1073 Cpoli
583 1026 784 1072 triumpho
799 1028 890 1061 acto

227 1084 359 1120 eoque
404 1079 520 1121 parte
561 1075 685 1111 vestis
726 1073 892 1109 Ioannis

227 1123 428 1168 baptistae
457 1125 672 1169 apportata
698 1122 891 1167 Bringam

227 1170 329 1206 fallit
354 1171 435 1214 494,
449 1170 601 1215 3-495,
614 1170 648 1206 2.
674 1171 892 1215 imperator

227 1218 426 1253 salutatur
438 1218 519 1262 495,
533 1217 706 1261 14—497,
718 1218 751 1253 3.
778 1216 891 1263 Cpoli

228 1276 379 1302 corona
406 1270 572 1302 ornatur
596 1265 678 1310 498,
695 1265 749 1300 11.
788 1264 892 1300 Iose-

229 1314 308 1359 pho
327 1314 507 1359 relegato
527 1317 567 1349 et
585 1317 700 1359 patre
719 1312 892 1350 Caesare

228 1362 336 1397 facto
386 1361 731 1407 Theophanonem
782 1360 893 1396 ducit

226 1409 308 1453 498,
337 1409 511 1451 16-499,
540 1409 594 1444 14.
646 1408 821 1444 Bardam
866 1410 891 1443 f.

229 1457 374 1492 amittit
387 1456 468 1501 499,
483 1456 516 1492 5.
543 1457 595 1492 ab
614 1457 785 1492 ecclesia
804 1466 891 1502 pro-

227 1504 376 1539 hibitus
401 1505 595 1551 recipitur
619 1504 700 1548 499,
716 1504 761 1540 15
773 1504 892 1547 -500,

228 1551 284 1587 15.
311 1552 471 1588 Manuel
497 1553 584 1588 eius
610 1552 694 1587 dux
721 1552 825 1597 perit
850 1552 892 1587 in

228 1598 363 1636 Sicilia
375 1600 455 1644 500,
471 1600 516 1635 19
526 1611 555 1636 s.
574 1599 791 1635 Tzimisces
805 1600 892 1636 eius

227 1647 313 1683 dux
339 1647 464 1683 vincit
490 1647 651 1684 Ciliciae
676 1647 891 1694 Agarenos

226 1694 349 1739 501,9.
375 1696 461 1731 eius
473 1696 752 1741 expeditiones
766 1696 891 1731 orien-

228 1742 328 1778 tales
345 1742 427 1786 501,
443 1743 616 1787 15-504,
630 1743 663 1778 2.
691 1743 817 1789 vulgo
834 1744 891 1778 in-

227 1791 338 1825 visus
381 1790 464 1834 504,
482 1791 634 1835 3—507,
657 1791 711 1826 14.
744 1791 825 1835 510,
847 1791 891 1826 15

229 1837 356 1882 -512‚
373 1838 428 1873 17.
477 1839 631 1884 regiam
669 1839 892 1875 circumdat

227 1896 342 1922 muro
369 1885 639 1930 507,17—508,
656 1886 711 1921 12.
742 1886 817 1922 sub
843 1897 891 1922 eo

0 1974 9 1979 ,
228 1932 443 1969 Antiochia
470 1938 588 1980 capta
621 1933 892 1978 508‚13—510‚

0 1981 11 2026 ξ’
231 1981 284 2016 14.
331 1981 481 2027 Ungris
499 1981 712 2017 Thraciam
733 1985 893 2018 vastan-

0 2031 8 2068 ,ξ
228 2029 336 2064 tibus
362 2032 503 2064 contra
530 2028 728 2075 Bulgaros
754 2030 894 2066 incitat

228 2075 380 2112 Russos
423 2076 766 2121 512,18-513,14.
817 2078 892 2113 sub

229 2134 278 2160 eo
304 2128 436 2160 terrae
461 2128 594 2160 motus
620 2129 660 2160 et
689 2125 815 2161 fames
841 2126 892 2161 ab

228 2182 277 2208 eo
304 2173 344 2207 in
371 2182 487 2207 suum
514 2172 669 2208 lucrum
695 2183 895 2209 conversa

227 2219 310 2259 513,
327 2219 500 2263 15-515,
517 2220 572 2255 18.
598 2223 767 2256 necatur
780 2221 861 2265 516,
873 2221 891 2256 1

230 2267 360 2310 -519,
372 2266 406 2302 4.
432 2267 585 2311 520,16.
612 2268 699 2303 eius
722 2269 831 2304 vitae
855 2272 893 2304 et

228 2316 344 2360 regni
381 2316 554 2361 spatium
592 2315 674 2359 519,
687 2316 721 2351 8.
756 2334 800 2342 -
836 2316 892 2352 111

228 2362 499 2407 519,11-520,
516 2362 571 2398 13.
610 2363 692 2409 523,
706 2363 739 2399 7.
764 2363 845 2410 537,
858 2364 892 2400 3.

228 2410 357 2455 569,4.
385 2410 465 2454 575,
480 2411 513 2446 9.

181 2477 224 2483 -
252 2458 285 2493 6.
313 2457 461 2494 Leonis
475 2458 633 2494 Phocae
652 2459 677 2494 f.
692 2458 750 2495 ΙΙΙ
763 2459 845 2504 519,
859 2459 891 2495 6.

228 2505 311 2589 gelg
343 2510 435 2589 atgr
452 2506 533 2589 530,
548 2506 581 2542 5.
608 2510 798 2543 caecatur
811 2506 892 2552 525,

254 2580 269 2596 .,
361 2580 369 2597 ,
505 2580 512 2588 .

181 2619 225 2626 —
252 2601 285 2637 7.
311 2602 333 2635 ὁ
351 2601 509 2646 Οὐρανός
527 2600 752 2638 Samuelem
775 2603 894 2649 sugat

229 2647 287 2684 111
313 2648 395 2693 558,
413 2649 653 2693 12-559,10.
680 2651 729 2685 cs.
744 2649 891 2692 654,10.

182 2697 285 2778 —lg
311 2695 470 2732 Bardae
495 2696 656 2733 I’hocae
683 2698 708 2733 f.
734 2697 892 2743 111567,

182 2810 226 2816 —
264 2791 298 2826 9.
335 2792 356 2826 ό
380 2793 594 2830 Βασιλάκιος
627 2803 656 2827 S.
690 2793 892 2838 Βασιλάκης

230 2837 397 2875 Romani
437 2839 500 2875 IV.
540 2839 623 2875 (lux
665 2839 720 2875 111
758 2841 838 2884 698,
859 2841 892 2877 2.

230 2890 373 2932 captus
415 2897 438 2922 a
479 2887 622 2922 Turcis
664 2888 744 2931 698,
762 2887 786 2923 4
802 2889 891 2924 -10.

811 238 852 274 N
849 237 1037 284 ικηφόρος.

230 2934 380 2980 702,10.
407 2935 643 2972 seditionem
658 2946 826 2972 movens
839 2936 892 2972 ab
926 2935 929 2981 1

1603 235 1674 271 889

1008 356 1153 394 Alexio
1180 355 1386 393 Comneno
1420 355 1552 391 victus
1588 365 1675 391 cae-

1009 409 1127 442 catur
1151 404 1232 449 723,
1246 402 1398 447 7-724,
1412 403 1446 438 6.

963 475 1006 480 -
1046 454 1102 489 10.
1139 453 1161 489 ὄ
1189 452 1379 497 Βρυέννιος
1412 450 1583 487 Romani
1609 451 1674 487 IV.

1010 501 1095 537 dux
1120 500 1179 536 111
1203 498 1476 544 697,10-698,
1491 501 1523 536 7.
1574 499 1675 535 sedi-

1009 550 1159 586 tionem
1185 548 1261 584 sub
1279 547 1474 583 Michaele
1491 546 1577 583 VII.
1595 558 1676 583 mo-

1009 600 1078 633 vet
1094 597 1173 642 715,
1188 595 1364 638 16—717,
1378 595 1412 631 7.
1436 595 1676 631 Patzinacos

1008 649 1156 689 movet,
1193 647 1239 680 ut
1271 643 1323 679 ab
1355 643 1458 679 urbe
1484 643 1677 679 recedant

1010 693 1091 737 717,
1109 693 1144 728 8.
1195 692 1246 727 ab
1285 690 1430 727 Alexio
1469 690 1674 727 Comneno

1010 741 1143 776 victus
1164 743 1354 775 caecatur
1379 739 1460 784 721,
1474 738 1627 783 2-722,
1641 739 1674 775 3.

1011 809 1055 814 -
1082 788 1139 823 ΙΙΙ
1166 788 1246 832 723,
1261 787 1293 823 7.
1321 786 1402 830 724,
1417 787 1450 823 3.
1477 787 1558 831 738,
1574 787 1630 823 15.

963 858 1006 863 —
1036 837 1090 871 ll.
1118 835 1186 871 III.
1213 836 1233 871 ὄ
1255 835 1485 880 Βοτανειάτης
1511 835 1563 870 ab
1580 834 1676 871 Uzis

1011 887 1153 930 captus
1172 883 1229 918 III
1247 883 1328 926 678,
1342 883 1375 918 3.
1393 883 1447 918 10.
1475 894 1499 918 a
1513 883 1675 919 Ruselio

1010 943 1092 968 non
1112 935 1256 977 captus
1282 931 1361 974 710,
1376 930 1409 966 8.
1437 931 1675 966 seditionem

1011 981 1086 1016 sub
1112 979 1305 1015 Michaele
1324 978 1408 1014 VII.
1434 982 1570 1014 movet
1595 978 1676 1023 715,

1010 1028 1139 1064 5-16,
1190 1026 1376 1063 Cutlumo
1409 1027 1517 1062 socio
1550 1027 1675 1062 ascito

1010 1076 1191 1111 Michaeli
1215 1084 1389 1121 regnum
1415 1075 1534 1120 eripit
1558 1074 1674 1119 718,1

1010 1124 1138 1167 —720,
1156 1124 1188 1159 5.
1220 1133 1292 1158 rex
1319 1122 1518 1157 salutatur
1543 1122 1624 1167 719,
1642 1122 1676 1158 5.

1011 1171 1164 1218 Cpolim
1190 1172 1314 1206 intrat
1339 1170 1419 1214 720,
1436 1170 1564 1205 5—14.
1614 1181 1676 1206 co-

1010 1230 1112 1255 rona
1139 1222 1306 1254 ornatur
1332 1218 1484 1262 720,15.
1527 1218 1677 1264 Bryen-

1011 1269 1122 1303 nium
1137 1277 1209 1313 per
1223 1266 1411 1302 Alexium
1426 1265 1676 1301 Comnenum

1012 1316 1137 1350 vincit
1154 1318 1194 1350 et
1213 1317 1352 1349 caecat
1378 1314 1458 1358 721,
1475 1313 1627 1357 2-722,
1642 1314 1675 1349 3.

1010 1363 1224 1408 Varangos
1250 1362 1374 1397 vincit
1415 1361 1495 1406 722,
1515 1362 1548 1397 3.
1598 1361 1677 1396 Ma-

1010 1412 1110 1446 riam
1127 1411 1238 1446 ducit
1252 1410 1333 1454 722,
1348 1409 1476 1445 7—16.
1503 1419 1575 1455 per
1589 1408 1677 1445 Ale-

1010 1459 1121 1494 xium
1155 1458 1403 1494 Comnenum
1434 1457 1676 1493 Basilacium

1010 1507 1135 1542 vincit
1153 1509 1192 1541 et
1214 1508 1354 1541 caecat
1379 1505 1459 1550 723,
1475 1505 1627 1549 7—724,
1641 1505 1674 1540 3.

1011 1555 1133 1590 ceteri
1177 1556 1318 1588 contra
1364 1563 1455 1588 eum
1497 1553 1676 1588 seditiosi

1010 1613 1123 1638 arma
1146 1604 1304 1647 ponunt
1328 1600 1409 1645 724,
1422 1601 1456 1636 3.
1484 1599 1677 1636 Constan-

1010 1651 1138 1686 tinum
1165 1649 1399 1684 seditiosum
1420 1648 1527 1684 radit
1553 1652 1592 1684 et
1618 1658 1676 1684 re-

1010 1698 1121 1744 legat
1146 1697 1227 1741 724,
1241 1696 1369 1732 7—18.
1394 1697 1469 1732 sub
1485 1706 1532 1732 eo
1546 1694 1676 1732 Aemi-

1010 1746 1117 1781 liano
1184 1743 1364 1780 succedit
1424 1744 1675 1790 Nicephorus

1009 1793 1175 1829 Maurus
1206 1792 1288 1836 724,
1307 1793 1364 1827 18.
1414 1792 1588 1827 Ioannes
1621 1790 1676 1828 Si-

1011 1841 1157 1884 densis,
1168 1840 1337 1884 Borilus,
1347 1839 1574 1875 Germanus
1588 1840 1675 1875 eius

1009 1889 1179 1924 ministri
1206 1887 1286 1931 725,
1303 1888 1429 1923 1—10.
1479 1887 1674 1933 Nicepho-

1010 1938 1148 1972 ritzem
1171 1936 1328 1981 relegat
1353 1935 1433 1979 725,
1450 1935 1504 1970 11.
1532 1935 1607 1970 sub
1627 1945 1674 1970 eo

1011 1984 1116 2019 idem
1137 1988 1306 2019 necatur
1332 1982 1604 2027 725,16-726,
1619 1983 1675 2018 11.

1012 2031 1205 2067 Comneni
1224 2030 1334 2077 apud
1353 2041 1444 2066 eum
1462 2031 1503 2065 in
1522 2030 1675 2066 honore

1010 2079 1162 2123 726,12.
1207 2078 1351 2114 Alexio
1378 2078 1582 2115 Comneno
1609 2088 1675 2124 po-

1011 2128 1082 2163 tito
1102 2126 1213 2172 Cpoli
1233 2127 1519 2162 monasterium
1543 2127 1675 2172 ingre-

1011 2174 1130 2217 ditur,
1155 2175 1225 2210 ubi
1241 2175 1325 2210 obit
1339 2174 1418 2218 726,
1432 2173 1674 2218 15-730,11.

1011 2242 1053 2248 -
1082 2221 1139 2257 111
1166 2222 1292 2266 731,3.
1308 2223 1339 2258 6.
1367 2221 1448 2266 732,
1462 2222 1495 2257 9.
1522 2221 1674 2266 733,11.

964 2290 1007 2295 -
1036 2269 1090 2305 12.
1122 2270 1143 2305 ὀ
1167 2271 1317 2315 Μαῦρος
1342 2269 1582 2306 Antiochiae
1610 2279 1675 2316 pa-

1011 2317 1186 2353 triarcha
1213 2317 1269 2353 111
1296 2317 1449 2362 724,18.

936 2376 1006 2390 ’-
1043 2366 1099 2401 13.
1136 2365 1157 2399 ὁ
1182 2366 1368 2411 Βρυέννιος
1399 2365 1615 2412 Nicephori
1648 2367 1674 2402 f.

1010 2411 1153 2449 Annae
1161 2413 1391 2450 Comnenae
1402 2413 1569 2449 maritus
1580 2423 1676 2458 pan-

1010 2461 1326 2507 hypcrsebastus
1337 2461 1394 2497 111
1407 2461 1585 2505 738,12—
1593 2461 1674 2507 739,

1009 2508 1042 2544 2.
1070 2509 1120 2544 ab
1150 2508 1267 2545 Irene
1292 2509 1468 2544 maxime
1494 2509 1675 2555 diligitur

1010 2556 1092 2600 748,
1118 2557 1149 2593 3.
1201 2556 1351 2593 Caesar
1394 2556 1475 2602 749,
1503 2558 1533 2591 1.
1584 2568 1674 2593 cum

1001 2604 1128 2640 „Irene
1170 2605 1304 2640 omnia
1346 2605 1452 2650 regit
1498 2604 1578 2649 754,
1605 2605 1673 2641 5-

1011 2652 1090 2696 755,
1104 2651 1137 2688 2.
1165 2671 1208 2678 -
1238 2652 1293 2687 111
1319 2652 1399 2696 764,
1416 2653 1446 2688 1.

963 2717 1007 2724 —
1044 2699 1098 2735 14.
1135 2699 1364 2736 Comnenus
1390 2699 1522 2735 Alexii
1551 2702 1676 2736 frater

1011 2747 1195 2829 tizffimstgs
1214 2751 1254 2783 et
1271 2748 1408 2783 classis
1427 2747 1676 2793 drungarius

1095 2795 1140 2830 73
1167 2822 1174 2839 ‚
1193 2796 1223 2830 1.

964 2861 1006 2867 --
1050 2842 1102 2877 15.
1140 2842 1161 2877 ό
1186 2843 1404 2887 Ille-imam&
1437 2842 1568 2878 Alexii
1605 2842 1675 2879 Co-

1009 2890 1146 2972 ἑηηεὲιί
1173 2891 1301 2926 affinis
1329 2889 1477 2926 Cacsar
1510 2889 1565 2925 111
1595 2890 1675 2935 732,
