1968 3302
278 203 325 245 84
625 204 819 270 ‘zoNAa
845 203 976 243 EPIT.
1003 197 1100 243 xm
1127 200 1183 251 17,
1211 198 1361 250 12-18,
1388 199 1424 243 9.
1787 196 1791 204 ’
1950 177 1968 252 ³.

0 335 193 372 P1134A
220 335 266 370 13
281 331 398 385 γελος
430 330 473 372 ἒν
502 330 685 384 Παιονίᾳ
716 329 804 371 τότε
838 329 1046 383 διάγοντα.
1108 328 1359 382 ἀπαγγείλας
1391 327 1436 370 δὲ
1466 326 1540 382 τὴν
1571 327 1689 382 νίκην
1720 331 1782 382 τῷ

279 400 441 454 βασιλεῖ
472 399 542 440 καὶ
579 398 650 440 τὸν
687 402 771 440 τῶν
807 399 1043 453 βαρβάρων
1075 396 1443 450 εὖαγγελισάμενος
1475 395 1656 449 ὄλεθρον
1687 396 1781 449 ἠπι-

85 474 135 510 W
149 473 207 508 III
222 473 267 508 29
281 472 409 510 στεῖτο
448 467 514 509 διά
552 483 593 508 τε
631 466 678 508 τὸ
717 470 790 507 τοῦ
829 467 954 519 ἔργου
992 465 1095 520 ταχὺ
1134 466 1205 507 καὶ
1243 465 1290 506 τὸ
1331 465 1662 519 δυσμαχώτατον
1698 467 1832 506 τῶνῙ)
1851 471 1908 507 111

223 543 268 578 14
281 537 484 578 Σκυθῶν.
557 535 642 576 ἐπεὶ
681 533 717 576 δ’
758 536 866 588 ἔγνω
906 534 952 576 τὸ
993 534 1149 589 ἀληθὲς
1191 533 1262 574 καὶ
1305 533 1378 587 τὴν
1421 536 1506 574 τῶν
1548 532 1784 587 βαρβάρων

281 604 455 660 φθορὰν
478 604 501 646 ὁ
524 603 800 657 αὐτοκράτωρ
822 602 1190 658 πεπληροφόρητο,
1224 602 1295 643 καὶ
1317 601 1535 656 ἐθαύμασε
1555 600 1627 643 τὸν
1648 601 1783 655 ἄνδρα
1798 607 1820 642 5

281 678 354 728 τῆς
391 689 433 714 τε
470 675 695 726 ταχυτῆτος
734 671 805 712 καὶ
843 675 917 713 τοῦ
956 671 1254 725 ἀριστεύματος
1297 670 1418 711 ἕνεκα
1462 669 1534 711 καὶ
1577 662 1784 724 ἐπῄνεσεν.

224 750 268 786 15
283 742 364 797 ἤδη
400 741 444 782 δὲ
483 741 554 781 καὶ
590 744 663 794 τῆς
700 738 932 786 Οἰνάλεντος
967 740 1121 794 μοίρας
1156 738 1492 793 προσκτηθείσης
1529 738 1645 792 αὐτῷ
1681 736 1784 791 μετὰ
1958 786 1962 789 ,

282 810 356 864 τὴν
388 810 548 850 ἐκείνου
582 806 755 863 φθορὰν
787 807 952 849 ἀπιδὼν
982 807 1090 862 πρὸς
1121 806 1166 848 τὸ
1195 807 1367 861 ἄπειρον
1389 805 1539 860 σχεδὸν
1559 810 1632 860 τῆς
1652 805 1787 860 ἀρχῆς
1957 841 1968 867 5

282 878 354 919 καὶ
386 876 569 919 συνιδὼν
601 876 663 922 ὡς
695 876 774 930 οὐχ
807 876 895 922 οἷός
925 874 957 917 τ’
992 878 1043 918 ἂν
1074 877 1135 931 εἴη
1170 875 1296 921 αὐτὸς
1325 875 1458 929 μόνος
1488 874 1562 929 τὴν
1582 874 1786 928 τοσαύτην
1955 865 1968 937 ᾗ

284 947 441 988 ἰθύνειν
478 946 625 1000 ἀρχήν,
670 945 840 999 βασιλέα
872 949 944 999 τῆς
975 946 1072 991 νέας
1099 945 1266 1000 Ῥώμης
1298 943 1541 998 ἀναγορεύει
1572 942 1643 984 τὸν
1680 941 1784 984 Θεο-
1801 951 1847 986 10

284 1015 438 1069 δόσιον,
472 1015 561 1068 ἅμα
592 1013 670 1068 μὲν
701 1018 774 1068 τῆς
806 1014 1010 1067 ἀριστείας
1042 1014 1169 1055 αὐτὸν
1202 1013 1490 1067 ἀμειβόμενος,
1523 1013 1611 1066 ἅμα
1646 1011 1691 1053 δὲ
1716 1011 1787 1053 καὶ

282 1084 445 1138 μηδένα
477 1083 623 1137 κρίνας
654 1083 794 1136 ἕτερον
826 1084 882 1128 εἷς
914 1083 1138 1124 κοινωνίαν
1169 1087 1241 1137 τῆς
1273 1082 1406 1136 ἀρχῆς
1437 1081 1585 1122 τούτου
1614 1081 1786 1135 κρείττω

165 1165 196 1200 Β
226 1165 269 1200 16
284 1152 498 1207 ἐσόμενον.
560 1151 634 1206 τὴν
668 1155 769 1205 γοῦν
801 1150 914 1205 ἑῴαν
946 1152 1113 1193 ἅπασαν
1144 1151 1214 1192 καὶ
1239 1150 1312 1204 τὴν
1340 1149 1515 1204 Θρᾴκην
1537 1149 1654 1203 αὐτῷ
1685 1149 1786 1190 ἀνα-

225 1234 269 1272 17
284 1222 464 1276 ’θέμενος
497 1221 653 1266 ἐκεῖνος
686 1220 824 1274 ἑαυτῷ
863 1220 1140 1275 ἀπεκλήρωσε
1176 1219 1225 1260 τὰ
1264 1219 1444 1273 ἑσπέρια.
1506 1218 1577 1259 καὶ
1614 1217 1679 1258 ἐπὶ
1715 1216 1788 1263 τὰς

283 1289 464 1336 Γαλλίας
490 1289 713 1344 γενόμενος
745 1289 934 1343 ἀνῃρέθη
969 1288 1083 1343 δόλῳ
1115 1287 1199 1330 ὑπὸ
1216 1286 1525 1341 Ἀνδραγαθίου
1556 1289 1630 1327 τοῦ
1663 1301 1785 1340 στρα-
1803 1292 1848 1328 15

283 1362 426 1414 τηγοῦ,
470 1357 719 1413 βασιλεύσας
760 1356 864 1411 μετὰ
908 1357 982 1412 τὴν
1024 1361 1097 1398 τοῦ
1134 1355 1294 1410 πατρὸς
1331 1356 1459 1397 αὐτοῦ
1497 1353 1685 1409 τελευτὴν
1723 1353 1788 1395 ἐπὶ

286 1426 498 1473 ε’νιαυτοὺς
530 1427 588 1474 ἕξ.

217 1505 270 1549 18
413 1496 500 1538 Τοῦ
524 1495 569 1537 δὲ
585 1494 630 1536 Γ
624 1498 820 1550 ρατιανοῢ
843 1495 1156 1550 τελευτήσαντος
1176 1489 1430 1548 μκατελείφθη
1453 1491 1644 1548 βασιλεὺς
1666 1491 1788 1534 αὖτο-

286 1628 307 1663 7
333 1626 525 1672 ἀνάρρησις
554 1626 748 1662 Θεοδοσίου
775 1630 836 1661 τοῦ
861 1625 1013 1671 μεγάλου
1040 1626 1082 1667 (τ.
1100 1639 1178 1671 μεγ.
1196 1624 1294 1659 θεοδ.
1314 1622 1359 1668 Α,
1387 1637 1413 1658 τ.
1431 1637 1509 1668 μεγ.
1531 1633 1606 1658 om.
1626 1621 1670 1666 C)
1687 1620 1790 1658 ACE

286 1675 332 1710 14
357 1674 496 1720 τελευτὴ
525 1674 712 1719 (ἀναίρεσις
735 1673 782 1717 Ε)
807 1675 840 1709 Γ
837 1678 1002 1719 ρατιανοῢ
1029 1673 1093 1709 CE
1190 1673 1236 1708 18
1260 1671 1419 1718 βασιλεία
1445 1676 1505 1706 τοῦ
1530 1671 1610 1706 νέου
1640 1670 1790 1706 Οὐαλεν-

285 1728 438 1758 τινιανοῦ
464 1723 512 1765 A,
536 1722 693 1767 βασιλεία
716 1722 1007 1758 Οὗαλεντινιανοῦ
1024 1727 1085 1756 τοῦ
1104 1721 1184 1756 νέου
1212 1720 1291 1765 CD,
1317 1720 1477 1766 βασιλεία
1499 1719 1790 1755 Οὐαλεντινιανοῦ

284 1776 345 1806 τοῦ
371 1771 452 1805 νέου
478 1770 539 1805 καὶ
565 1771 615 1804 ὅτι
642 1770 810 1815 ἐπανέστη
838 1770 935 1814 αὐτῷ
962 1770 1130 1813 ΛΙάξιμος
1155 1769 1197 1812 Ε,
1224 1770 1274 1803 ὅτι
1299 1769 1319 1802 ὁ
1334 1767 1503 1812 Μάξιμος
1526 1767 1702 1811 τυραννίδι
1721 1766 1790 1801 ε’πι-

285 1820 496 1864 κεχείρηκεν
520 1818 755 1863 ἀπανθρώπῳ
782 1817 874 1853 κατὰ
900 1823 961 1853 τοῦ
987 1818 1068 1852 νέου
1087 1817 1387 1860 Οὐαλεντινιανοῠ,
1413 1815 1473 1850 καὶ
1490 1814 1680 1860 κρατηθεὶς
1696 1812 1791 1859 παρὰ

290 1867 483 1904 Θεοδοσίου
508 1866 667 1912 ἀνῃρέθη
697 1865 726 1902 C

358 1995 381 2031 2
406 1995 465 2032 τὸν
492 2006 567 2032 om.
595 1995 626 2031 E
725 1994 748 2030 3
776 1995 890 2040 ἄρχου
917 1993 966 2039 D,
993 2004 1094 2030 corr.
1122 1993 1191 2032 Dw
1287 1993 1550 2038 δυσμαχότατον
1577 1991 1662 2033 (Sic)
1688 1989 1790 2027 ABG

359 2045 380 2080 7
406 2050 466 2090 τῆς
493 2054 569 2079 om.
597 2043 628 2079 E
774 2043 821 2078 10
846 2043 984 2078 ἰθύνων
1009 2042 1057 2088 Bl
1200 2042 1244 2077 12
1270 2042 1393 2077 τούτου
1420 2038 1589 2086 prDi,
1615 2040 1729 2075 τούτω
1754 2039 1791 2074 Α

358 2092 404 2128 15
429 2091 488 2127 ὑπ’
514 2089 730 2137 BSprDi

227 2229 273 2265 13
288 2222 507 2269 degentem
533 2219 752 2257 contendit.
803 2219 887 2257 Nec
912 2222 1050 2255 tamen
1076 2217 1288 2254 victoriam
1314 2227 1429 2252 suam
1456 2218 1495 2252 et
1520 2216 1790 2252 barbarorum

286 2271 494 2306 interitum
520 2269 724 2304 nuntianti
750 2268 850 2304 fides
877 2271 938 2304 est
964 2267 1102 2302 habita
1125 2277 1215 2301 cum
1236 2265 1287 2301 ob
1306 2266 1365 2300 rei
1382 2267 1525 2310 gestae
1544 2264 1790 2300 celeritatem

228 2326 273 2361 14
287 2322 372 2354 tum
391 2318 443 2354 ob
462 2316 633 2363 Scythas
651 2316 1004 2362 inexpugnabiles.
1056 2314 1155 2351 Cum
1183 2316 1319 2348 autem
1345 2312 1619 2358 perspexisset
1646 2321 1790 2346 verum

287 2371 327 2402 et
352 2366 622 2401 barbarorum
653 2364 818 2400 caedem
851 2365 1071 2409 imperator
1104 2362 1357 2407 exploratam
1390 2360 1608 2404 habuisset,
1648 2362 1687 2394 et
1720 2359 1789 2394 ad-

286 2415 456 2450 miratus
490 2415 550 2448 est
582 2413 659 2447 viri
690 2413 935 2448 celeritatem
963 2421 1011 2446 ac
1037 2420 1122 2446 rem
1148 2411 1253 2445 bene
1279 2414 1438 2454 gestam
1465 2410 1504 2443 et
1530 2406 1789 2442 collaudavit.

229 2470 273 2506 15
288 2462 372 2496 Iam
400 2461 511 2507 quod
530 2460 710 2496 Valentis
737 2460 858 2495 etiam
883 2461 1040 2505 partem
1067 2460 1310 2494 consecutus
1336 2461 1426 2501 post
1451 2455 1557 2490 illius
1583 2455 1789 2490 interitum

289 2509 544 2545 considerato
577 2518 707 2554 regno
742 2508 829 2543 fere
863 2507 1018 2542 infinito
1053 2505 1251 2541 intellexit
1285 2514 1328 2539 se
1366 2504 1499 2549 ipsum
1539 2502 1668 2538 solum
1706 2512 1789 2538 non

288 2567 408 2603 posse
433 2560 515 2592 tam
542 2556 778 2592 immensam
804 2555 907 2590 tanti
937 2554 1094 2600 imperii
1127 2553 1272 2588 molem
1305 2553 1515 2595 sustinere,
1554 2560 1689 2586 novae
1713 2550 1789 2585 Ro-

288 2615 379 2640 mae
404 2614 545 2650 regem
572 2604 749 2650 appellat
774 2602 1046 2638 Theodosium
1073 2607 1112 2636 et
1140 2601 1289 2635 virtute
1316 2600 1402 2635 eius
1427 2599 1627 2634 honorata
1653 2607 1788 2643 neque

289 2662 534 2698 quemquam
560 2656 673 2687 ratus
695 2651 748 2686 ad
765 2650 922 2696 imperii
940 2650 1174 2684 societatem
1194 2649 1282 2682 fore
1299 2647 1504 2682 meliorem
1525 2655 1646 2691 quam
1664 2645 1786 2680 illum.

228 2707 274 2743 16
289 2700 404 2736 Omni
434 2701 561 2746 igitur
588 2699 751 2735 Oriente
778 2702 818 2734 et
843 2698 1017 2732 Thracia
1043 2697 1080 2732 ei
1106 2695 1309 2731 attributis
1335 2694 1399 2729 ille
1428 2694 1503 2728 sibi
1530 2694 1694 2728 sortitus
1727 2696 1787 2728 est

229 2756 274 2792 17
289 2747 558 2784 Occidentem.
610 2747 659 2783 Et
676 2747 718 2782 in
736 2745 887 2782 Gallias
913 2745 1120 2791 profectus
1145 2742 1330 2779 sublatus
1356 2744 1416 2777 est
1443 2741 1534 2776 dolo
1561 2741 1613 2776 ab
1631 2739 1787 2775 Andra-

288 2795 428 2842 gathio
456 2795 560 2831 duce
585 2795 702 2831 annis
727 2795 847 2840 regni
871 2795 963 2840 post
990 2793 1142 2829 obitum
1167 2791 1294 2837 patris
1318 2799 1391 2825 sex
1418 2789 1583 2824 exactis.

410 2843 464 2880 18.
516 2841 712 2880 Gratiano
751 2844 887 2879 autem
925 2840 1118 2878 defuncto
1157 2838 1320 2875 relictus
1358 2839 1418 2874 est
1449 2846 1523 2873 rex
1559 2835 1787 2874 Occidentis

253 2899 422 2939 2M1NOR
449 2891 808 2939 VALEN'rlNIANUS,
848 2890 917 2940 qui
950 2889 1207 2940 pubertatem
1239 2886 1421 2925 nondum
1453 2885 1656 2934 attigerat.
1709 2884 1787 2933 Qui
