1968 3302
262 232 331 275 126
663 230 845 276 ZONAR.
872 230 1004 274 EPIT.
1030 230 1122 274 x1v
1150 237 1182 282 1,
1207 230 1360 274 23-35.

260 377 336 402 νου
368 359 440 402 τὸν
470 365 542 415 τῆς
562 359 801 415 βασιλίσσης
823 360 1009 414 Βηρίνης
1031 359 1243 413 ὁμαίμονα
1266 360 1518 403 Βασιλίσκον
1539 362 1760 405 ἅνθείλετο.

200 433 247 469 24
261 430 309 475 ὃς
347 428 422 470 σὺν
461 428 596 483 στόλῳ
634 429 779 481 πολλῷ
815 427 921 469 κατὰ
959 427 1178 481 Γιζερίχου
1219 429 1469 482 στρατεύσας
1506 431 1550 472 ἓν
1581 431 1761 487 Ἀφρικῇ

260 498 419 552 ἡττήθη
452 498 542 539 λίαν
574 499 760 551 αἰσχρῶς
790 496 861 537 καὶ
892 495 938 537 τὸ
970 496 1110 537 πλεῖον
1140 500 1213 538 τοῦ
1252 497 1399 539 στόλου
1437 498 1656 554 ἀπέβαλεν,
1701 500 1763 546 ὡς

258 567 338 620 μέν
368 583 470 610 τινες
502 567 747 619 ἱστοροῦσιν,
787 565 833 605 ἐκ
866 565 1149 619 κακοβουλίας
1180 565 1250 606 καὶ
1280 570 1354 607 τοῦ
1385 566 1445 622 μὴ
1479 572 1763 623 στρατηγικῶς

199 640 245 675 25
260 635 465 676 διαθεῖναι
495 635 566 676 τὸν
597 635 793 687 πόλεμον,
839 633 901 679 ὡς
934 633 970 674 δ’
1004 633 1146 686 ἕτεροι,
1191 634 1238 675 ἔκ
1269 635 1519 688 προδοσίας·
1565 637 1797 691 χρήματα5

259 703 338 757 γὰρ
372 703 498 745 αὐτὸν
529 704 669 757 λαβεῖν
700 702 865 743 πλεῖστά
898 717 1001 756 φασι
1035 702 1151 755 παροὶ
1184 702 1215 743 Ι
1218 702 1416 758 Ίιζερίχου,
1462 704 1533 746 καὶ
1571 709 1644 746 τοῦ
1681 722 1759 748 πο-

50 777 81 813 Ρ
96 777 190 812 1151
208 776 242 812 A
257 772 387 826 λέμου
411 772 689 825 συρραγέντος
711 771 886 824 στρέψαι
907 770 981 824 τὴν
1003 771 1251 825 στρατηγίδα
1273 773 1434 827 τριήρη,
1467 773 1538 814 καὶ
1564 774 1761 828 πρύμναν

197 846 242 881 26
257 841 549 894 κρουσάμενον
581 841 637 885 εἷς
669 839 809 893 φυγὴν
839 840 1085 893 τραπέσθαι,
1118 840 1347 882 κάντεῦθεν
1376 842 1541 896 θάρσος
1560 842 1638 896 μὲν
1660 843 1758 884 ἔνει-

256 910 371 951 κέναι
402 913 487 955 τοῖς
518 909 728 962 ἐναντίοις,
760 912 845 949 τῶν
878 906 915 949 δ’
950 909 1117 950 οἰκείων
1148 910 1396 964 καταβαλεῖν
1421 910 1470 951 τὰ
1493 912 1758 966 φρονήματα,

254 978 326 1019 καὶ
356 977 427 1019 τὸν
457 977 536 1031 μὲν
568 977 808 1018 ἐπανελθεῖν
842 977 1055 1023 δυσκλεῶς
1085 975 1173 1031 μετ’
1208 979 1370 1032 ὀλίγων,
1403 979 1500 1026 τοὺς
1522 980 1567 1022 δὲ
1587 980 1758 1027 λοιποὺς
1773 986 1819 1022 10

255 1047 299 1088 ἕν
329 1051 378 1102 τῇ
410 1047 623 1100 ναυμαχίᾳ
654 1050 804 1087 πεσεῖν.

194 1121 240 1156 27
377 1115 523 1170 Τούτῳ
566 1121 628 1169 τῷ
670 1115 832 1170 βασιλεῖ
871 1116 1041 1169 ἔγγονος
1088 1115 1133 1163 ἒξ
1166 1116 1388 1172 Ἀριάδνης
1430 1122 1502 1172 τῆς
1544 1117 1758 1172 θυγατρὸς

254 1185 457 1239 ἐγεννήθη
490 1184 562 1225 καὶ
594 1183 809 1238 Ζήνωνος,
845 1185 893 1225 ὃν
924 1183 1086 1225 Λέοντα
1119 1185 1334 1239 ὀνομάσας
1366 1186 1523 1233 ἐκεῖνος
1553 1187 1806 1241 βασιλικῴΙ)
1825 1195 1968 1233 111254

193 1258 239 1294 28
252 1258 399 1295 ταινιοῒ
427 1253 650 1307 διαδήματι
681 1252 747 1293 ἐπὶ
777 1253 888 1294 πάνυ
920 1253 1046 1307 νηπίᾳ
1077 1257 1126 1307 τῇ
1159 1254 1307 1307 ἡλικίᾳ.
1370 1254 1442 1296 τὸν
1471 1254 1550 1309 γὰρ
1573 1255 1755 1310 Ζήνωνα

251 1327 301 1377 τῇ
332 1322 517 1377 βασιλείᾳ
547 1321 607 1376 μὴ
640 1322 908 1376 προσήκοντα
942 1322 1113 1375 ἔκρινεν,
1148 1322 1208 1363 ὅτι
1238 1323 1342 1377 μήτε
1373 1323 1447 1378 τὴν
1477 1325 1652 1379 γνώμην
1673 1323 1755 1379 εἶχε
1772 1334 1814 1370 15

251 1391 469 1446 βασιλικὴν
498 1391 603 1445 μήτε
633 1390 720 1444 μὴν
751 1389 861 1436 εἶδος
892 1391 1009 1438 ἄξιον
1039 1391 1297 1445 τυραννίδος,
1331 1392 1434 1433 ἀλλὰ
1466 1393 1538 1434 καὶ
1557 1393 1632 1447 τὴν
1654 1394 1755 1447 ὄψιν

192 1465 239 1500 29
252 1459 304 1515 ἦν
335 1460 646 1514 εἷδεχθέστατος
677 1459 748 1500 καὶ
779 1459 852 1514 τὴν
883 1459 1027 1514 ψυχὴν
1059 1459 1140 1514 εἶχε
1171 1465 1243 1514 τῆς
1273 1461 1420 1515 ὅψεως
1441 1463 1622 1517 χείρονα.
1687 1462 1753 1505 διὰ

250 1529 372 1570 τοῦτό
403 1545 507 1575 τινες
538 1529 771 1583 ἱστοροῦσιν
803 1528 1074 1583 ἀναιρεθῆναι
1099 1528 1171 1570 τὸν
1189 1529 1380 1584 ’Ἀσπαρα
1413 1530 1483 1572 καὶ
1513 1530 1585 1573 τὸν
1600 1531 1751 1585 Ἀρδα-

251 1660 297 1696 12
322 1661 372 1695 ὅτι
406 1659 464 1695 τὸν
499 1659 592 1705 (om.
620 1658 662 1703 C)
697 1659 837 1705 ἔγγονον
870 1659 977 1695 αὐτοῦ
1002 1659 1023 1695 o‘
1046 1659 1151 1695 Λέων
1184 1660 1308 1707 ἔστεφε
1339 1661 1525 1707 διαδήματι
1559 1661 1607 1701 εἷς
1645 1662 1750 1704 (διαδ.

249 1709 298 1748 εἷς
326 1719 402 1746 om.
428 1708 475 1751 E)
500 1708 643 1755 βασιλέα
670 1707 733 1744 ΟΕ

323 1829 342 1864 1
370 1831 465 1864 ante
490 1829 583 1874 Βηρ.
612 1827 703 1864 add.
730 1832 790 1874 τῆς
817 1827 984 1874 CDEwp
1091 1829 1113 1864 3
1138 1827 1289 1875 ἀπέβαλε
1316 1827 1477 1875 prDi
1502 1830 1639 1866 invitis
1665 1829 1747 1875 AR,

320 1887 359 1912 V.
384 1877 437 1912 ad
461 1876 558 1912 XIII
585 1877 617 1922 1,
643 1877 665 1912 5
778 1876 801 1911 4
827 1879 917 1922 post
941 1876 991 1922 μὴ
1020 1876 1111 1911 add.
1138 1877 1176 1911 εὗ
1202 1877 1262 1912 καὶ
1288 1877 1430 1922 ΒΕΨΡ,
1456 1877 1495 1912 εὖ
1522 1878 1566 1922 R,
1593 1878 1652 1914 καὶ
1678 1878 1747 1918 Dw

320 1925 342 1960 5
368 1926 477 1969 ἕτεροι
503 1924 583 1969 ΑΕ,
610 1925 706 1960 ἄλλοι
735 1924 832 1970 pr
959 1925 980 1959 6
1007 1925 1125 1970 λαβεῖν
1150 1924 1291 1960 πλεῖστα
1320 1925 1407 1970 φασὶ
1433 1926 1554 1970 (φασὶν
1582 1926 1627 1968 Ε)
1651 1926 1747 1972 παρὰ

320 1975 496 2018 γιζερίχου
514 1971 595 2018 ΑΕ,
620 1973 763 2008 πλεῖστα
779 1971 875 2016 παρὰ
893 1973 1069 2018 γιζερίχου
1088 1972 1173 2017 φασὶ
1191 1973 1310 2018 λαβεῖν
1328 1973 1443 2019 pr,
1470 1974 1589 2019 λαβεῖν
1605 1974 1746 2010 πλεῖστα

318 2021 413 2066 παρὰ
437 2022 614 2066 γιζερίχου
641 2021 733 2066 φασί
755 2020 788 2055 R
927 2021 948 2056 7
975 2021 1182 2066 στρατηγίδα
1209 2019 1288 2065 ΛΕ,
1315 2022 1509 2066 ναυαρχίδα
1537 2021 1634 2068 pr

320 2069 341 2104 7
372 2069 450 2114 Ιηρη
477 2069 538 2104 καὶ
561 2069 722 2114 πρύμναν
749 2087 791 2093 -—-
817 2068 840 2103 8
865 2068 1058 2103 κάντεῦθεν
1085 2079 1159 2103 om.
1186 2068 1218 2103 E
1399 2070 1422 2104 8
1446 2070 1689 2114 κρουσάμενος
1716 2069 1745 2106 C

321 2117 366 2151 10
389 2117 600 2152 ὗπανελθεΐν
614 2117 644 2151 Ε
741 2116 870 2162 ὀλίγων
884 2114 1053 2162 prDi,
1079 2116 1194 2161 ὀλίγον
1208 2115 1243 2151 Α
1342 2116 1386 2151 14
1411 2119 1515 2162 νηπίᾳ
1539 2118 1631 2153 πάνυ
1646 2117 1744 2164 pr

321 2164 365 2199 15
389 2164 440 2211 μὴ
465 2164 613 2210 προςήκ.
640 2170 681 2210 τῇ
705 2166 785 2210 βασ.
813 2163 911 2210 pr
1012 2164 1056 2198 18
1082 2165 1204 2199 τούτου
1231 2164 1278 2209 D,
1307 2175 1408 2200 corr.
1435 2165 1504 2204 Dw

185 2294 232 2330 24
245 2293 494 2339 Basiliscum,
532 2294 699 2329 fratrem
737 2293 906 2339 reginae
932 2293 1117 2338 Verinae,
1156 2293 1324 2329 suffecit.
1376 2293 1452 2335 Qui
1487 2304 1577 2329 cum
1616 2294 1743 2330 classe

244 2353 395 2389 magna
421 2342 620 2378 adversus
647 2341 876 2378 Gizericum
901 2341 1109 2387 profectus
1135 2342 1175 2376 in
1194 2340 1332 2376 Africa
1355 2342 1585 2387 turpissime
1611 2343 1743 2378 victus

245 2393 305 2426 est
330 2394 369 2426 et
394 2391 588 2426 maiorem
615 2393 772 2435 partem
797 2389 934 2425 classis
961 2389 1103 2433 amisit,
1140 2391 1185 2423 ut
1210 2389 1393 2424 nonnulli
1422 2389 1571 2434 dicunt,
1611 2400 1663 2425 ex
1689 2393 1742 2426 te-

184 2439 230 2474 25
244 2439 428 2474 meritate
455 2441 579 2484 atque
604 2438 763 2472 inscitia
789 2438 847 2473 rei
873 2437 1052 2481 bellicae,
1079 2440 1124 2472 ut
1149 2437 1226 2480 alii,
1254 2447 1326 2482 per
1352 2437 1632 2482 proditionem.
1672 2437 1742 2473 Pe-

245 2487 365 2521 cunia
405 2486 510 2521 enim
549 2488 718 2531 accepta
756 2485 808 2520 ab
842 2483 1026 2521 Gizerico
1065 2485 1242 2519 maxima
1281 2485 1420 2519 dieunt
1459 2495 1550 2520 eum
1584 2486 1739 2531 proelio

244 2535 456 2569 commisso
489 2534 734 2579 praetoriam
765 2533 969 2568 triremem
1001 2532 1170 2567 vertisse
1202 2535 1241 2567 et
1266 2535 1373 2568 retro
1407 2532 1654 2568 inhibentem
1681 2534 1739 2568 fu-

183 2581 229 2618 26
243 2582 363 2627 gisse,
396 2582 536 2626 itaque
568 2581 711 2616 animis
743 2581 917 2616 incensis
952 2580 1126 2615 hostium
1161 2590 1326 2615 suorum
1360 2581 1613 2615 comminutis
1647 2591 1738 2616 eum

243 2630 385 2675 paucis
412 2629 574 2664 domum
600 2629 772 2674 turpiter
797 2628 960 2671 redisse,
1000 2628 1143 2663 ceteris
1175 2628 1312 2662 navali
1338 2638 1479 2673 pugna
1505 2629 1736 2664 interfectis.

183 2677 229 2713 27
361 2677 558 2722 Nepotem
584 2676 678 2712 huie
704 2677 792 2722 regi
819 2686 870 2711 ex
888 2674 1068 2711 Ariadne
1094 2675 1175 2710 filia
1202 2678 1241 2710 et
1259 2675 1419 2711 Zenone
1438 2677 1620 2721 genitum
1639 2675 1737 2712 Leo-

242 2735 335 2759 nem
374 2725 551 2770 appellat
588 2727 627 2760 et
665 2725 779 2770 regio
821 2726 938 2759 ornat
970 2723 1209 2767 diademate,
1250 2723 1435 2768 quamvis
1472 2724 1601 2769 prima
1633 2727 1738 2759 esset

182 2773 229 2810 28
242 2773 426 2807 infantia.
475 2771 576 2808 Nam
615 2771 816 2807 Zenonem
852 2781 981 2817 regno
1019 2781 1102 2806 non
1139 2770 1330 2805 idoneum
1368 2771 1586 2815 iudicabat,
1628 2772 1736 2816 quod

242 2830 376 2865 neque
402 2820 535 2855 animo
563 2823 650 2855 erat
675 2819 791 2865 regio
818 2829 952 2865 neque
979 2819 1098 2854 etiam
1131 2818 1265 2863 specie
1299 2818 1424 2864 digna
1463 2819 1630 2864 imperio
1665 2819 1736 2854 sed

182 2869 314 2907 290re
339 2868 570 2903 taeterrimo
598 2870 637 2903 et
663 2868 796 2903 animo
824 2867 1036 2912 deteriore,
1064 2875 1185 2912 quam
1204 2875 1284 2901 ore.
1336 2865 1535 2908 Quocirca
1553 2866 1735 2902 nonnulii

241 2918 411 2955 narrant
444 2915 624 2954 sublatos
664 2925 753 2952 esse
785 2914 982 2963 Asparem
1017 2917 1057 2952 et
1089 2912 1363 2950 Ardaburium
1402 2914 1453 2950 ab
1491 2915 1736 2962 imperatore
