2054 3282
454 292 614 335 LEONI
638 292 847 335 NEeA'ro
874 291 1128 334 svccssnrr
1153 282 1388 331 MICHAfiL
1414 289 1484 328 111.
1651 288 1723 328 335

224 419 282 466 εἰς
310 418 383 461 τὸν
413 417 517 461 ναὸν
548 419 785 474 ἐπεδήμησε
805 417 877 460 καὶ
899 417 1093 472 διάτορον
1113 417 1225 471 ἔχων
1246 413 1456 471 φθόγγον,
1487 412 1724 469 βαρύτατον

226 486 272 528 δὲ
302 487 374 528 καὶ
405 486 480 528 σὺν
510 487 729 542 τραχύτητι
758 490 846 532 ταῖς
877 487 1027 531 ἀκοαῖς
1057 485 1340 539 εἶσὸυόμενον,
1377 483 1485 538 ᾤετο
1517 482 1724 536 εὖφωνεῒν

225 555 297 597 καὶ
328 554 428 596 εἶναι
458 555 809 610 μελῳὸικώτατος
838 554 910 596 καὶ
942 554 1227 608 κατάρχεσθαι
1257 556 1343 594 τῶν
1380 552 1530 606 ὕμνων
1566 550 1722 592 εἰώθει.

225 623 316 665 τότε
344 624 483 665 τοίνυν
513 622 612 668 στὰς
642 623 897 677 ε’ξεφώνησε,
1738 622 1785 658 38

173 699 196 734 5
510 696 572 746 τῷ
602 691 890 736 παντάνακτος
920 690 1196 745 ἔξεφαύλισαν
1224 689 1366 743 πόθῳ.

226 760 298 804 καὶ
334 760 481 801 αὐτίκα
518 764 592 814 τῆς
630 759 786 813 γωνίας
820 760 860 801 οἱ
898 756 988 799 κατ’
1030 759 1160 800 αὑτοῦ
1202 758 1496 812 μελετήσαντες
1538 756 1610 797 καὶ
1651 758 1726 797 τοῦ
1739 759 1786 795 39
1807 758 1999 795 W111109

227 828 404 874 σκότους
425 828 639 882 ἐξέθορον,
661 826 710 868 τὰ
733 828 831 882 ξίφη
855 827 1130 882 σπασάμενοι·
1164 827 1188 868 ὁ
1214 826 1259 868 δὲ
1281 826 1415 871 συνεὶς
1435 825 1482 867 τὸ
1505 825 1727 879 δρώμενον

227 897 447 951 εἶσέὸραμε
488 896 534 938 τὸ
577 896 891 950 θυσιαστήριον,
936 895 1007 936 καὶ
1046 895 1086 936 οἳ
1124 895 1254 936 αὐτοῦ
1293 894 1339 936 δὲ
1376 894 1584 948 ἀναιρέται
1615 893 1725 947 ἒφεί-

227 980 368 1019 ποντο,
413 965 539 1006 κάκεῖ
570 963 681 1017 πρὸς
717 964 859 1005 αὐτῶν
896 963 1068 1009 πολλαῖς
1104 962 1392 1017 κατατρωθεὶς
1427 965 1516 1008 ταῖς
1551 961 1727 1016 πληγαῖς
1742 966 1777 1001 D
1824 1018 1827 1020 ι

0 1082 20 1090 Ι,
169 1041 217 1076 10
228 1033 300 1075 καὶ
336 1033 411 1088 τὴν
446 1036 564 1087 χεῖρα
604 1032 864 1087 ἀποτμηθεὶς
902 1032 1018 1078 τέλος
1056 1031 1251 1087 ἀφῄρητο
1293 1031 1365 1073 καὶ
1407 1030 1481 1085 τὴν
1524 1030 1726 1085 κεφαλήν,

0 1096 18 1164 Q
228 1101 476 1157 βασιλεύσας
508 1101 643 1155 ὠμῶς
673 1117 715 1143 τε
746 1101 817 1142 καὶ
848 1101 1014 1155 ἀσεβῶς
1045 1100 1111 1142 ἐπὶ
1132 1101 1199 1155 ἔτη
1223 1099 1323 1142 ἑπτὰ
1345 1099 1416 1141 καὶ
1436 1104 1575 1154 μῆνας
1594 1099 1726 1140 πέντε.

0 1162 16 1213 ,Γ
229 1170 301 1212 καὶ
331 1170 356 1211 ὁ
385 1169 464 1224 μὲν
495 1170 656 1211 ἐκείνου
686 1168 837 1223 νεκρὸς
873 1170 931 1215 εἷς
966 1168 1039 1210 τὸν
1065 1168 1350 1223 Ἱππόδρομον
1389 1168 1622 1222 συρόμενος
1659 1167 1726 1222 ἔρ-
1740 1172 1789 1208 40

230 1254 360 1294 ριπτο.
422 1239 447 1280 ὁ
480 1238 526 1280 δὲ
556 1237 731 1292 Μιχαὴλ
762 1238 817 1279 ἔτι
849 1237 944 1284 τοὺς
974 1237 1111 1284 πόδας
1142 1238 1206 1278 ὢν
1236 1237 1503 1292 σιδηρόόετος
1545 1235 1586 1291 (ἡ
1619 1235 1728 1282 κλεὶς
1741 1241 1786 1277 41

231 1306 312 1362 γὰρ
344 1307 422 1362 οὐχ
459 1308 610 1362 εὕρητο
646 1309 732 1348 τῶν
771 1306 941 1360 δεσμῶν
977 1306 1137 1354 αὐτίκα,
1180 1309 1254 1347 τοῦ
1286 1305 1469 1351 Λέοντος
1500 1305 1630 1360 αὐτὴν
1661 1305 1727 1358 ε’γ-

172 1382 218 1419 15
231 1375 406 1417 κόλπιον
443 1373 663 1430 φέροντος)
709 1374 942 1429 εὐφημήθη
982 1374 1053 1415 καὶ
1089 1374 1390 1429 προσεκυνήθη
1429 1373 1491 1420 ὡς
1521 1373 1727 1428 βασιλεύς.

231 1443 314 1486 εἶτα
356 1447 442 1486 τῶν
485 1444 672 1498 σιόήρων
714 1443 1021 1497 θραυσθέντων
1064 1443 1122 1488 εἷς
1163 1442 1238 1497 τὴν
1279 1442 1464 1497 μεγάλην
1507 1441 1729 1497 ἐκκλησίαν
1742 1443 1800 1485 22

230 1606 253 1642 6
281 1605 455 1652 ἀναίρεσις
479 1606 631 1645 Λέοντος
655 1610 717 1641 τοῦ
739 1604 919 1651 Ἀρμενίου
946 1604 1009 1642 ΟΕ
1192 1605 1236 1641 13
1262 1605 1453 1651 ἅνάρρησις
1477 1609 1538 1641 τοῦ
1564 1607 1655 1648 (om.
1683 1605 1729 1647 E)

229 1654 378 1700 Μιχαὴλ
396 1659 457 1690 τοῦ
475 1654 626 1698 τραυλοῦ
645 1655 687 1695 (τ.
702 1667 752 1699 τρ.
769 1664 844 1689 οῐῐι.
859 1653 902 1695 C)
923 1652 985 1689 Ch]
1003 1653 1050 1688 ἔτι
1069 1652 1148 1693 τοὺς
1168 1654 1279 1693 πόδας
1303 1653 1546 1698 πεπεδημένου
1565 1652 1604 1698 C,
1631 1654 1731 1699 βασι-

230 1702 304 1737 λεία
334 1701 483 1748 Μιχαὴλ
507 1702 691 1747 Ἀμοραίου
717 1704 808 1743 (om.
834 1699 884 1744 A)
910 1706 970 1736 τοῦ
996 1702 1146 1747 τραυλοῦ
1178 1701 1248 1736 ΑΕ
1395 1702 1439 1736 16
1469 1701 1629 1747 βασιλεία
1658 1702 1731 1736 Μι-

230 1748 322 1796 χαὴλ
348 1749 451 1786 ΒΟῙ)
477 1754 538 1785 τοῦ
563 1749 713 1795 τραυλοῦ
740 1748 807 1785 CD

0 1714 21 1766 ἐξ.

305 1904 328 1940 2
353 1905 414 1941 καὶ
446 1915 522 1942 om.
555 1904 585 1942 C
705 1905 728 1941 2
753 1905 996 1951 εἰςὸυνόμενον
1022 1904 1071 1952 p*
1096 1906 1233 1942 invitis
1258 1904 1368 1942 ARW
1489 1905 1522 1941 6.
1549 1905 1570 1941 7
1595 1906 1632 1941 οἱ
1653 1905 1730 1941 κατ’

305 1952 412 1989 αὐτοῦ
439 1953 686 1999 μελετήσαντες
716 1959 776 1999 τῆς
806 1955 934 1999 γωνίας
966 1953 1135 1998 ἐξέθορον
1167 1954 1324 1989 omissis
1349 1953 1409 1989 καὶ
1434 1958 1495 1989 τοῦ
1521 1955 1671 1992 σκότους
1698 1953 1729 1989 Ο

307 2001 328 2036 7
354 1995 477 2040 aureis-⁶
493 2001 531 2036 τὸ
556 2001 740 2046 δρώμενον
766 2002 1011 2047 (δραττόμενον
1038 2002 1083 2044 Ε)
1109 2000 1190 2046 ΑΕ,
1216 2003 1322 2047 φόβω
1349 2002 1502 2047 ληφθεὶς
1529 2001 1657 2047 O(wp)

304 2050 328 2084 8
352 2047 392 2083 δὲ
417 2059 492 2084 om.
520 2048 552 2084 Ο
650 2049 672 2084 9
697 2048 801 2085 αὐτὸν
828 2049 859 2084 Ε
958 2050 999 2084 11
1027 2063 1062 2084 τε
1087 2049 1147 2084 καὶ
1169 2049 1306 2095 ἀσεβῶς
1332 2048 1413 2094 AO,
1440 2063 1474 2084 τε
1500 2049 1561 2085 καὶ
1586 2049 1731 2094 ἀπηνῶς

304 2096 365 2131 καὶ
389 2095 527 2142 ἀσεβῶς
553 2096 650 2142 Ewp
749 2097 794 2132 12
819 2097 954 2133 ἐκεῖνον
980 2097 1016 2132 D
1113 2098 1326 2142 συνρόμενος
1352 2097 1383 2132 Ε
1487 2097 1532 2132 14
1557 2101 1647 2143 post
1672 2097 1731 2132 αὐ-

304 2145 384 2179 τίκα
409 2143 592 2179 distinxit
618 2144 730 2181 B-W
821 2143 1019 2189 ἕγκόλπιον]
1046 2143 1083 2179 ἒν
1107 2146 1231 2180 κόλπω
1259 2144 1295 2180 D
1408 2145 1451 2180 16
1476 2149 1547 2180 τῶν
1573 2145 1731 2190 σιόήρων

306 2192 561 2236 θραυσθέντων
586 2190 667 2234 ΑΕ,
694 2197 754 2238 τῆς
780 2192 919 2232 κλειδὸς
941 2192 992 2238 μὴ
1018 2192 1274 2238 εὖρισκομένης
1298 2192 1340 2228 τὰ
1365 2194 1492 2238 σίδηρα
1516 2193 1731 2238 ὅιεκόπησαν

306 2239 608 2285 (ὅιεθραύσθησαν
635 2239 678 2284 B,
705 2240 942 2275 διεσκόπασαν
967 2239 1087 2285 w*p)·
1114 2241 1229 2276 ἔωθεν
1254 2240 1317 2276 οὖν
1341 2241 1362 2276 ὅ
1383 2239 1515 2286 μιχαὴλ
1542 2240 1640 2286 pr

234 2397 349 2441 parte
373 2395 623 2439 cecinissent,
649 2405 722 2430 rex
749 2404 913 2441 quoque
939 2394 1079 2431 aedem
1099 2395 1337 2441 ingreditur,
1364 2396 1444 2442 qui,
1472 2406 1561 2431 cum
1581 2406 1733 2442 magna

234 2446 339 2479 esset
368 2454 470 2479 voce
501 2443 572 2478 sed
605 2443 848 2489 gravissima
880 2446 918 2478 et
951 2453 1039 2478 cum
1068 2444 1286 2489 asperitate
1313 2445 1480 2479 auribus
1506 2445 1731 2489 insonante,

234 2500 278 2526 se
304 2491 408 2527 bene
434 2495 600 2526 cantare
626 2501 674 2526 ac
699 2490 951 2536 praeclarum
979 2501 1067 2526 esse
1094 2492 1289 2527 musicum
1320 2492 1563 2538 opinabatur
1595 2495 1635 2528 et
1665 2492 1732 2538 hy-

235 2548 350 2574 mnos
375 2539 578 2585 auspicari
605 2542 830 2574 consuerat.
881 2538 941 2573 Ac
966 2543 1049 2574 tum
1076 2542 1188 2574 stans
1214 2539 1474 2575 exclamavit:
1745 2542 1793 2578 38

355 2585 554 2632 Sprevere
580 2587 723 2621 summi
751 2590 897 2621 cuncta
926 2596 1063 2622 amore
1091 2587 1293 2633 principis.

236 2633 496 2670 Insidiatores
514 2643 611 2669 vero
630 2635 761 2669 statim
782 2635 928 2669 strictis
948 2634 1112 2669 ensibus
1131 2645 1182 2670 ex
1202 2635 1352 2681 angulo
1370 2635 1435 2671 illo
1456 2635 1629 2671 obscuro
1645 2645 1732 2682 pro·
1745 2638 1792 2673 39

236 2681 449 2727 siiuerunt3
476 2681 540 2717 ilie
561 2691 604 2716 re
629 2685 841 2728 perspecta
867 2682 906 2716 in
935 2683 1156 2717 sacrarium
1185 2683 1370 2727 accurrit,
1399 2693 1518 2728 quem
1537 2684 1576 2719 hi
1596 2693 1732 2719 conse·

237 2729 317 2764 cuti
337 2729 470 2764 multis
489 2729 725 2764 vulneribus
740 2730 1015 2773 confecerunt,
1042 2733 1253 2775 amputata
1271 2741 1394 2766 manu
1413 2735 1451 2766 et
1470 2732 1613 2778 capite,
1641 2741 1731 2767 eum

237 2776 454 2812 crudeliter
471 2780 594 2823 atque
612 2777 732 2823 impie
750 2787 879 2812 annos
898 2781 1050 2823 septem
1070 2782 1108 2813 et
1128 2788 1285 2813 menses
1304 2779 1483 2824 quinque
1509 2783 1731 2825 regnasset.

237 2823 332 2859 Eius
353 2834 500 2870 corpus
519 2825 559 2859 in
580 2823 898 2870 Hippodromum
919 2829 1162 2870 pertractum
1183 2825 1319 2871 ibique
1342 2826 1543 2862 abiectum
1569 2831 1640 2862 cst.
1680 2826 1733 2863 At
1745 2827 1803 2864 40.
1829 2828 1873 2864 41

236 2870 405 2907 Miciiaiii
432 2871 682 2918 compeditus
704 2873 852 2918 (neque
871 2873 974 2907 enim
995 2874 1127 2908 statim
1147 2873 1426 2918 reperiebatur
1446 2874 1582 2919 clavis,
1610 2885 1732 2921 quam

236 2917 320 2955 Leo
347 2919 387 2954 in
417 2920 508 2955 sinu
533 2920 736 2966 gestabat)
763 2921 877 2956 laetis
904 2921 1264 2956 acclamationibus
1287 2925 1333 2957 ut
1354 2932 1424 2956 rex
1447 2922 1643 2958 adoratus
1661 2926 1732 2959 est.

235 2965 293 3002 22.
329 2965 486 3003 Deinde
518 2966 780 3014 compedibus
822 2968 964 3003 ferreis
996 2967 1178 3004 dissectis
1212 2969 1253 3004 in
1285 2979 1475 3016 magnam
1522 2970 1733 3008 ecclesiam
