2066 3230
365 221 435 262 706
701 222 882 263 zoNAR.
909 222 1040 261 EPIT.
1066 221 1198 261 xvm
1224 222 1279 271 15,
1307 222 1458 270 16—16,
1482 222 1516 261 4.

306 351 352 389 17
365 346 427 393 ὥς
470 346 594 388 οὐδέν
635 363 671 388 τι
713 347 889 388 πείσεται
932 347 1068 401 ἄχαρι.
1128 346 1352 401 θαρρήσας
1391 345 1467 388 οὗν
1505 346 1663 393 τούτοις
1700 347 1724 388 ὁ
1756 346 1853 390 Διο-

366 415 487 469 γένης
526 416 645 463 ἔξεισι
680 415 943 469 μελανείμων
979 414 1050 455 καὶ
1082 414 1229 456 ἑαυτὸν
1261 415 1470 469 ἐγχειρίζει
1500 419 1561 469 τῷ
1585 414 1854 470 Ἀνδρονίκῳ.

307 483 390 525 186
422 484 467 525 δὲ
497 488 643 525 τοῦτον
674 483 819 537 λαβὼν
851 483 1031 538 ἐπανῄει,
1071 483 1142 525 καὶ
1173 484 1229 529 εἶς
1259 483 1306 524 τὸ
1339 482 1567 524 Κοτυάειον
1599 483 1856 538 ἀφικόμενος

364 553 620 606 προσέμενεν
663 552 707 592 ἐν
750 552 877 605 αὐτῷ,
922 552 1006 597 ἕως
1042 553 1094 593 ἂν
1131 551 1248 604 αὐτῷ
1286 551 1525 605 κελευσθείη
1563 551 1610 592 τὸ
1650 552 1854 606 ποιητέον,

364 624 437 661 τοῦ
470 621 692 673 Διογένους
729 620 1064 674 νοσηλευομένου
1102 620 1149 661 ἐκ
1179 619 1347 664 πόσεώς
1377 635 1485 665 τινος
1515 619 1748 674 φαρμάκου
1781 620 1854 674 δη-
1871 628 1894 663 5

307 695 352 730 19
364 687 560 742 λητηρίου
599 688 834 742 ἐπιβούλως
870 689 1151 741 κερασθέντος
1182 689 1312 742 αὐτῷ.
1375 689 1463 729 ἐκεῖ
1488 688 1624 729 τοίνυν
1654 689 1854 743 ἐπέμφθη

365 756 569 810 βασίλειος
599 760 761 811 ψῆφος,
800 760 874 797 τοῦ
906 756 1051 811 φωτὸς
1082 757 1333 811 στερηθῆναι
1362 755 1433 798 τὸν
1462 756 1596 811 μηδὲν
1626 756 1856 811 ἠδικηκότα

306 832 353 867 20
365 824 605 865 κελεύουσα.
667 825 738 866 καὶ
781 825 928 866 αὐτίκα
972 825 1069 871 τοὺς
1113 824 1366 879 ὀφθαλμοὺς
1409 825 1704 879 ἐξωρώρυκτο,
1747 841 1855 879 παρ-

365 892 500 933 όντων
543 892 614 933 καὶ
655 896 741 933 τῶν
777 893 1008 947 ἀρχιερέων
1045 892 1116 934 καὶ
1155 893 1199 934 ἐν
1239 893 1363 946 δεινῷ
1398 894 1666 947 ποιουμένων
1696 893 1770 948 τὴν
1801 894 1858 940 εἷς

315 959 436 1004 Βτὸν
479 961 713 1015 ἄνθρωπον
757 962 997 1016 συμφοράν,
1040 961 1249 1015 μηδεμιᾶς
1290 962 1430 1015 μέντοι
1469 961 1732 1015 ἀξιουμένων
1770 962 1855 1004 ἐπι-
1871 969 1918 1004 10

306 1039 350 1074 21
366 1033 564 1084 στροφῆς.
627 1029 825 1083 ὠμότατα
859 1029 904 1070 δὲ
934 1029 982 1071 τὰ
1010 1030 1179 1084 ὄμματα
1202 1029 1394 1075 ἐκκοπεὶς
1415 1029 1485 1071 καὶ
1505 1027 1606 1084 μηδ’
1630 1030 1859 1085 ἐπιμελείας

364 1102 437 1152 τῆς
469 1097 646 1152 δεούσης
676 1098 816 1153 τυχὼν
849 1098 1048 1153 διῳδήκει
1087 1098 1161 1152 τὴν
1198 1098 1399 1152 κεφαλήν,
1444 1098 1516 1139 καὶ
1553 1099 1595 1139 αἱ
1630 1099 1786 1154 πληγαί
1819 1100 1860 1140 οἱ

366 1166 556 1214 ἐξέζεσαν
595 1167 821 1221 σκώληκας
858 1166 928 1208 καὶ
970 1167 994 1207 ὁ
1032 1166 1115 1221 ἀὴρ
1153 1167 1177 1207 ὁ
1207 1166 1302 1221 περὶ
1339 1167 1496 1208 ἐκεῖνον
1534 1167 1746 1212 δυσωδίας
1782 1183 1856 1221 με-

306 1245 352 1280 22
364 1235 554 1288 μέστωτο
597 1235 645 1276 ἐκ
683 1240 756 1290 τῆς
792 1236 977 1290 σήψεως.
1041 1236 1177 1282 οὕτως
1214 1234 1290 1277 οὖν
1327 1239 1476 1281 κακῶς
1513 1235 1771 1290 διακείμενος
1801 1237 1858 1282 εἷς

365 1303 439 1358 τὴν
478 1303 744 1359 καλουμένην
775 1304 963 1359 Πρώτην
1001 1309 1129 1359 νῆσον
1167 1304 1378 1358 ἀπάγεται,
1422 1304 1466 1345 ἐν
1501 1303 1531 1359 ᾖ
1561 1309 1748 1358 σεμνεῖον
1785 1306 1856 1346 ἀν-
1873 1309 1918 1344 15

306 1382 352 1418 23
366 1373 503 1426 ήγειρε
532 1372 628 1427 περὶ
657 1372 704 1414 τὸ
735 1377 807 1428 τῆς
837 1374 968 1428 νήσου
998 1373 1320 1428 μετεωρότερον.
1382 1373 1520 1427 βραχύ
1541 1389 1576 1414 τι
1604 1373 1740 1415 τοίνυν
1771 1374 1856 1415 ἐπι-

365 1441 526 1494 βιώσας
558 1441 646 1482 ἐκεῖ
670 1441 742 1483 τὸν
771 1445 876 1496 χοῦν
907 1442 1145 1482 ἀποτίθεται
1177 1442 1220 1483 ἐν
1252 1442 1368 1496 αὐτῇ,
1399 1441 1515 1496 παρὰ
1547 1446 1619 1496 τῆς
1648 1441 1908 1496 βασιλίδοςῙ)
1926 1446 1980 1483 IV
1997 1445 2066 1482 219

365 1509 581 1556 Εὗδοκίας
605 1510 875 1566 λαμπρότατα
907 1510 1144 1565 κηδευθείς,
1175 1510 1423 1565 βασιλεύσας
1454 1511 1522 1564 ἔτη
1554 1510 1643 1565 τρία
1675 1510 1746 1551 καὶ
1775 1514 1857 1566 μῆ-

365 1594 441 1625 νας
472 1579 599 1621 ὀκτώ.

365 1671 388 1707 3
425 1673 475 1707 ὅτι
505 1674 676 1719 πρότερον
706 1672 771 1718 μὲν
806 1674 1000 1719 φάρμακον
1030 1673 1209 1719 ἐκεράσθη
1236 1678 1288 1718 τῷ
1313 1673 1476 1718 Διογένει,
1512 1672 1584 1709 εἶτα
1608 1672 1800 1719 ἐτυφλώθη
1828 1672 1860 1708 Ε

368 1720 412 1754 14
437 1722 486 1755 ὅτι
513 1721 550 1755 ἐν
575 1727 616 1766 τῇ
640 1721 777 1767 Πρώτῃ
803 1722 901 1767 νήσῳ
928 1722 1098 1767 ἀπαχθεὶς
1123 1722 1342 1767 ἐτελεύτησεν
1368 1722 1389 1755 ὁ
1411 1721 1579 1767 Διογένης
1606 1720 1669 1757 CE

439 1810 459 1844 1
485 1810 630 1855 πήσεται
658 1810 778 1856 DEW,
807 1811 950 1847 πάσεται
977 1811 1024 1857 Ρ*
1145 1810 1290 1855 τούτοις]
1318 1811 1442 1846 τούτου
1468 1810 1499 1845 Ε
1608 1811 1631 1846 3
1656 1811 1862 1856 κοτυάχειον

441 1859 600 1903 punctis
626 1862 708 1894 not.
734 1859 771 1893 D
867 1859 891 1894 4
915 1860 952 1895 ἐν
976 1859 1072 1894 αὐτῶ
1098 1858 1266 1904 prDi,
1293 1859 1406 1894 ἕαυτῶ
1428 1858 1463 1893 Α
1560 1858 1582 1894 5
1608 1861 1698 1904 post
1721 1860 1861 1897 πόσεως

439 1916 514 1940 om.
533 1920 624 1945 τινος
643 1910 682 1941 et
700 1907 792 1942 add.
811 1907 860 1946 ὥς
882 1908 1058 1952 ὑπόληψις
1085 1906 1212 1952 CEwp
1309 1920 1400 1945 τινος
1421 1917 1494 1942 om.
1513 1905 1570 1942 Di
1587 1907 1724 1942 invitis
1741 1906 1859 1950 ABD,

437 1963 475 1988 V.
502 1964 595 1989 ann.
623 1955 806 1990 anteced.
905 1955 925 1990 7
951 1961 1076 2000 ψῆφος
1100 1956 1272 2000 βασίλειος
1298 1955 1406 1999 Ewp,
1431 1955 1606 2000 βασίλειον
1631 1955 1805 2000 ψήφισμα
1831 1953 1860 1989 C

484 2001 543 2036 τὸν
570 2012 645 2037 om.
671 2002 703 2037 B
813 2003 835 2038 8
861 2003 1052 2038 κελεύουσα
1078 2003 1188 2048 pr,
1217 2013 1318 2038 corr.
1346 2012 1397 2037 ex
1423 2003 1606 2038 κελεύοντα
1631 2002 1678 2045 Α,
1703 2002 1861 2046 ἐγκελευ-

436 2049 561 2094 όμενον
580 2049 609 2085 C
705 2050 931 2096 ἐξορώρυκτο
948 2049 1116 2095 prDi,
1143 2061 1181 2085 V.
1208 2050 1259 2085 ad
1286 2061 1323 2095 p.
1339 2050 1420 2094 298,
1437 2050 1481 2085 lO
1569 2050 1611 2085 13
1636 2050 1810 2091 ἐξώζεσαν
1828 2049 1859 2083 Β

485 2098 505 2131 o‘
530 2100 625 2133 ante
648 2098 729 2143 περὶ
755 2109 830 2134 om.
854 2098 885 2133 B
985 2098 1030 2133 14
1054 2099 1226 2144 σκήψεως
1251 2098 1299 2143 p*
1398 2098 1442 2134 15
1468 2100 1558 2144 post
1583 2103 1741 2143 σεμνεΐον
1767 2097 1859 2132 add.

437 2180 570 2220 ἐκεῖνος
595 2181 706 2227 pr,
733 2182 912 2218 similiter
939 2180 1096 2227 Scylitz.
1124 2193 1160 2227 p.
1189 2181 1269 2227 705,
1295 2181 1317 2216 2
1415 2181 1460 2217 17
1484 2159 1510 2215 αετ
1537 2180 1576 2226 C,
1602 2181 1697 2227 παρὰ
1724 2180 1784 2220 Cw

307 2278 352 2314 17
365 2275 628 2312 iureiurando
656 2277 942 2313 confirmarant
968 2287 1059 2313 eum
1086 2277 1183 2312 nihil
1208 2277 1364 2313 molesti
1391 2287 1478 2312 esse
1504 2286 1729 2322 passurum.
1769 2276 1860 2319 Qui-

366 2323 443 2359 bus
469 2323 676 2370 Diogenes
702 2325 830 2360 fretus
855 2325 965 2371 pulla
991 2328 1104 2360 veste
1130 2325 1296 2360 indutus
1320 2323 1543 2360 Andronici
1573 2324 1666 2360 fidei
1698 2334 1740 2359 se
1774 2335 1859 2370 per-

308 2374 352 2409 18
366 2372 495 2407 mittit.
543 2372 582 2407 Is
609 2382 656 2408 eo
684 2376 863 2418 accepto,
888 2373 960 2408 ubi
987 2372 1210 2418 Cotyaeum
1235 2373 1432 2417 pervenit,
1466 2373 1729 2417 exspectavit,
1763 2373 1857 2407 dum

365 2419 639 2465 mandaretur,
662 2420 759 2466 quid
777 2421 853 2455 sibi
871 2420 1102 2456 faciendum
1122 2423 1238 2463 esset,
1257 2422 1497 2464 aegrotante
1516 2419 1701 2465 Diogene
1721 2430 1772 2455 ex
1792 2430 1856 2456 ve-

308 2468 353 2504 19
366 2476 471 2502 neno
491 2467 667 2512 quodam
687 2478 760 2513 per
777 2468 943 2503 insidias
963 2468 1189 2514 propinato.
1236 2467 1296 2502 Ibi
1315 2468 1439 2513 igitur
1457 2468 1571 2512 regio
1590 2467 1782 2502 mandato
1801 2468 1857 2503 in-

306 2516 353 2552 20
366 2515 470 2549 sonti
489 2516 621 2550 statim
641 2516 775 2551 effossi
794 2518 888 2551 sunt
907 2516 1023 2560 oculi,
1046 2515 1246 2561 primariis
1265 2525 1426 2560 quoque
1446 2515 1725 2550 sacerdotibus
1743 2525 1856 2560 prae-

366 2562 547 2597 sentibus
563 2565 602 2597 et
615 2563 785 2598 hominis
801 2564 1069 2598 calamitatem
1085 2563 1267 2608 graviter
1282 2563 1515 2605 ferentibus,
1538 2563 1854 2607 quamvisnemo

305 2611 351 2647 21
366 2619 436 2645 eos
462 2613 635 2645 curaret.
685 2610 747 2646 Ita
772 2611 990 2646 luminibus
1017 2610 1291 2646 crudelissime
1318 2610 1471 2654 orbato,
1509 2610 1615 2644 iusta
1645 2610 1855 2645 curatione

365 2667 448 2692 non
481 2657 672 2702 adhibita,
711 2662 834 2704 caput
865 2659 1065 2702 intumuit,
1104 2661 1144 2694 et
1170 2668 1192 2693 e
1217 2658 1453 2693 vulneribus
1484 2667 1641 2693 vermes
1668 2658 1856 2693 scaturie-

366 2708 472 2749 runt,
510 2705 613 2740 adeo
645 2709 691 2740 ut
722 2715 773 2741 ex
804 2706 1100 2751 putrefactione
1125 2706 1192 2740 illa
1219 2708 1290 2740 aer
1315 2715 1441 2750 prope
1467 2705 1598 2750 ipsum
1624 2706 1854 2740 taeterrimo

305 2753 352 2789 22
366 2753 523 2788 foetore
549 2753 829 2799 compleretur.
877 2753 924 2788 In
949 2756 1062 2788 tanta
1089 2753 1315 2788 calamitate
1333 2754 1374 2787 in
1392 2752 1555 2787 Protam
1575 2753 1744 2787 insulam
1767 2763 1855 2798 per—

305 2801 352 2837 23
367 2800 538 2844 ducitur,
564 2801 605 2835 in
632 2801 746 2836 cuius
773 2801 942 2837 editiore
967 2802 1055 2836 loco
1075 2801 1363 2836 monasterium
1381 2800 1627 2834 aedificarat.
1677 2799 1755 2835 Ubi
1773 2811 1855 2835 non

365 2848 436 2883 diu
461 2853 665 2894 superstes
692 2858 839 2894 corpus
865 2852 998 2885 terrae
1023 2848 1210 2894 reddidit,
1252 2847 1303 2883 ab
1336 2847 1479 2893 regina
1505 2847 1686 2883 Eudocia
1711 2848 1855 2883 funere

365 2895 686 2941 splendidissime
716 2899 868 2942 curato,
908 2907 996 2932 cum
1024 2897 1239 2932 triennium
1266 2898 1306 2931 et
1331 2898 1420 2931 octo
1447 2905 1604 2931 menses
1631 2898 1854 2942 regnasset.
