2054 3282
382 261 637 303 TORNICES
662 261 873 302 DEFIOIT
898 261 966 300 ET
991 259 1293 302 BYZANTIVM
1319 259 1554 301 OBSIDET.
1643 260 1714 300 627

220 390 307 429 τῶν
344 386 511 429 πόλεων
549 386 593 433 ἐς
626 386 701 442 τὴν
736 387 877 429 αὐτῶν
906 386 1163 442 μητρόπολιν
1192 386 1340 442 ἄγουσι
1368 385 1444 441 τὴν
1466 385 1713 441 Ἀὂριανού-

220 456 353 511 πολιν,
396 456 468 498 καὶ
504 455 670 510 σπουδῇ
708 458 794 497 τῶν
828 456 1194 511 προστεθειμένων
1224 456 1341 510 αὐτῷ
1370 454 1474 511 ταχὺ
1504 454 1554 496 τὰ
1584 455 1714 497 πλείω

220 528 307 566 τῶν
344 524 664 579 στρατευμάτων
702 524 790 566 ἐκεῖ
816 524 1189 579 συνηθροίσθησαν
1220 526 1245 580 ἢ
1278 524 1349 566 καὶ
1377 524 1486 579 μίσει
1516 527 1578 579 τῷ
1607 523 1716 578 πρὸς

219 593 292 635 τὸν
335 593 638 648 αὐτοκράτορα.
702 593 768 634 διά
805 609 917 639 τινας
955 593 1036 648 γὰρ
1075 594 1205 640 αι’τίας
1248 591 1334 636 οὔτ’
1373 593 1530 639 ἐκεῖνος
1572 593 1716 639 καλῶς
1730 595 1776 631 14

184 665 304 708 5τοῒς
347 662 611 716 στρατιώταις
654 662 868 717 ἐκέχρητο,
913 661 1015 703 ἀλλὰ
1047 661 1119 703 καὶ
1156 662 1344 717 ὑποψίας
1379 662 1585 717 ὕπέτρεφε
1623 658 1714 703 κατ’

220 730 375 784 αὐτῶν,
406 730 590 771 κάκεῖνοι
622 724 689 772 διὰ
720 733 847 771 ταῦτα
878 729 988 784 πρὸς
1019 731 1149 785 ἔχθος
1179 729 1269 772 κατ’
1304 730 1434 772 αὐτοῦ
1456 730 1715 785 ἠρεθίζοντο.

221 798 284 845 ὡς
316 796 353 840 δ’
387 797 463 840 οὖν
494 798 782 853 συνελέγησαν,
821 798 1032 853 εὐφημίας
1063 799 1191 841 αὐτὸν
1222 798 1369 841 αὐτίκα
1401 799 1617 854 βασιλικῆς
1646 798 1718 840 καὶ
1734 802 1777 838 15

222 867 497 922 ἀναρρήσεως
521 867 796 921 κατηξίωσαν.
859 867 884 908 ὁ
916 867 962 908 δὲ
993 867 1068 908 σὺν
1099 868 1240 914 αὐτοῖς
1270 867 1400 914 εὐθὺς
1431 868 1557 922 ἔργου
1589 868 1718 922 εἴχετο
1732 871 1777 906 16

222 935 293 977 καὶ
324 935 489 990 ἀθρόον
518 939 568 990 τῇ
598 935 875 990 βασιλευούσῃ
908 935 1114 990 ἐπιφοιτᾷ,
1159 936 1234 978 καί
1268 937 1308 978 οἳ
1342 936 1555 990 προσιόντι
1585 951 1717 991 προσ-

163 1011 210 1046 10
222 1004 403 1059 εφοίτων
433 1003 579 1045 πολλοὶ
609 1003 681 1045 καὶ
712 1007 955 1058 στρατιῶται
986 1004 1057 1046 καὶ
1088 1005 1263 1046 ἀστικοί·
1307 1005 1502 1050 κάκεῖνος
1534 1009 1622 1051 ταῖς
1653 1005 1717 1046 ἐλ-
1734 1008 1777 1044 17
1805 1007 1836 1043 Β

221 1073 332 1115 πίσιν
360 1073 547 1128 ᾐώρητο,
587 1072 649 1118 ὡς
681 1072 843 1118 οὔτινος
874 1073 991 1127 αὐτῷ
1021 1073 1380 1128 ἀντιστησομένου,
1426 1073 1528 1115 ἀλλὰ
1559 1073 1719 1128 μᾶλλον

222 1140 568 1183 ἀναπετασόντων
598 1140 716 1195 αὐτῷ
746 1141 931 1188 εὐπετῶς
961 1141 1032 1183 καὶ
1062 1141 1135 1188 τὰς
1165 1141 1301 1188 πύλας
1330 1146 1403 1197 τῆς
1435 1142 1613 1196 πόλεως,
1659 1142 1718 1183 ὅτι

222 1226 265 1252 τε
300 1209 349 1251 τὰ
386 1210 474 1264 ἑῷα
512 1210 796 1263 στρατεύματα
832 1210 1032 1264 πολέμοις
1071 1211 1160 1252 ἐκεῖ
1191 1210 1511 1266 προσησχόλητο
1549 1210 1620 1252 καὶ
1659 1211 1719 1252 ὅτι

1 1273 41 1334 ξ)
68 1278 292 1321 1ν165καὶ
325 1278 366 1319 οἷ
394 1282 466 1333 τῆς
495 1278 660 1324 πόλεως
693 1275 743 1320 δι’
778 1278 907 1334 ὀργῆς
944 1279 1160 1320 ἐποιοῦντο
1196 1278 1268 1321 τὸν
1307 1279 1613 1334 αὐτοκράτορα,
1658 1279 1720 1326 ὡς

2 1331 8 1364 ἱ
165 1354 210 1389 15
224 1347 276 1402 δή
307 1362 342 1388 τι
372 1346 432 1401 μὴ
465 1345 570 1388 κατὰ
603 1347 778 1401 γνώμην
808 1347 949 1393 αὐτοῖς
978 1347 1339 1402 προσφερόμενον.
1400 1348 1605 1394 τοιαύταις
1643 1346 1720 1389 οὗν
1734 1353 1779 1388 18

222 1415 515 1470 αἰωρούμενος
543 1418 631 1461 ταῖς
661 1414 790 1457 ἐλπίσι
822 1416 1186 1470 στρατοπεδεύεται
1216 1415 1301 1470 πρὸ
1331 1420 1404 1471 τῆς
1428 1417 1606 1471 πόλεως,
1639 1433 1718 1459 πο-

222 1484 462 1539 λιορκήσων
482 1484 625 1539 αὐτήν,
658 1483 771 1539 εἰμὴ
796 1484 957 1539 δέχοιτο
990 1484 1242 1539 ἑτοιμότατα.
1304 1485 1443 1526 ἕωθεν
1474 1484 1551 1526 οὗν
1580 1500 1718 1540 παρα-
1734 1490 1780 1525 19

222 1553 453 1608 ταξάμενος
484 1552 554 1595 καὶ
585 1552 718 1607 ἀγχοῦ
749 1556 823 1594 τοῦ
854 1553 1081 1608 περιβόλου
1112 1557 1185 1608 τῆς
1214 1553 1380 1600 πόλεως
1412 1553 1597 1608 γεγονὼς
1626 1553 1720 1608 περὶ

297 1701 316 1736 1
343 1700 440 1746 αὐτῷ
466 1700 502 1735 D
599 1703 691 1747 post
715 1700 739 1736 ἅ
759 1714 859 1736 ουσιν
878 1700 970 1736 add.
990 1700 1094 1736 αὐτὸν
1119 1700 1231 1747 pr‚
1257 1701 1363 1737 αὐτὸν
1379 1701 1429 1741 εἷς
1449 1700 1485 1736 D
1583 1701 1719 1746 ἀδριαν.

297 1759 374 1784 om.
401 1748 430 1785 C
566 1748 589 1783 2
613 1748 675 1784 καὶ
700 1747 735 1783 Α
753 1748 782 1793 l,
808 1749 830 1794 ἢ
854 1759 930 1795 wp,
956 1749 1015 1784 καὶ
1040 1749 1063 1795 ἢ
1089 1749 1244 1784 mavult
1275 1750 1343 1786 Wo
1483 1749 1506 1784 3
1532 1749 1570 1784 τὸ
1596 1749 1643 1793 D,
1669 1753 1720 1784 τῶ

297 1806 348 1832 ex
373 1795 411 1830 τὸ
436 1806 538 1831 corr.
565 1795 595 1832 C
690 1795 714 1831 4
739 1810 828 1835 τινος
846 1795 882 1831 D
978 1797 1001 1832 5
1026 1797 1242 1842 ὖπερέτρεφε
1267 1797 1315 1843 p*
1411 1797 1434 1832 6
1459 1797 1658 1841 ἐρεθίζοντο
1676 1796 1720 1839 B,

296 1844 390 1889 ἦρεθ
403 1869 555 1880 .......
581 1843 618 1878 D
746 1845 767 1880 7
793 1844 1022 1890 συνελέγησαν
1039 1870 1166 1880 ......
1183 1844 1287 1880 αὐτὸν
1314 1844 1349 1879 D
1471 1844 1658 1891 βασιλικὴν
1685 1845 1720 1879 D

297 1893 320 1927 8
345 1892 449 1937 ἔργου
475 1889 644 1937 prDz',
669 1892 770 1937 ἔργον
798 1891 830 1926 Α
964 1892 987 1927 9
1010 1892 1221 1938 προςήκσντι
1248 1892 1284 1926 D
1408 1893 1452 1928 10
1476 1892 1612 1928 ἀστικοὶ
1639 1892 1720 1936 AR,

296 1939 441 1975 ἀστυκοὶ
466 1949 529 1985 wp
663 1939 719 1974 10.
749 1940 790 1975 11
815 1940 947 1975 ἐλπίσιν
973 1965 1100 1975 ......
1127 1940 1176 1979 ὡς
1202 1939 1238 1974 D
1370 1940 1411 1975 ll
1438 1940 1461 1975 ἀ
1477 1967 1485 1976 .
1500 1966 1509 1975 .
1524 1967 1533 1976 .
1549 1967 1557 1975 .
1571 1940 1721 1985 σομένου

299 2012 626 2022 ..............
649 1987 654 2031 Ι
675 1987 762 2022 ἀλλὰ
789 1987 823 2022 D
1015 1988 1059 2023 12
1083 1987 1326 2032 ἀναπετασμόν
1352 1998 1402 2023 ex
1429 1988 1723 2032 ἀναπετασμάτων

298 2038 428 2070 mutat
453 2034 488 2069 D
639 2039 734 2070 ante
759 2035 818 2070 καὶ
845 2034 935 2070 add.
962 2039 1032 2070 τῶν
1058 2035 1174 2070 ἀστῶν
1201 2034 1330 2081 Bpr
1493 2035 1535 2071 14
1560 2035 1619 2071 καὶ
1646 2046 1721 2070 οηι.

299 2082 363 2119 BC
499 2081 542 2117 15
568 2096 597 2117 τι
613 2081 678 2128 μὴ]
699 2082 807 2135 ,τιμὴν
825 2082 860 2117 D
985 2083 1028 2118 16
1053 2082 1122 2127 πρὸ
1149 2093 1224 2118 om.
1239 2082 1275 2118 D
1408 2084 1451 2119 17
1478 2087 1568 2129 post
1586 2083 1723 2128 δέχοιτο

300 2130 392 2166 add.
417 2130 523 2166 αὑτὸν
548 2129 704 2176 prDz
803 2131 848 2165 18
874 2134 968 2166 ante
992 2130 1071 2175 περὶ
1098 2130 1189 2166 add.
1218 2135 1279 2165 τοῦ
1305 2130 1340 2165 D

229 2274 345 2321 regia
382 2274 423 2310 in
464 2273 715 2320 metropolim
754 2283 869 2309 suam
900 2273 1232 2320 Hadrianopolim
1271 2273 1492 2319 abducunt,
1531 2284 1612 2320 quo
1639 2274 1725 2310 fau-

229 2326 362 2358 torum
394 2322 481 2358 eius
512 2321 646 2357 studio
678 2322 854 2356 maxima
891 2331 983 2367 pars
1014 2322 1265 2357 exercituum
1297 2323 1488 2358 convenit
1513 2322 1577 2357 vel
1603 2322 1724 2368 impe-

230 2371 376 2406 ratoris
412 2369 516 2413 odio,
556 2369 624 2414 qui
649 2369 700 2404 ob
728 2379 872 2404 causas
899 2369 1095 2415 quasdam
1123 2369 1265 2405 milites
1292 2380 1373 2405 non
1399 2370 1504 2405 bene
1529 2373 1724 2405 tractarat
1739 2369 1783 2404 14

231 2420 271 2453 et
296 2421 505 2463 suspectos
525 2417 711 2460 habebat,
737 2416 847 2452 unde
866 2416 940 2452 illis
959 2416 1051 2452 odio
1071 2427 1159 2452 esse
1179 2421 1380 2463 coeperat.
1431 2416 1571 2453 Statim
1601 2418 1724 2463 igitur
1738 2416 1783 2452 15

231 2465 324 2501 illuc
350 2465 557 2511 congressi
575 2464 777 2499 'Fornicen
805 2465 947 2499 faustis
973 2464 1331 2500 acclamationibus
1357 2465 1558 2511 prosecuti
1585 2474 1723 2511 regem

232 2513 550 2548 consalutat-unt.
602 2511 671 2547 Ille
709 2522 806 2548 vero
846 2511 956 2547 nulla
986 2522 1100 2547 mora
1136 2522 1219 2548 rem
1259 2522 1348 2547 cum
1384 2513 1467 2548 suis
1502 2522 1724 2559 aggressus
1740 2512 1783 2547 16

233 2559 384 2607 Cpolim
417 2560 551 2595 subito
584 2559 741 2595 invadit
773 2569 946 2605 cumque
980 2559 1091 2595 inulti
1124 2559 1176 2595 ad
1203 2570 1293 2595 eum
1327 2564 1408 2595 tam
1432 2560 1575 2596 milites
1602 2570 1723 2606 quam

234 2609 343 2644 cives
376 2608 638 2651 confluerent,
677 2608 715 2642 in
756 2618 865 2653 spem
902 2607 1139 2653 erigebatur
1172 2608 1371 2643 neminem
1409 2608 1506 2652 fore,
1546 2609 1613 2654 qui
1649 2608 1783 2643 sibil‘l

235 2656 422 2691 resistere
441 2655 622 2698 auderet,
648 2654 717 2690 sed
738 2665 876 2689 omnes
894 2659 1032 2701 portas
1049 2654 1160 2690 urbis
1179 2665 1259 2690 non
1278 2655 1481 2701 gravatim
1500 2658 1724 2702 aperturos,

232 2707 317 2739 tum
345 2702 452 2749 quod
487 2702 702 2739 orientales
735 2703 938 2738 exercitus
965 2702 1078 2738 bellis
1104 2703 1157 2738 ibi
1184 2702 1374 2749 gerendis
1404 2703 1603 2749 occupati,
1640 2710 1725 2739 tum

234 2750 344 2796 quod
371 2752 480 2786 cives
506 2750 737 2806 imperatori
766 2750 856 2785 irati
884 2755 1028 2793 essent,
1055 2760 1078 2785 a
1106 2759 1185 2796 quo
1213 2749 1328 2785 aliter
1354 2760 1474 2796 quam
1493 2750 1642 2786 vellent
1660 2750 1726 2786 ha·

235 2798 438 2834 berentur.
489 2797 726 2833 Huiusmodi
755 2808 826 2843 spe
858 2798 1020 2832 inflatus
1047 2803 1180 2833 castra
1206 2802 1300 2833 ante
1327 2798 1468 2833 urbem
1496 2798 1619 2844 ponit,
1659 2798 1785 2845 op·18

236 2850 493 2891 pugnaturus
508 2855 608 2889 eam,
635 2846 709 2880 nisi
727 2846 915 2880 alacriter
934 2846 1194 2891 reciperetur.
1244 2845 1362 2882 Mane
1381 2846 1505 2891 igitur
1531 2846 1726 2882 instructa
1742 2847 1785 2882 19

236 2893 323 2928 acie
360 2892 412 2928 ad
451 2893 612 2928 moenia
648 2893 761 2928 urbis
801 2903 926 2938 prope
965 2892 1208 2928 Blachernas
1249 2903 1489 2939 progressus
1529 2893 1637 2939 petit,
1682 2898 1727 2929 ut

236 2944 378 2988 portae
404 2940 479 2977 sibi
506 2941 753 2987 aperiantur,
793 2940 1028 2976 custodibus
1056 2940 1106 2975 ad
1134 2940 1173 2976 id
1202 2942 1358 2976 sueinus
1388 2942 1547 2987 magnis
1579 2941 1726 2989 pollici-
