2054 3282
330 222 400 259 328
699 223 880 260 zoNAR.
908 223 1039 259 EPIT.
1065 223 1137 260 xv
1162 223 1219 268 20,
1247 222 1397 268 14—21,
1424 223 1456 259 6.

271 346 316 382 15
331 343 496 390 εἰκόνας
537 345 744 399 περιελεῖν.
806 345 880 385 καί
914 360 1014 385 ποτε
1051 347 1136 385 τῶν
1172 348 1245 385 τοῦ
1278 344 1456 386 ’Ῑίσαΐου
1495 345 1626 387 θείων
1663 348 1824 400 φωνῶν

330 413 738 466 ἀναγινωσκομένων
777 409 840 453 ἐπ’
882 412 1113 466 ἐκκλησίας,
1159 414 1206 453 αἳ
1238 413 1401 466 λέγουσι
1437 413 1540 455 σετίνι
1578 413 1823 467 ὡμοιώσατε

329 482 500 535 κύριον,·
530 482 589 535 μὴ
624 481 764 522 εἰκόνα
797 481 963 535 ἐποίησε
994 481 1150 521 τέκτων
1172 482 1196 534 ἢ
1220 481 1456 535 χρυσοχόος
1485 482 1683 535 ὁμοίωμα
1704 497 1823 522 κατε-

329 550 529 591 σκεύασεν
561 550 734 603 αῧτῴ;”
774 548 843 590 καὶ
874 548 922 589 τὰ
956 549 1119 603 ἐφεξῆς,
1157 548 1410 603 προσελθὼν
1440 555 1502 604 τῷ
1533 550 1692 604 βασιλεῖ
1717 548 1826 604 πρὸς

328 617 403 664 οὖς
425 619 505 672 ἔφη
529 618 766 672 “πρόσσχες
786 622 848 672 τῷ
868 618 1079 672 προφήτῃ,
1107 615 1145 658 ὦ
1169 617 1362 671 δέσποτα,
1385 617 1455 659 καὶ
1475 618 1611 673 τούτῳ
1632 618 1861 660 πείθου.”5

269 687 314 723 16
328 686 518 727 ἐντεῦθεν
562 686 975 740 ἄπηρυθριασμένως
1013 686 1037 726 ὁ
1074 685 1202 727 Λέων
1240 690 1312 740 τῆς
1349 687 1550 740 αἱρέσεως
1590 688 1718 741 εἴχετο
1755 686 1826 728 καὶ

111 755 313 791 P11132A
326 753 422 799 τοὺς
459 753 519 807 μὴ
560 758 609 808 τῇ
652 754 818 808 ἀσεβείᾳ
856 755 985 795 αὐτοῦ
1029 754 1347 800 ὑποκύπτοντας
1392 755 1713 810 διασπαράσσειν
1755 755 1824 797 καὶ

44 823 239 859 W111107
268 824 312 860 17
325 822 550 876 λαφύσσειν
582 822 788 876 ἠπείγετο·
828 821 963 876 βαρὺς
997 822 1041 863 δὲ
1072 821 1143 863 καὶ
1174 823 1312 869 ἄλλως
1343 823 1413 864 καὶ
1445 824 1722 878 ἀπαραίτητος
1752 823 1826 878 τὴν

327 889 457 943 ὀργὴν
487 893 571 935 τοῖς
602 890 815 931 πταίουσιν
853 889 906 944 ἦν
947 890 1018 931 καὶ
1058 890 1123 931 ἓπὶ
1166 891 1346 944 μετρίοις
1388 892 1612 946 πταίσμασι
1654 892 1826 946 βαρείας

268 964 312 999 18
325 957 516 1003 κολάσεις
555 958 906 1012 ἀποφαινόμενος.
967 962 1154 1005 τοιοῦτος
1189 959 1268 1013 μὲν
1304 959 1357 1014 ἦν
1389 960 1412 1001 ὁ
1443 959 1570 1001 Λέων
1605 960 1700 1014 περὶ
1729 959 1826 1007 τοὺς
1841 965 1887 1001 10

326 1027 507 1081 εὐσεβεῖς
537 1027 608 1068 καὶ
639 1026 736 1073 τοὺς
767 1027 906 1073 ἄλλως
936 1027 1336 1081 προσκεκρουκότας
1368 1028 1498 1082 αὐτῷ.

268 1100 312 1135 19
449 1094 564 1141 Τέως
597 1093 633 1136 δ’
668 1094 743 1137 οὖν
779 1095 873 1149 περὶ
909 1095 983 1149 τὴν
1020 1099 1105 1137 τῶν
1142 1099 1298 1137 κοινῶν
1339 1096 1538 1150 διοίκησιν
1583 1097 1634 1138 οὗ
1677 1096 1826 1151 νωθὴς

325 1161 389 1217 ἧν,
434 1162 536 1204 ἀλλὰ
581 1163 652 1205 καὶ
694 1164 784 1205 λίαν
828 1165 1031 1218 ἐγρήγορε
1074 1164 1145 1205 καὶ
1185 1164 1282 1210 τοὺς
1321 1165 1568 1211 ἀδικοῦντας
1607 1165 1824 1207 ἀνέστελλε.

266 1237 313 1272 20
327 1231 550 1286 δεηθέντος
593 1236 695 1286 γοῦν
737 1249 857 1286 τινος,
904 1233 965 1279 ὡς
1001 1237 1074 1274 τοῦ
1117 1233 1288 1287 γυναίου
1331 1233 1460 1274 αὐτοῦ
1491 1233 1607 1288 παρά
1637 1250 1711 1275 του
1741 1237 1826 1276 τῶν

325 1303 396 1354 τῆς
435 1300 667 1355 συγκλήτου
706 1301 976 1355 ἆρπαγέντος,
1020 1302 1316 1355 προσθεμένου
1363 1302 1408 1343 δὲ
1445 1301 1516 1343 καὶ
1554 1307 1615 1356 τῷ
1651 1302 1826 1357 ἐπάρχῳ
1841 1310 1885 1346 15

324 1368 584 1421 προσελθεῖν,
615 1368 675 1423 μὴ
707 1370 847 1423 μέντοι
873 1373 1007 1424 τυχεῖν
1030 1370 1299 1424 ἐκδικήσεως,
1333 1369 1420 1411 ἐπεὶ
1440 1369 1486 1412 τὸ
1509 1370 1696 1425 ἔγκλημα
1719 1371 1824 1412 ἀπο-

328 1436 524 1485 δέδεικτο,
568 1436 640 1479 τὸν
678 1438 863 1492 ἔπαρχον
903 1439 1081 1480 ἔπαυσεν
1121 1437 1250 1485 εὐθὺς
1280 1443 1352 1493 τῆς
1384 1439 1528 1494 ἀρχῆς,
1573 1438 1644 1481 τὸν
1676 1439 1722 1481 δὲ
1751 1439 1825 1494 τὴν

327 1595 350 1630 8
375 1596 425 1630 ὅτι
451 1595 589 1641 ὀργίλος
613 1596 657 1642 ἦν
682 1597 703 1631 ὁ
726 1597 848 1632 Λέων·
875 1597 935 1633 καὶ
961 1597 1133 1644 κολαστὴς
1159 1598 1409 1643 ἀπαραίτητος·
1437 1597 1496 1634 καὶ
1518 1597 1598 1638 τοὺς
1614 1598 1823 1639 ἀδικοῦντας

327 1642 504 1678 ἀνέστελλε
530 1642 592 1679 CE

400 1792 419 1827 1
446 1793 572 1839 ἠσαΐου
598 1792 784 1839 stpDi,
818 1793 942 1839 ἧσαΐου
977 1793 1044 1830 AC
1137 1793 1298 1839 Ἡσαΐου]
1326 1793 1397 1829 XL
1425 1795 1470 1830 18
1485 1805 1513 1830 s.
1611 1795 1634 1829 2
1659 1795 1825 1840 ἀναγινω-

399 1841 596 1885 σκωμένων
621 1841 717 1886 Ewp
855 1843 918 1876 τίνι
943 1841 1088 1878 ARWO
1116 1843 1194 1887 lat„
1221 1844 1289 1877 τινί
1311 1841 1398 1887 W*p
1533 1843 1555 1878 3
1582 1845 1676 1878 ante
1701 1843 1826 1887 κύριον

401 1889 492 1923 add.
525 1889 585 1924 τὸν
617 1889 723 1934 Ewp,
759 1900 833 1924 om.
866 1888 948 1932 AO,
981 1889 1055 1925 Ies.
1088 1890 1110 1924 l.
1145 1901 1188 1934 c.,
1225 1889 1340 1926 Cedr.
1373 1888 1562 1935 (Scylitz.)
1593 1890 1631 1925 II
1657 1902 1693 1936 p.
1720 1890 1776 1934 59,
1805 1891 1823 1926 1

447 1937 564 1971 ἒποίσε
590 1935 619 1972 C
705 1936 728 1971 4
753 1937 858 1972 αὐτοῦ
886 1936 932 1981 D,
959 1937 1063 1972 αὐτὸν
1088 1937 1161 1973 Ies.
1181 1938 1203 1972 l.
1224 1948 1254 1973 c.
1346 1937 1368 1972 5
1396 1939 1456 1976 οὓς
1482 1938 1529 1983 ρ*
1554 1939 1691 1973 invitis
1716 1937 1824 1973 ARW

446 1985 596 2029 πρόσχες
622 1983 864 2029 AsstpDi‚
893 1995 993 2020 corr.
1021 1986 1132 2021 B-W
1223 1985 1245 2020 8
1270 1986 1463 2030 λαφύσσειν
1488 1984 1633 2022 ARWO
1660 1986 1736 2030 lat„
1767 1986 1825 2021 λα-

401 2031 539 2077 φύσσαν
558 2031 641 2077 W*p
741 2034 831 2077 post
849 2033 963 2071 ἄλλως
983 2043 1056 2068 om.
1076 2033 1136 2068 καὶ
1155 2033 1185 2067 Ε
1285 2033 1329 2068 12
1346 2033 1432 2072 τέως
1452 2033 1483 2068 δ’
1504 2033 1566 2068 οὗν
1581 2033 1661 2078 περὶ
1678 2032 1823 2078 AEwp,

399 2079 479 2124 περὶ
505 2078 544 2114 δὲ
570 2078 601 2115 O
700 2079 744 2114 14
770 2079 833 2115 οὖν
857 2079 953 2126 Ewp
1054 2081 1097 2116 17
1123 2083 1214 2126 post
1239 2080 1296 2116 τὸν
1323 2081 1435 2126 prius
1462 2081 1552 2116 add.
1577 2080 1642 2126 μὲν
1667 2079 1826 2127 prDz·

272 2226 316 2263 15
329 2228 562 2274 instigabat,
589 2231 634 2264 ut
659 2229 858 2275 imagines
882 2230 1036 2275 ubique
1061 2230 1228 2266 tolleret.
1272 2230 1320 2265 Et
1339 2240 1429 2265 cum
1448 2230 1666 2275 aliquando
1687 2230 1825 2265 divina

329 2276 475 2312 Esaiae
500 2277 628 2312 verba
653 2277 721 2312 illa
738 2277 779 2311 in
798 2277 968 2313 ecclesia
991 2279 1277 2313 recitarentur:
1316 2277 1421 2314 “Cui
1439 2278 1685 2313 assimilastis
1704 2278 1825 2313 domi-

329 2323 453 2359 num?
492 2323 595 2359 Num
622 2325 840 2370 imaginem
867 2326 953 2360 eius
978 2326 1076 2360 facit
1101 2326 1217 2360 saber
1244 2328 1314 2360 aut
1339 2326 1499 2360 aurifex
1525 2325 1824 2360 similitudinem

330 2372 491 2415 paravit
518 2371 612 2407 ei?”
638 2374 677 2407 et
702 2372 870 2417 reliqua,
895 2373 961 2408 ille
987 2373 1156 2408 accessit
1175 2377 1214 2408 et
1239 2373 1328 2418 regi
1351 2373 1391 2407 in
1411 2382 1550 2407 aurem
1574 2371 1711 2407 “Audi
1721 2371 1743 2384 ’³
1768 2373 1825 2407 ait

272 2418 317 2453 16
330 2419 610 2464 “prophetam
638 2419 808 2464 domine,
837 2421 955 2465 eique
982 2420 1252 2465 obtempera.³³
1300 2420 1399 2455 Inde
1418 2420 1518 2454 citra
1536 2419 1824 2455 verecundiam

330 2465 414 2501 Leo
433 2469 583 2502 sectam
609 2467 716 2502 illam
742 2468 985 2512 sectabatur,
1013 2469 1164 2513 quique
1189 2468 1275 2503 eius
1298 2468 1494 2512 impietati
1513 2477 1594 2502 non
1613 2467 1824 2511 cedebant,

273 2513 317 2548 17
332 2513 554 2549 dilacerare
581 2518 620 2550 et
647 2515 845 2550 devorare
872 2516 1078 2560 cupiebat3
1105 2515 1210 2550 idem
1237 2515 1416 2560 alioquin
1436 2517 1523 2549 erat-
1541 2525 1688 2550 saevus
1707 2519 1746 2550 et
1764 2515 1825 2549 ira

332 2564 471 2596 contra
499 2562 777 2607 delinquentes
802 2562 1055 2608 implacabili,
1084 2563 1135 2598 ob
1153 2562 1311 2597 modica
1331 2562 1474 2597 delicta
1493 2572 1645 2607 poenas
1668 2565 1825 2597 atroces

273 2607 318 2643 18
330 2608 530 2653 irrogans.
592 2609 731 2645 Talem
762 2610 887 2655 igitur
919 2620 962 2646 se
987 2609 1070 2646 Leo
1098 2610 1321 2656 praebebat
1348 2613 1489 2645 contra
1521 2610 1608 2654 pios
1641 2612 1680 2645 et
1714 2609 1824 2654 alios,

332 2656 479 2701 quibus
506 2657 683 2693 offensus
710 2661 806 2693 erat.

274 2702 318 2737 19
449 2702 502 2738 At
526 2705 567 2738 in
585 2705 793 2750 republica
819 2705 1138 2740 administranda
1162 2715 1245 2740 non
1271 2705 1407 2749 segnis
1434 2707 1529 2748 erat,
1558 2704 1629 2739 sed
1648 2714 1742 2740 acer
1759 2704 1826 2739 ad-

271 2749 319 2784 20
333 2750 494 2785 modum
521 2756 560 2786 et
585 2752 760 2797 vigilans
778 2753 1075 2797 iniuriososque
1102 2752 1324 2788 coercebat.
1360 2751 1506 2786 Oratus
1531 2753 1656 2796 igitur
1682 2763 1706 2786 a
1733 2762 1827 2797 quo-

333 2797 436 2840 dam,
476 2799 544 2843 qui
577 2809 747 2835 uxorem
779 2810 802 2834 a
835 2804 1022 2835 senatore
1055 2800 1230 2845 quodam
1264 2800 1339 2834 sibi
1365 2802 1521 2844 raptam
1550 2810 1636 2834 esse
1663 2802 1828 2844 questus

333 2845 510 2880 addebat
542 2856 584 2881 se
617 2848 768 2882 frustra
800 2848 995 2892 praefecti
1028 2858 1144 2893 opem
1176 2847 1423 2892 implorasse,
1462 2847 1626 2882 crimine
1657 2847 1827 2891 probato

332 2893 465 2927 statim
495 2893 712 2939 abrogavit
738 2896 943 2940 praefecto
977 2898 1216 2940 potestatem
1248 2898 1533 2940 raptoremque
1567 2895 1725 2940 legibus
1759 2904 1829 2940 pu-
