2054 3282
319 260 390 298 468
682 261 863 301 ZONAR.
891 261 1023 300 ΕΡΙΤ.
1049 262 1141 301 XVI
1169 264 1223 311 17,
1249 262 1400 312 25-18‚
1427 265 1460 303 1.

321 384 553 439 ἐξέστησαν,
599 384 624 425 ὁ
664 384 708 426 δὲ
735 384 954 439 Ῥωμανὸς
995 385 1153 439 ὅρκους
1194 386 1400 440 πρότερον
1444 388 1608 434 τελέσας
1651 405 1815 444 φρικω-

274 452 541 498 Βδεστάτους
569 454 731 507 μήποτε
762 452 868 494 κατὰ
900 457 972 494 τοῦ
1004 454 1210 508 βασιλέως
1240 460 1450 510 φρονῆσαι
1471 454 1573 511 μηδ’
1597 457 1817 499 ἐπιθέσθαι

261 526 308 561 26
321 524 369 575 τῇ
400 520 597 575 βασιλείᾳ,
633 521 814 575 ἀνῆλθεν
846 521 903 567 εἷς
932 520 981 562 τὰ
1012 522 1215 576 βασίλεια’
1249 523 1320 564 καὶ
1351 524 1408 570 εἰς
1437 523 1509 566 τὸν
1535 525 1579 566 ἓν
1599 529 1660 579 τῷ
1682 525 1817 580 Φάρῳ

320 588 424 630 ναὸν
459 594 520 642 τῷ
555 589 857 643 Κωνσταντίνῳ
896 590 1174 632 συνεισελθὼν
1211 590 1282 632 καὶ
1324 592 1475 638 πίστεις
1519 592 1621 638 δούς
1663 609 1704 634 τε
1746 593 1818 635 καὶ

261 663 306 698 27
323 657 507 711 εἰληφὼς
551 658 683 711 μέγας
731 658 1013 712 ἕταιρειάρχης
1058 659 1344 712 προβάλλεται.
1419 661 1618 702 ἐπέστειλε
1666 661 1711 703 δὲ
1756 666 1853 716 τῷὸ

327 724 463 779 Φωκᾷ
495 725 519 766 ὁ
549 725 741 779 βασιλεὺς
775 725 835 780 μὴ
878 726 1095 781 ἀθυμῆσαι
1131 725 1232 782 μηδ’
1273 729 1528 782 ἀπογνῶναι,
1572 733 1818 784 προσμεῖναι

322 793 367 834 δὲ
396 793 563 847 μικρόν,
597 794 658 840 ὡς
688 794 921 849 μελλούσης
952 795 1069 848 αὐτῷ
1101 796 1292 849 γενέσθαι
1317 795 1519 850 προνοίας
1538 797 1641 851 μετὰ
1663 798 1816 852 βραχύ.

262 868 308 904 28
435 860 488 903 Ὁ
519 861 564 902 δὲ
588 861 807 915 Ῥωμανός
837 862 911 916 τὴν
942 863 1092 904 ἑαυτοῦ
1124 864 1336 918 θυγατέρα
1353 864 1522 919 Ἑλένην
1551 866 1817 920 μνηστεύεται

319 934 381 983 τῷ
418 929 579 984 βασιλεῖ
615 931 934 985 Κωνσταντίνῳ,
979 931 1050 972 καὶ
1088 936 1138 987 τῇ
1176 933 1286 987 τρίτῃ
1327 937 1400 974 τοῦ
1437 933 1578 988 πάσχα
1615 935 1816 976 τετέλεστο

319 997 367 1038 τὰ
407 999 601 1053 γαμήλια,
645 1003 719 1039 τοῦ
763 1000 1022 1054 πατριάρχου
1062 999 1280 1042 Νικολάου
1318 1001 1392 1055 τὴν
1430 1002 1660 1056 ἱερολογίαν
1695 1003 1815 1057 ποιή-
1832 1010 1878 1044 10

261 1073 307 1108 29
321 1079 485 1112 σαντος·
518 1067 589 1108 καὶ
621 1068 767 1108 αι’·τίκα
798 1068 1002 1122 τετίμηται
1034 1068 1351 1123 βασιλεοπάτωρ
1383 1069 1406 1110 ὅ
1423 1069 1654 1124 Ῥωμανός,
1685 1071 1818 1125 μέγας

261 1142 308 1177 30
322 1135 358 1176 6‘
391 1135 674 1190 ἕταιρειάρχης
695 1135 994 1190 Χριστοφόρος
1026 1137 1050 1177 ὁ
1081 1137 1230 1178 τούτου
1262 1137 1363 1183 υἱός.
1424 1142 1550 1180 ταῦτα
1584 1139 1629 1180 δὲ
1658 1139 1818 1193 μαθὼν

277 1204 345 1246 Οὸ
382 1204 541 1250 Φωκᾶς
583 1205 794 1258 τυραννίδι
838 1205 1026 1259 ἐπέθετο,
1072 1205 1390 1248 Κωνσταντῒνον
1427 1206 1498 1248 τὸν
1538 1208 1816 1262 παρακοιμώ-

319 1288 448 1327 μενον
478 1273 826 1327 προσλαβόμενος
862 1273 933 1314 καὶ
971 1275 1137 1327 ἑτέρους
1173 1278 1259 1315 τῶν
1303 1275 1521 1329 ἀρχόντων
1563 1276 1634 1317 καὶ
1679 1276 1816 1330 διαβε-

319 1341 574 1395 βαιούμενος
595 1342 700 1396 ὑπὲρ
723 1346 795 1383 τοῦ
816 1342 1022 1397 βασιλέως
1048 1342 1361 1384 Κωνσταντίνου
1383 1344 1572 1398 πράττειν
1594 1345 1617 1385 ὃ
1638 1344 1816 1398 πράττει.
1831 1351 1877 1385 15

261 1409 345 1451 3Ιὸ
372 1409 590 1465 Ῥωμανός
623 1410 668 1451 δὲ
706 1409 874 1465 γραφὴν
915 1410 1142 1465 γεγραφὼς
1173 1411 1413 1466 ἀνατροπὴν
1442 1413 1717 1467 περιέχουσαν
1746 1417 1819 1468 τῆς

319 1482 393 1519 τοῦ
416 1478 553 1520 Φωκᾶ
573 1479 832 1532 προφάσεως
854 1479 924 1519 καὶ
946 1479 1098 1533 ταύτην
1128 1483 1177 1534 τῇ
1208 1483 1281 1520 τοῦ
1313 1480 1519 1534 βασιλέως
1548 1481 1818 1535 ὖποσημασίᾳ

320 1547 390 1588 καὶ
411 1551 547 1602 χρυσῇ
569 1547 768 1601 σφραγῖδι
785 1547 1143 1602 βεβαιωσάμενος,
1165 1548 1317 1602 πέμπει
1338 1548 1489 1603 ταύτην
1510 1548 1624 1603 παρὰ
1647 1549 1694 1590 τὸ
1713 1549 1816 1603 μετὰ

261 1621 307 1657 32
319 1618 392 1656 τοῦ
430 1615 566 1659 Φωκᾶ
598 1615 829 1669 στράτευμα
863 1615 966 1669 μετά
1004 1632 1113 1660 τινος
1152 1616 1323 1669 γυναίου
1368 1617 1586 1671 ἑταιρικοῦ.
1648 1617 1817 1658 κάκεῖνο

319 1740 342 1775 8
367 1740 416 1774 ὅτι
443 1738 506 1785 τὴν
531 1740 654 1774 ἑαυτοῦ
680 1740 855 1785 θυγατέρα
881 1740 1134 1785 ἐμνηστεύσατο
1161 1740 1182 1774 ὁ
1203 1739 1418 1784 Λακαπηνὸς
1435 1746 1486 1784 τῷ
1506 1741 1759 1785 Κωνσταντίνῳ
1786 1741 1817 1776 Ε

321 1787 366 1821 12
390 1789 440 1821 ὅτι
467 1789 486 1822 ὁ
516 1788 648 1825 Φωκᾶς
674 1787 778 1822 Λέων
804 1788 979 1832 τυραννίδι
1007 1788 1254 1832 ἐπικεχείρηκε
1278 1788 1339 1823 καὶ
1364 1788 1468 1827 ἁλοὺς
1493 1788 1686 1833 ἐτυφλώθη
1713 1788 1782 1824 ΑΒ

392 1907 411 1941 1
438 1906 644 1952 ἀπήλθοσαν
670 1906 701 1942 Ο
799 1907 821 1941 3
847 1906 886 1942 τὰ
914 1917 988 1942 om.
1017 1907 1047 1941 E
1156 1907 1177 1941 4
1204 1907 1264 1942 καὶ
1291 1908 1402 1952 prius
1429 1918 1504 1942 om.
1531 1906 1563 1941 Ο
1673 1908 1756 1946 δούς
1782 1922 1817 1942 τε

389 1955 519 1993 πίστεις
537 1954 569 1989 Ο
667 1956 688 1990 7
706 1954 813 1990 αὐτοῦ
828 1954 956 2000 Bpr
1053 1969 1152 1998 προν.
1171 1955 1329 2000 γενέσθαι
1351 1955 1386 1989 D
1483 1955 1506 1989 8
1523 1955 1643 2000 ἑλένην
1659 1955 1816 1999 Asst‚

392 2012 493 2037 corr.
522 2002 640 2047 B-W‚
666 2013 702 2037 V.
730 2002 782 2036 ad
811 2013 845 2047 p.
872 2003 904 2047 1,
930 2003 952 2036 3
1092 2003 1132 2037 11
1161 2004 1319 2047 τετίμητο
1346 2002 1443 2048 pr
1582 2004 1626 2037 12
1650 2008 1753 2038 ταῦτα
1779 2003 1818 2038 δὲ

390 2049 536 2095 AEwp,
555 2051 576 2084 ἃ
596 2049 628 2084 O
704 2051 748 2085 16
773 2049 812 2084 δὲ
830 2060 904 2084 orn.
926 2050 960 2084 D
1036 2050 1079 2085 17
1106 2050 1167 2096 τὴν
1186 2050 1234 2090 D,
1257 2056 1299 2095 τῇ
1317 2060 1418 2085 corr.
1437 2050 1505 2088 Dw
1579 2050 1623 2084 18
1647 2051 1816 2095 σφραγῖδι

392 2095 494 2141 ODi‚
520 2098 687 2143 σφραγῖδι
713 2097 848 2143 ΑΕΨΡ
943 2097 1039 2142 παρὰ
1067 2098 1111 2142 Α,
1136 2098 1225 2142 πρὸς
1251 2097 1348 2143 pr
1447 2099 1491 2133 19
1514 2098 1600 2142 μετὰ
1629 2108 1704 2133 om.
1730 2097 1760 2132 B

320 2217 447 2262 gister
484 2217 616 2251 statim
657 2227 707 2251 ex
748 2217 863 2263 regia
902 2216 1184 2252 discesserunt.
1234 2215 1287 2251 At
1322 2216 1540 2259 Romanus,
1578 2226 1667 2252 culn
1705 2217 1816 2262 prius

321 2265 571 2299 sanctissimo
609 2264 873 2299 iureiurando
912 2264 1083 2299 adactus
1119 2265 1365 2309 promisisset
1403 2274 1445 2299 se
1483 2274 1692 2309 nunquam
1727 2265 1816 2309 regi

261 2312 308 2348 26
321 2312 604 2347 insidiaturum
630 2322 764 2357 neque
791 2322 961 2357 regnum
989 2312 1283 2356 affectaturum,
1322 2312 1361 2346 in
1389 2312 1543 2357 regiani
1571 2311 1752 2347 aseendit
1778 2316 1817 2346 et

322 2369 413 2394 cum
440 2358 702 2395 Constantino
730 2359 849 2394 Phari
879 2359 1020 2394 aedem
1058 2360 1276 2404 ingressus,
1314 2359 1392 2394 fide
1425 2360 1520 2394 data
1556 2363 1816 2404 acceptaque,

261 2407 306 2443 27
322 2417 495 2452 magnus
534 2407 814 2442 hetaeriareha
856 2407 1104 2452 designatur.
1155 2406 1321 2452 Scripsit
1360 2410 1495 2441 autem
1534 2417 1605 2441 rex
1645 2406 1815 2451 Phoeae,

322 2455 428 2490 bono
456 2458 560 2489 esset
586 2455 720 2490 animo
746 2465 852 2490 neve
869 2464 981 2499 spem
1000 2455 1189 2499 abiceret,
1216 2454 1287 2489 sed
1306 2455 1524 2499 paullisper
1543 2457 1816 2499 exspectaret3

322 2512 414 2536 nam
442 2501 578 2547 paullo
605 2506 695 2548 post
721 2503 808 2536 eius
835 2503 1030 2537 rationem
1059 2502 1239 2537 habitum
1266 2503 1325 2537 iri.

261 2550 308 2585 28
440 2549 610 2584 Romani
624 2553 706 2584 tum
719 2549 799 2584 filia
810 2549 965 2584 Helena
976 2550 1063 2594 regi
1074 2548 1336 2584 Constantino
1352 2549 1565 2593 desponsa,
1580 2550 1699 2583 tertia
1715 2549 1816 2584 feria

322 2597 530 2632 Paschatis
547 2597 715 2642 nuptiae
735 2597 962 2632 celebratae
981 2599 1085 2641 sunt,
1104 2607 1241 2632 sacras
1259 2607 1399 2642 preces
1414 2600 1636 2641 peragente
1650 2596 1814 2632 Nicolao

261 2645 308 2679 29
322 2645 562 2690 patriarcha.
612 2643 752 2680 Statim
771 2645 897 2690 igitur
915 2643 1119 2679 Romanus
1137 2645 1245 2690 regis
1265 2649 1390 2690 pater,
1419 2644 1522 2678 filius
1541 2645 1627 2679 eius
1646 2643 1815 2679 Clu-isto-

261 2693 309 2727 30
323 2692 473 2737 phorus
486 2702 660 2737 magnus
676 2691 952 2727 hetaeriareha
967 2694 1027 2727 est
1040 2691 1277 2737 appellatus.
1304 2691 1458 2733 Quibus
1475 2691 1628 2726 Pliocas
1643 2692 1815 2736 cognitis

322 2739 578 2784 tyrannidem
593 2740 753 2783 invasit,
769 2738 1032 2775 Constantino
1048 2739 1296 2774 cubiculario
1312 2742 1351 2774 et
1365 2739 1452 2773 aliis
1468 2739 1706 2783 proceribus
1718 2741 1816 2774 asci-

261 2787 304 2821 31
322 2788 382 2831 tis,
397 2797 440 2822 se
455 2797 516 2831 ea,
530 2796 635 2832 quae
650 2791 803 2832 ageret,
818 2797 891 2832 pro
906 2795 1005 2831 rege
1020 2785 1281 2822 Constantino
1297 2796 1421 2831 agere
1437 2787 1650 2821 affirmans.
1676 2786 1816 2821 Roma-

322 2844 398 2868 nus
417 2837 552 2869 autem
571 2835 733 2878 litteras,
759 2844 865 2879 quae
884 2833 1043 2869 Phocae
1061 2837 1316 2879 praetextum
1335 2837 1575 2878 everterent,
1602 2835 1709 2879 regis
1727 2834 1817 2869 sub-

322 2881 539 2926 scriptione
574 2886 614 2916 et
650 2891 775 2916 aureo
809 2882 940 2926 sigillo
973 2882 1147 2916 munitas
1173 2891 1244 2926 per
1270 2881 1428 2926 vulg-ati
1455 2882 1634 2926 corporis
1660 2881 1817 2916 mulier-

261 2927 308 2964 32
322 2928 452 2962 culam
490 2929 530 2963 in
568 2928 730 2965 Phoeae
763 2932 895 2964 eastra
928 2929 1064 2974 mittit3
1102 2938 1223 2975 quam
1254 2929 1406 2963 bullam
1439 2938 1605 2964 auream
1644 2938 1733 2963 eum
1768 2938 1817 2964 ea
