2054 3282
325 204 395 242 456
728 205 908 243 ZONAR.
937 205 1066 241 EPIT.
1094 205 1184 241 XVI
1212 205 1266 251 15,
1296 205 1421 241 1-13.

325 326 498 381 αγαγὼν
518 326 590 368 τὸν
613 326 836 381 Εὐθύμιον
857 326 929 368 καὶ
951 326 1016 368 ἐπὶ
1037 327 1230 382 βήματος
1249 326 1324 381 τὴν
1343 327 1492 369 τούτου
1513 328 1691 383 ποιήσας
1711 330 1821 371 καθ-

325 396 492 450 αίρεσιν,
533 396 839 450 ἕνυβρισάντων
871 396 927 442 εἰς
957 394 1029 437 τὸν
1060 395 1193 449 ἄνδρα
1224 395 1357 437 πολλὰ
1389 399 1474 437 τῶν
1504 398 1822 452 προσκειμένων

289 467 384 518 2τῷ
415 464 635 518 Μκολάῳ,
675 463 757 505 εἶτα
790 463 861 505 καὶ
892 463 1118 518 ὑπερόριον
1148 464 1326 519 ποιήσας
1357 464 1494 506 αὐτόν.
1557 466 1823 521 αὐταρχήσας

327 532 372 574 δὲ
404 532 427 573 ὁ
458 531 650 587 βασιλεὺς
682 531 821 573 οὑτοσὶ
853 531 977 573 οὐδὲν
1002 532 1139 578 ἐοικὸς
1161 532 1379 587 εἰργάσατο
1400 533 1568 587 βασιλεῖ,
1602 533 1704 575 ἀλλὰ
1725 539 1871 588 τρυ-Ι)
1890 538 1942 574 IV
1955 537 2003 574 49

280 603 425 655 Βφαῒς
455 600 526 641 καὶ
558 600 713 654 θήραις
749 600 820 641 καὶ
858 600 1082 654 ἀσελγείαις
1119 600 1327 649 ἐξέδωκεν
1366 601 1527 655 ἔαυτόν,
1571 601 1619 642 τὰ
1665 601 1710 643 δὲ
1751 607 1858 658 τῆς5

323 669 530 723 βασιλείας
573 667 644 709 καὶ
687 668 808 710 κοινὰ
852 669 1077 723 πράγματα
1123 669 1370 723 ἀνθρώποις
1413 669 1588 711 ἀνέθετο
1628 670 1824 726 ᾶγύρταις

323 737 395 778 καὶ
430 741 514 783 τοῖς
556 738 603 778 ἐκ
643 737 837 790 τριόδων,
883 739 957 783 οὓς
992 737 1077 791 πρὸ
1107 742 1180 792 τῆς
1210 738 1444 792 μοναρχίας
1475 738 1712 793 ἕπιρρήτων
1742 738 1824 794 εἶχε

288 805 521 859 3πράξεων
552 806 800 860 κοινωνούς,
834 805 897 848 ὧν
919 807 990 848 ἕνα
1014 806 1260 860 Βασιλίτζην
1282 806 1508 861 λεγόμενον
1528 807 1600 848 καὶ
1626 807 1824 862 διάδοχον

288 877 408 915 4τῶν
455 873 682 928 σκήπτρων
731 875 923 916 διενοεῖτο
966 875 1243 930 ποιήσασθαι·
1290 874 1362 916 τὸν
1409 874 1489 929 γὰρ
1534 875 1823 930 ἀδελφόπαιδα

324 942 643 984 Κωνσταντῖνον
686 943 758 984 καὶ
801 944 1034 985 ἰδιωτεῦσαι
1078 943 1272 998 ἐβούλετο
1315 943 1387 985 καὶ
1430 947 1514 985 τῶν
1556 944 1824 999 παιδογόνων
1839 952 1884 987 10

287 1010 555 1064 ὃᾶφελέσθαι
593 1011 774 1066 μορίων.
835 1012 907 1053 καὶ
939 1013 976 1053 εἶ
1003 1011 1062 1066 μὴ
1095 1011 1198 1067 ταχὺ
1229 1011 1276 1053 τὸ
1307 1012 1422 1058 τέλος
1460 1012 1576 1066 αὐτῷ
1607 1017 1679 1067 τῆς
1710 1014 1825 1068 ζωῆς

324 1079 554 1133 ἐπελήλυθε
586 1079 657 1120 καὶ
689 1080 825 1126 οὕτως
857 1080 975 1134 αὐτῷ
1004 1080 1120 1134 παρὰ
1152 1085 1225 1135 τῆς
1250 1081 1341 1121 ἄνω
1362 1081 1563 1134 προνοίας
1584 1081 1824 1135 ἐσφάλησαν

324 1146 372 1188 τὰ
404 1147 684 1202 βουλεύματα,
716 1147 821 1202 τάχα
853 1150 905 1189 ἂν
937 1149 1039 1190 ὅσον
1070 1148 1116 1190 τὸ
1149 1146 1212 1190 ἐπ’
1247 1149 1395 1203 ἐκείνῳ
1421 1148 1492 1190 καὶ
1513 1150 1569 1195 εἷς
1591 1150 1716 1203 ἔργον
1737 1150 1823 1198 ἐξέ-

288 1216 474 1269 ὃβησαν.
538 1216 704 1270 γοήτων
737 1216 782 1258 δὲ
812 1217 1137 1272 πυνθανόμενος
1169 1218 1206 1258 εἰ
1241 1218 1283 1263 ἐς
1319 1222 1458 1272 μῆκος
1502 1217 1619 1272 αὐτῷ
1660 1217 1709 1259 τὰ
1752 1222 1824 1273 τῆς

327 1284 443 1338 ζωῆς
473 1283 777 1338 προελεύσεται,
810 1285 992 1339 ἤκουσεν
1023 1285 1069 1333 ἐξ
1099 1286 1271 1327 ἐκείνων
1303 1286 1365 1332 ὡς
1390 1286 1499 1327 ἔσται
1521 1286 1640 1339 αὐτῷ
1657 1301 1821 1340 μακρο-
1838 1294 1883 1330 15

281 1356 309 1393 C
325 1351 494 1406 χρόνιον
525 1350 571 1392 τὸ
603 1352 822 1407 βιώσιμον,
857 1354 894 1393 εἰ
921 1357 982 1407 τῷ
1014 1354 1058 1395 ἒν
1088 1354 1259 1408 θεάτρῳ
1291 1354 1369 1408 συΐ,
1404 1355 1452 1400 ὃς
1482 1354 1529 1395 ἒκ
1560 1354 1721 1408 χαλκοῦ
1749 1355 1822 1396 πέ-

287 1427 308 1462 7
323 1419 510 1474 πλασται,
535 1420 710 1467 ὀδόντας
731 1421 802 1462 καὶ
825 1421 962 1463 αἰδοῖα
985 1423 1211 1476 περίθοιτο.
1273 1422 1378 1463 “obv
1401 1422 1480 1478 γὰρ
1505 1421 1662 1470 Oikos-'²
1683 1423 1824 1478 ἔλεγον

322 1575 343 1610 9
369 1575 419 1610 ὅτι
445 1574 504 1610 τὸν
529 1574 677 1620 ἀνεψιὸν
694 1576 958 1612 Κωνσταντῖνον
980 1576 1145 1621 ε’κτομίαν
1162 1581 1303 1622 ποιῆσαι
1322 1577 1342 1612 ὁ
1363 1577 1585 1622 Ἀλέξανδρος
1608 1577 1770 1623 ἐβούλετο
1792 1576 1821 1614 C

394 1726 412 1760 1
440 1727 587 1771 δρόμιον
613 1725 660 1770 D,
686 1725 858 1770 εὐθύμιον
886 1735 988 1761 corr.
1007 1725 1075 1763 Dw
1173 1726 1295 1761 τούτου
1313 1726 1462 1771 ποιήσας
1480 1725 1542 1772 τὴν
1560 1725 1608 1771 D,
1635 1736 1736 1762 corr.
1751 1726 1820 1764 Dw

393 1773 416 1808 2
441 1773 707 1820 ἕνεβρισάνίτων
734 1774 894 1819 punctis
919 1776 1103 1809 notatum
1131 1773 1178 1818 D,
1207 1784 1310 1808 corr.
1337 1773 1405 1811 Dw
1561 1774 1822 1819 προςκειμὲνων

393 1820 561 1867 prDi,
589 1822 836 1866 προκειμένων
863 1819 898 1855 Α
995 1821 1018 1856 3
1043 1821 1103 1856 καὶ
1131 1831 1206 1856 om.
1227 1820 1256 1857 C
1353 1821 1619 1867 ὑπερταρχήσας
1645 1822 1693 1866 D,
1720 1832 1820 1857 corr.

393 1868 461 1906 Dw
569 1868 592 1903 4
617 1868 719 1904 οὐδὲν
746 1895 876 1904 ......
902 1869 1085 1913 εἰργάσατο
1112 1868 1159 1913 D,
1187 1869 1261 1904 lac.
1289 1869 1419 1915 suppl.
1445 1869 1516 1907 Dw
1620 1872 1711 1915 post
1735 1869 1822 1905 ἀλλὰ

393 1916 486 1952 add.
511 1916 572 1951 καὶ
600 1915 628 1952 C
759 1916 782 1951 5
808 1917 940 1962 θηραια
967 1916 1014 1959 (P)
1041 1916 1089 1960 D,
1118 1927 1220 1952 corr.
1246 1916 1314 1954 Dw
1452 1920 1542 1962 post
1570 1917 1699 1963 θήραις
1728 1917 1821 1952 add.

391 1964 519 2008 μέθαις
543 1978 578 1999 τε
605 1964 711 2000 OWO
737 1964 814 2008 lat„
841 1964 901 1999 καὶ
926 1964 1065 2008 κώμοις
1090 1964 1186 2009 Ewp
1284 1965 1306 1999 6
1332 1964 1536 2009 ἀνθρώποις
1564 1975 1639 1999 om.
1655 1964 1698 2009 O,
1726 1965 1818 2000 add.

393 2011 461 2049 Dw
582 2012 731 2056 ἀγωτοις
757 2012 917 2057 punctis
943 2015 1127 2046 notatum
1154 2011 1200 2055 D,
1229 2022 1330 2047 corr.
1359 2011 1427 2050 Dw
1561 2012 1582 2048 7
1608 2012 1820 2058 ἀπορρήτων

394 2058 495 2105 pr
608 2060 631 2094 8
654 2060 873 2105 βασιλείτζην
900 2059 1040 2104 CEwp,
1065 2062 1110 2094 ut
1136 2059 1227 2095 XVI
1255 2059 1310 2102 15,
1341 2059 1384 2094 13
1497 2060 1519 2094 9
1543 2059 1758 2105 ἀδελφιδοῦν
1787 2059 1819 2096 Ο

395 2107 438 2142 11
465 2107 560 2142 αὐτῶ
586 2110 677 2153 post
702 2109 796 2152 ζωῆς
815 2106 850 2141 D
950 2107 995 2141 13
1019 2107 1095 2152 τάχ’
1115 2105 1270 2152 EwpDi
1369 2108 1413 2142 16
1439 2113 1490 2152 τῷ
1514 2117 1589 2142 om.
1605 2107 1634 2143 C
1730 2111 1820 2154 post

391 2154 429 2190 ἕν
454 2155 546 2190 add.
573 2160 624 2199 τῷ
650 2154 783 2200 Cpr
883 2155 928 2190 17
954 2154 1055 2193 οὗτος
1080 2158 1171 2200 post
1197 2155 1313 2201 ἔλεγον
1339 2154 1437 2201 pr

321 2295 361 2327 et
387 2291 586 2338 dignitate
611 2293 652 2326 in
679 2292 853 2327 ambone
878 2292 1099 2337 abrogata3
1135 2302 1225 2327 cum
1257 2295 1392 2327 autem
1419 2291 1573 2328 Nicolai
1599 2296 1819 2328 sectatores

285 2338 454 2375 2multis
492 2339 693 2375 hominem
731 2340 982 2375 contumeliis
1022 2340 1264 2383 affecissent,
1303 2340 1508 2386 relegatus
1548 2343 1616 2375 est.
1679 2340 1819 2386 Neque

320 2397 419 2423 vero
446 2388 479 2422 is
506 2397 577 2422 rex
604 2397 740 2422 rerum
767 2388 917 2432 potitus
945 2389 1162 2433 quicquam
1188 2397 1286 2433 rege
1306 2387 1474 2433 dignum
1492 2388 1627 2432 gessit,
1655 2387 1818 2432 deliciis,

321 2435 619 2478 venationibus,
658 2435 773 2469 luxui
805 2434 984 2481 deditu83
1022 2445 1087 2470 res
1120 2435 1236 2481 regni
1271 2437 1311 2470 et
1337 2435 1584 2480 reipublicae
1611 2435 1819 2471 mandavit

321 2482 630 2518 circulatoribus
662 2486 701 2517 et
726 2482 955 2518 hominibus
982 2493 1004 2518 e
1030 2483 1170 2526 triviis,
1211 2492 1313 2528 quos
1348 2490 1442 2517 ante
1482 2483 1694 2528 imperium
1728 2494 1818 2528 pro-

284 2529 485 2565 3brorum
517 2530 717 2565 habuerat
748 2531 896 2575 socios;
937 2540 1108 2576 quorum
1138 2540 1264 2565 unum
1290 2529 1516 2564 Basilitzem
1543 2540 1817 2566 successorem

282 2575 476 2623 4imperii
515 2577 723 2613 declarare
760 2578 802 2612 in
840 2578 973 2613 animo
1013 2578 1200 2613 habebat.
1250 2577 1350 2612 Nam
1388 2577 1524 2612 fratris
1559 2577 1683 2612 filium
1720 2577 1819 2614 Con-

284 2623 540 2660 5stantinum
573 2628 612 2660 et
642 2625 845 2670 privatum
874 2635 962 2661 esse
988 2629 1027 2661 et
1053 2625 1236 2660 virilibus
1264 2625 1427 2670 privare
1453 2625 1627 2660 volebat.
1679 2625 1818 2671 quue,
2047 2646 2054 2655 -·

320 2672 396 2707 nisi
429 2673 553 2707 vitam
587 2673 770 2708 celeriter
802 2672 966 2717 finisset,
1005 2673 1179 2708 consiliis
1210 2672 1319 2718 regis
1347 2682 1370 2706 a
1397 2672 1536 2706 divina
1562 2673 1818 2718 providentia
2045 2655 2054 2703 λ

321 2720 484 2764 eversis,
524 2724 719 2765 quantum
754 2719 917 2765 quidem
949 2721 991 2755 in
1022 2721 1110 2766 ipso
1146 2720 1232 2764 fuit,
1273 2729 1317 2755 re
1342 2720 1430 2765 ipsa
1460 2720 1632 2755 sortasse
1666 2721 1816 2755 factum

284 2766 439 2802 Gesset.
490 2766 676 2803 Ceterum
704 2777 794 2802 cum
822 2778 846 2802 a
872 2767 1252 2813 praestigiatoribus
1279 2770 1597 2812 percontaretur,
1624 2777 1720 2802 num
1748 2767 1817 2803 diu

322 2814 503 2849 victurus
535 2819 651 2857 esset,
691 2815 848 2850 audivit
875 2825 925 2849 ex
952 2816 1000 2850 iis
1027 2825 1069 2850 se
1095 2816 1184 2850 fore
1210 2815 1468 2859 longaevum,
1502 2815 1534 2849 si
1560 2825 1658 2860 apro
1687 2825 1816 2850 aeneo
2047 2826 2054 2844 ι

286 2861 465 2897 Ttheatri
494 2862 634 2898 dentes
661 2865 701 2898 et-
726 2862 918 2910 pudenda
945 2862 1177 2899 addidisset.
1227 2861 1392 2898 “Tuum
1412 2861 1548 2898 cnim''
1572 2863 1735 2898 aiebant
1752 2863 1817 2898 “is
