2054 3282
342 234 412 270 5⁶28
734 225 914 270 ZONAR.
943 227 1073 268 EPJT.
1100 225 1209 268 XVII
1237 228 1269 276 2,
1297 227 1448 268 19-33.

342 356 530 410 βάλλεται
562 355 743 410 χάρακα,
783 356 806 394 ὃ
837 353 933 399 τοὺς
968 352 1274 405 Ταυροσκύθας
1306 354 1362 400 εἶς
1394 353 1631 408 ἀμηχανίαν
1663 352 1839 409 ἐνέβαλε.

284 428 331 463 20
345 424 598 478 Καλοκύρης
631 423 675 464 δὲ
699 423 722 463 ὁ
748 426 832 463 τῶν
864 425 1013 462 κακῶν
1043 421 1321 475 πρωτουργὸς
1352 422 1441 463 ἐκεῖ
1466 422 1556 463 τότε
1586 422 1740 476 παρὼν
1770 423 1841 464 καὶ

344 491 468 545 γνοὺς
498 491 569 533 τὸν
599 491 767 545 βασιλέα
801 489 1157 543 παραγενόμενον,
1189 490 1298 544 πρὸς
1328 490 1402 545 τὴν
1433 494 1518 532 τῶν
1542 490 1647 536 Ῥῶς
1678 491 1840 545 ἀπέδρα

342 560 628 614 παρεμβολήν,
674 556 747 613 ἀφ’
792 557 842 599 οὗ
882 557 954 612 τὴν
993 562 1065 599 τοῦ
1110 558 1315 612 βασιλέως
1357 559 1591 612 παρουσίαν
1632 559 1843 614 μαθόντες

344 628 661 682 ἐτεθορύβηντο,
711 627 831 680 ὅμως
877 627 1016 680 μέντοι
1060 627 1572 680 παραστρατοπεδεύονται
1615 632 1699 674 τοῖς
1737 627 1878 669 Ῥω-ῑ)

284 701 328 735 21
342 695 491 750 μαίοις.
554 696 594 736 οἱ
625 695 669 736 δὲ
700 694 794 747 περὶ
821 693 892 735 τὸν
913 695 1084 748 βασιλέα
1107 695 1298 741 ἐλθόντες
1319 696 1376 741 εἷς
1397 695 1443 736 τὸ
1464 700 1536 750 τῆς
1558 695 1843 751 ῘΙερσθλάβας

293 765 456 811 Βάστυ,
502 763 563 809 ὡς
600 764 766 817 εἴρηται,
811 763 1204 817 καταλαμβάνουσιν
1242 763 1360 809 ἐκτὸς
1403 765 1746 819 γυμναζομένους
1782 765 1844 811 ὡς

283 837 330 872 22
345 831 672 886 ὀκτακισχιλίους
715 831 923 877 κάκείνοις
966 832 1201 886 συνέμιξαν.
1264 832 1304 873 οἱ
1348 832 1393 873 δὲ
1435 831 1544 886 πρὸς
1585 832 1663 886 μὲν
1706 832 1843 886 ὀλίγον

284 905 331 941 23
344 901 554 955 ἀντέσχον,
599 899 681 941 εἶτα
720 903 832 940 νῶτα
876 900 1125 954 στρέψαντες
1162 901 1351 954 ἔφευγον.
1413 900 1483 941 καὶ
1528 902 1567 941 οἱ
1610 900 1736 950 ἐντός,
1782 901 1844 946 ὡς

344 968 518 1013 ἕκαστος
558 967 740 1022 ἠδύνατο
779 967 1059 1021 ὁπλισάμενοι,
1107 969 1451 1023 ἐπικουρήσοντες
1489 973 1573 1015 τοῖς
1610 969 1844 1023 ὁμοφύλοις
1859 975 1903 1010 10

344 1035 529 1091 ἐξῄεσαν,
575 1035 646 1076 καὶ
691 1036 960 1081 ἀσυντάκτως
1004 1037 1144 1082 αὐτοῖς
1189 1041 1400 1091 χωροῦσιν
1447 1038 1760 1086 ὑπαντιάζοντες
1804 1038 1843 1078 οἱ

339 1104 539 1159 Ῥωμαῖοι
579 1104 777 1159 ἀνῄρουν,
823 1106 863 1145 οἳ
903 1105 947 1146 δὲ
985 1106 1041 1151 εἷς
1082 1105 1156 1160 τὴν
1186 1106 1304 1146 πόλιν
1336 1105 1460 1152 αὖθις
1491 1106 1840 1147 ἀνθυπενόστουν.

284 1179 331 1215 24
345 1170 431 1214 ἀλλ’
466 1173 628 1214 ἱππέων
659 1177 781 1214 τινῶν
813 1173 1162 1228 ἐξιππασαμένων
1194 1174 1264 1215 καὶ
1295 1174 1368 1228 τὴν
1400 1176 1456 1220 εἷς
1486 1174 1560 1228 τὴν
1590 1174 1709 1216 πόλιν
1734 1174 1842 1216 ἀπά-

345 1257 502 1296 γουσαν
546 1240 733 1295 ἀτραπὸν
778 1242 1119 1296 ἐπιτειχισάντων,
1165 1243 1204 1284 οἱ
1246 1243 1456 1297 βάρβαροι
1500 1242 1578 1284 ἀνὰ
1617 1243 1688 1284 τὸν
1725 1242 1844 1289 ἐκτὸς

285 1316 331 1352 25
344 1314 418 1352 τοῦ
450 1311 594 1356 ἄστεος
625 1314 770 1364 χῶρον
802 1311 1061 1352 ἐσκίδναντο·
1103 1312 1207 1352 ἔνθα
1240 1312 1280 1353 οἱ
1309 1311 1387 1366 μὲν
1418 1312 1694 1366 ἐζωγροῦντο,
1727 1312 1767 1352 οἱ
1798 1311 1843 1353 δὲ
1859 1317 1904 1352 15

345 1378 416 1421 καὶ
460 1379 698 1427 ἐκτείνοντο,
745 1380 784 1420 οἱ
815 1376 853 1420 δ’
888 1380 932 1420 ἐν
962 1384 1011 1434 τῇ
1042 1380 1158 1421 πόλει
1193 1380 1267 1426 τὰς
1304 1380 1438 1426 πύλας
1477 1380 1707 1426 κλείσαντες
1745 1380 1842 1421 ἐπο·

71 1453 271 1491 ΡΙΙ212Α
285 1454 332 1490 26
344 1448 600 1502 λιορκοῦντο.
668 1451 712 1503 τῇ
751 1445 788 1488 δ’
822 1448 918 1502 ἑξῆς
949 1453 1022 1489 τοῦ
1059 1449 1449 1503 παρακοιμωμένου
1482 1448 1701 1490 Βασιλείου
1740 1447 1843 1502 μετιὶ

346 1561 390 1597 17
416 1561 547 1600 ἅλωσις
574 1565 633 1606 τῆς
658 1560 896 1606 Περσῦλάβας
924 1561 1071 1603 (πόλεως
1097 1561 1254 1607 σθλάβας
1282 1561 1327 1606 Ε)
1355 1561 1417 1598 CE

418 1663 435 1698 1
462 1663 542 1708 χάρ.
560 1663 722 1709 βάλλεται
742 1662 778 1696 Ι)
875 1662 1036 1708 ἐνέβαλλε
1055 1662 1085 1698 Ε
1183 1663 1205 1698 2
1231 1663 1445 1708 Καλοκύρης
1464 1662 1599 1709 Apr
1619 1662 1706 1698 eod.
1726 1661 1842 1699 Coisl.

417 1710 532 1746 Cedr.
560 1709 752 1756 (Seylitz.)
779 1709 817 1745 II
843 1721 880 1756 p.
906 1710 987 1754 394,
1015 1711 1055 1753 2ς
1091 1711 1303 1746 offensioni
1330 1722 1411 1746 non
1438 1715 1509 1755 est,
1536 1710 1645 1756 quod
1670 1710 1781 1746 XVII
1810 1711 1840 1754 1,

416 1759 462 1793 18
475 1769 524 1794 ss.
552 1758 699 1793 dieitur
731 1758 836 1793 idem
868 1758 1096 1802 Καλοκυρόςς
1136 1770 1171 1794 v.
1206 1758 1256 1793 de
1289 1759 1404 1793 simili
1442 1768 1519 1794 usu
1553 1758 1709 1804 Polybii
1736 1758 1849 1794 B-IV

415 1805 609 1842 Fleckeis.
635 1805 768 1840 annal.
796 1816 831 1840 a.
852 1806 943 1841 1884
970 1815 1006 1851 p.
1028 1805 1095 1840 112
1110 1816 1159 1841 ss.
1256 1806 1295 1841 δὲ
1320 1805 1487 1851 prDi,
1516 1817 1591 1842 om.
1609 1805 1644 1841 A
1741 1805 1793 1841 ὢν
1811 1805 1842 1841 O

415 1854 438 1888 3
464 1858 534 1888 τῶν
561 1864 636 1889 om.
663 1853 698 1887 D
821 1853 894 1898 ῥὼς
920 1852 1115 1899 DlsswpDi
1235 1853 1257 1889 5
1283 1854 1684 1898 παρεστρατοπεδεὺοντο
1710 1853 1746 1888 D

415 1902 449 1937 6,
476 1912 512 1947 p.
539 1901 620 1944 529,
647 1901 669 1936 6
694 1902 921 1947 περσθλάβης
948 1900 982 1935 D
1109 1902 1141 1937 7.
1168 1902 1190 1936 8
1215 1902 1265 1940 εἷς
1290 1902 1568 1946 ὀκτακιςχιλιόυς
1592 1902 1652 1936 καὶ
1676 1915 1842 1936 πεντακο-

416 1950 513 1988 σιόυς
540 1949 656 1985 Cedr.
685 1948 876 1994 (Seylitz.)
904 1948 939 1983 II
968 1959 1005 1994 p.
1032 1949 1111 1993 394,
1143 1948 1185 1983 14
1339 1950 1360 1983 9
1386 1950 1572 1995 τρέψαντες
1599 1947 1697 1993 CDi,
1724 1960 1762 1984 V.
1789 1949 1841 1983 ad

416 1996 546 2032 XVIII
574 1996 631 2032 22.
658 1996 680 2031 6
794 1998 838 2032 10
863 1997 1093 2041 ὁπλισάμενος
1119 1997 1166 2039 Ι),
1195 2008 1296 2032 corr.
1324 1996 1390 2034 Dw
1502 1997 1546 2031 12
1573 2000 1662 2043 post
1687 1997 1842 2041 ἀνῄρουν

415 2044 509 2079 add.
534 2044 685 2083 πολλούς
714 2043 881 2090 prDz',
913 2055 987 2080 om.
1015 2043 1083 2079 ΑΕ
1111 2044 1225 2080 Cedr.
1253 2044 1443 2090 (Seylitz.)
1470 2045 1506 2079 Π
1534 2056 1571 2090 p.
1596 2044 1677 2086 394,
1705 2045 1748 2080 21
1764 2055 1793 2079 s.

462 2092 523 2127 καὶ
548 2093 585 2126 οἱ
606 2092 785 2138 βάρβαροι
811 2092 915 2131 αὖθις
946 2092 995 2131 εἰς
1027 2091 1089 2138 τὴν
1119 2093 1221 2127 πόλιν
1257 2093 1318 2133 (εἰς
1344 2107 1371 2127 τ.
1397 2094 1497 2127 πόλιν
1522 2093 1626 2131 αὖθις
1652 2092 1699 2136 D,
1736 2092 1841 2130 αὖθις

418 2140 574 2175 omissis
599 2140 648 2178 εἷς
674 2154 702 2174 τ.
729 2140 831 2174 πόλιν
856 2139 902 2182 Β)
931 2140 1131 2175 ὑπονοστεῖν
1155 2140 1355 2184 ἐπεχείρουν
1383 2140 1413 2175 Ο
1513 2141 1557 2175 13
1582 2145 1686 2174 τινῶν
1712 2150 1787 2175 om.
1809 2139 1840 2174 Ο

464 2191 558 2223 ante
583 2187 643 2222 καὶ
670 2187 761 2222 add.
788 2188 962 2232 ῥωμαίων
981 2187 1079 2233 pr
1180 2187 1223 2222 14
1248 2187 1314 2222 ἀνὰ
1341 2198 1416 2223 om.
1443 2187 1472 2223 C
1571 2188 1614 2222 15
1639 2188 1842 2222 ἐσκίδναντο

414 2233 582 2318 Ιέὶζρῦἱ,
608 2235 826 2303 ἐσέίδνανται
841 2234 876 2270 Α
953 2235 1006 2271 15.
1027 2236 1068 2270 16
1094 2236 1129 2270 οἱ
1152 2234 1191 2270 δὲ
1216 2235 1275 2270 καὶ
1297 2235 1489 2271 ἐκτείνοντο
1517 2235 1636 2271 om.B
1712 2235 1755 2271 17
1781 2239 1840 2270 τοῦ

488 2310 496 2327 ι
524 2287 583 2329 τῆς
611 2294 645 2318 W
671 2293 695 2328 p

344 2389 465 2424 gnam
482 2378 756 2414 Persthlabam
776 2378 931 2414 accedit
948 2381 987 2414 et
1002 2378 1150 2414 vallum
1167 2379 1394 2423 communit,
1414 2388 1519 2424 quae
1538 2389 1600 2414 res
1616 2377 1840 2425 Tauroscy-

285 2426 332 2461 20
345 2427 421 2462 this
447 2430 640 2462 terrorem
669 2426 810 2462 attulit.
861 2426 1080 2472 Caloeyrus
1099 2430 1233 2462 autem
1253 2427 1320 2472 qui
1348 2430 1430 2462 tum
1457 2427 1511 2461 ibi
1538 2430 1634 2470 erat,
1663 2428 1839 2462 omnium

344 2474 540 2509 malorum
563 2477 717 2518 auctor,
746 2475 908 2519 cognito
936 2475 1044 2519 regis
1071 2474 1251 2509 adventu
1277 2475 1317 2509 in
1344 2474 1563 2509 Russorum
1591 2477 1722 2509 castra
1749 2485 1840 2509 con-

344 2522 461 2567 fugit,
500 2522 756 2567 praesentiae
790 2521 895 2556 illius
929 2522 1113 2557 nuntium
1155 2522 1345 2565 afferens;
1386 2532 1465 2566 quo
1504 2522 1577 2556 etsi
1616 2522 1840 2567 perturbati

284 2568 448 2613 21sunt‚
477 2572 611 2605 tamen
630 2570 745 2605 iuxta
764 2568 966 2604 Romanos
985 2573 1117 2605 eastra
1137 2573 1369 2615 posuerunt.
1420 2569 1506 2604 Rex
1526 2580 1624 2604 vero
1645 2569 1841 2605 Persthla-

344 2617 448 2660 bam,
487 2620 532 2652 ut
571 2616 756 2657 diximus,
795 2617 1001 2662 profectus
1028 2620 1143 2652 extra
1168 2617 1310 2652 urbem
1337 2617 1494 2652 circiter
1521 2620 1611 2652 octo
1642 2617 1749 2651 milia
1774 2617 1841 2652 ho·

285 2663 331 2699 22
345 2664 495 2699 minum
522 2674 611 2700 sese
637 2665 914 2700 exercentium
933 2664 1208 2710 deprehendit,
1237 2664 1302 2709 qui
1331 2665 1483 2710 impetu
1509 2665 1595 2699 eius
1623 2665 1842 2710 paullisper

285 2711 332 2746 23
345 2711 514 2747 tolerato
542 2715 659 2757 terga
686 2711 897 2747 dederunt.
948 2711 1149 2757 Oppidani
1175 2712 1413 2757 arripientes
1439 2722 1562 2755 arma,
1589 2715 1633 2746 ut
1652 2722 1715 2747 res
1741 2712 1841 2747 fere-

344 2759 424 2803 bat,
452 2759 504 2794 ad
532 2769 648 2804 opem
674 2759 880 2795 ferendam
908 2759 1185 2805 popularibus,
1210 2759 1473 2804 incomposito
1501 2760 1662 2805 agmine
1687 2759 1840 2805 egressi

345 2816 369 2840 a
401 2806 592 2842 Romanis
630 2807 881 2850 occiduntur,
919 2807 1065 2852 partim
1100 2807 1141 2841 in
1174 2806 1317 2842 urbem
1352 2817 1394 2842 se
1429 2807 1630 2852 recepturi
1665 2807 1840 2850 barbari,

286 2853 332 2888 24
346 2853 513 2899 obsepto
549 2854 751 2899 equitibus
788 2855 942 2898 itinere,
981 2855 1023 2889 in
1053 2864 1195 2900 campo
1228 2857 1344 2890 extra
1375 2854 1518 2889 urbem
1549 2855 1624 2889 sito
1659 2854 1839 2900 dissipati

286 2900 332 2936 25
346 2904 448 2946 sunt,
488 2901 575 2936 aliis
609 2902 747 2948 captis,
786 2902 873 2937 aliis
907 2902 1046 2938 eaesis.
1097 2901 1173 2945 Qui
1207 2902 1313 2937 intra
1347 2902 1488 2938 urbem
1529 2905 1654 2947 erant,
1694 2902 1840 2937 clausis
