2054 3282
418 233 704 273 EXPEDITIO
730 232 784 271 IN
809 229 1098 271 AGARENOS.
1147 229 1503 268 THEOPHOBVS.
1638 228 1708 266 377

214 357 399 400 οπτεύειν
418 357 722 414 πληροφορῶν.
784 353 857 398 καὶ
877 353 1125 398 ἐπανελθὼν
1143 352 1330 409 πρόσεισι
1349 358 1412 408 τῷ
1431 352 1600 409 βασιλεῖ,
1631 352 1708 394 αῧ-
1721 352 1745 390 5
1769 348 1964 390 WII1122

59 462 81 478 Α,
212 426 283 474 τὸς
311 426 391 482 μὲν
421 426 672 481 ἀποδεχθεὶς
709 424 982 480 εὗμενέστατα
1021 423 1092 465 καὶ
1129 422 1204 478 τὴν
1244 423 1454 477 προτέραν
1497 422 1710 477 εὐετηρίαν
1723 422 1754 458 Β

62 505 104 533 :n
129 499 201 538 416
213 495 471 551 ἀπειληφώς.
532 494 604 537 καὶ
634 494 675 536 οῖ
694 493 859 548 Πέρσαι
890 491 936 534 δὲ
967 492 1219 547 συγγνώμης
1247 491 1398 538 πάντες
1428 491 1607 547 ἠξίωντο
1638 490 1745 533 καὶθ

214 563 340 606 οὐδέν
369 579 406 606 τι
435 563 576 610 αὐτοῖς
607 563 711 617 ἐπήν
712 577 807 604 εκτο
838 561 979 615 ἕτερον
1009 562 1035 616 ἢ
1068 560 1129 603 ὅτι
1159 560 1240 616 οὐχ
1271 560 1382 615 ὁμοῦ
1419 559 1570 607 πάντες
1608 558 1710 601 εἶναι

176 637 200 675 5
213 631 430 687 εἰάθησαν,
462 631 549 674 ἀλλ’
583 632 627 678 ἐς
655 630 867 686 μυριάδας
897 629 1173 684 συναγόμενοι
1202 633 1310 684 τρεῖς
1335 629 1606 685 διῃρέθησαν,
1638 627 1710 670 καὶ

213 701 378 755 ἑκάστῳ
408 701 561 756 θέματι
590 699 769 755 χιλιάδες
801 698 880 741 δύο
909 697 1251 753 ἇπενεμήθησαν,
1283 697 1391 740 ὥστε
1419 700 1506 744 τοῖς
1529 700 1615 739 τῶν
1635 696 1708 739 θε-

151 817 155 820 ,
211 769 360 824 μάτων
390 772 634 824 στρατηγοῖς
663 767 735 811 καὶ
765 767 1016 810 ὑποκεῖσθαι
1046 765 1118 808 καὶ
1147 766 1383 809 πείθεσθαι.
1445 765 1494 808 τὰ
1524 765 1603 821 μὲν
1634 763 1745 808 οὖνΊ

211 837 308 892 περὶ
335 836 433 884 τοὺς
463 837 637 892 Πέρσας
667 836 739 878 καὶ
768 835 840 879 τὸν
877 834 1102 890 Θεόφοβον
1133 834 1241 890 ἦσαν
1272 835 1316 877 ἒν
1345 834 1519 882 τούτοις.

335 905 419 948 Τοῦ
463 905 509 948 δὲ
551 906 834 960 ἀμερμουμνῆ
879 908 1078 947 τοσοῦτον
1121 904 1353 959 καθήψατο
1396 905 1422 959 ἡ
1466 908 1538 959 τῆς
1581 903 1747 946 αὖτοῦὸ

154 979 200 1016 10
211 974 413 1029 πατρίδος
443 973 702 1029 ἐκπόρθησις
733 974 795 1020 ὡς
824 972 884 1028 μὴ
918 972 1093 1028 ἀνεκτὴν
1124 972 1226 1015 εἶναι
1256 973 1374 1027 αὐτῷ
1404 972 1478 1028 τὴν
1510 973 1640 1027 ζωήν,
1678 972 1716 1013 εἷ

211 1041 272 1097 μὴ
315 1042 516 1097 ἀμύνοιτο
560 1039 612 1084 δι’
650 1042 780 1097 αὐτὴν
821 1041 894 1084 τὸν
930 1040 1151 1096 Θεόφιλον.
1212 1042 1372 1096 μαθὼν
1415 1040 1492 1084 οὖν
1531 1041 1710 1096 πατρίδα
1724 1043 1747 1078 9

212 1108 314 1152 εἶναι
344 1110 474 1152 αὐτοῦ
505 1110 551 1153 τὸ
571 1110 782 1165 Ἀμόριον,
815 1107 879 1152 ἐπ’
914 1109 1016 1152 αὐτὸ
1048 1110 1378 1165 στρατεύσασθαι
1408 1111 1578 1164 ἔγνωκε.
1639 1108 1712 1151 καὶ
1729 1112 1772 1149 10
1795 1111 1826 1149 C

213 1178 238 1220 ὁ
267 1178 460 1234 βασιλεὺς
489 1183 612 1221 τοῦτο
643 1178 768 1233 γνοὺς
799 1178 902 1220 αὐτὸ
933 1179 1247 1234 κατωχύρωσεν
1273 1179 1412 1226 ἄλλως
1431 1194 1473 1221 τε
1494 1178 1566 1220 καὶ
1586 1193 1710 1231 στρα-

212 1247 430 1302 τευμάτων
461 1247 686 1303 ἀποστολῇ,
719 1245 783 1290 ὧν
813 1247 947 1302 ἦρχον
973 1246 1203 1301 Θεόδωρος
1234 1247 1259 1289 ὁ
1289 1246 1521 1301 Κρατερός,
1554 1245 1605 1288 οὗ
1626 1245 1712 1300 πρὸ

156 1323 201 1360 15
212 1319 369 1370 μικροῦ
401 1317 427 1371 ἡ
459 1316 616 1370 ἱστορία
649 1316 856 1371 ἐμνήσθη,
888 1315 961 1358 καὶ
991 1317 1032 1358 οἱ
1061 1316 1209 1370 λοιποί,
1243 1318 1288 1358 οἳ
1312 1315 1384 1358 καὶ
1413 1315 1485 1358 τὸν
1505 1319 1579 1357 τοῦ
1599 1330 1711 1370 μαρ-

214 1384 357 1439 τυρίου
396 1384 559 1439 δρόμον
595 1385 800 1439 ἐξήνυσαν
837 1383 954 1439 παρὰ
991 1387 1076 1431 τοῖς
1100 1384 1360 1439 Ἆγαρηνοῖς,
1403 1383 1712 1438 τεσσαράκοντα

215 1452 287 1496 καὶ
318 1453 397 1496 δύο
427 1453 578 1502 πάντες
607 1453 890 1509 τυγχάνοντες.
953 1453 1105 1510 ἐξῆλθε
1136 1453 1182 1497 δὲ
1212 1453 1284 1496 καὶ
1314 1454 1339 1496 ὁ
1367 1452 1559 1510 βασιλεὺς
1578 1454 1711 1496 ὗπαν-
1727 1454 1770 1491 11

217 1575 236 1611 1
262 1576 314 1611 ὅτι
340 1575 362 1610 ὅ
388 1575 574 1621 Θεόφοβος
596 1575 778 1621 προσῆλθε
803 1580 853 1620 τῷ
902 1575 1018 1611 ασιλεΐ
1039 1573 1103 1611 ΟΕ
1229 1575 1252 1611 9
1276 1575 1357 1622 περὶ
1382 1580 1442 1622 τῆς
1466 1579 1528 1611 τοῦ
1550 1574 1713 1620 Ἀμορίου

215 1622 384 1663 ἁλώσεως
410 1622 452 1666 C,
475 1622 555 1668 περὶ
579 1628 639 1670 τῆς
663 1623 831 1663 ἁλώσεως
852 1623 863 1636 ’
885 1623 1013 1669 μορίου
1039 1623 1070 1658 Ε

288 1742 311 1778 2
335 1742 567 1788 ἀσμενέστατα
592 1741 739 1785 BCDw,
765 1742 1015 1787 ἀσμενέστατος
1042 1742 1077 1777 D
1206 1741 1230 1778 4
1253 1742 1463 1788 ἐπενήνεκτο
1489 1741 1636 1788 Bpr3
1664 1741 1713 1777 cf.

288 1790 376 1836 ἐπήν
377 1804 459 1826 εκτο
485 1790 503 1826 I
529 1801 566 1836 p.
591 1790 649 1832 57,
677 1791 731 1826 19.
758 1790 839 1832 550,
865 1790 922 1826 22.
949 1790 1058 1826 XVII
1087 1790 1144 1835 28,
1171 1790 1206 1835 9,
1231 1790 1411 1836 εἰσήνεκτο
1436 1790 1473 1825 II
1499 1800 1537 1834 p.
1555 1789 1638 1833 318,
1661 1789 1713 1831 12,

287 1838 497 1884 περιήνεκτο
514 1837 552 1873 II
578 1849 615 1884 p.
633 1838 715 1880 536,
728 1838 762 1881 3,
787 1838 1006 1884 προσήνεκτο
1025 1837 1062 1873 Π
1090 1849 1125 1883 p.
1144 1838 1226 1883 311,
1243 1839 1298 1874 10.
1324 1837 1456 1873 XVIII
1476 1838 1531 1882 13,
1551 1838 1604 1880 18,
1629 1851 1713 1872 κατ-

290 1886 416 1931 ἡνεκτο
442 1885 459 1921 l
485 1897 522 1932 p.
537 1886 617 1929 280,
633 1886 667 1922 9.
693 1885 731 1921 II
758 1897 794 1932 p.
809 1886 892 1928 458,
909 1886 939 1921 1.
966 1885 1048 1930 599,
1064 1886 1119 1921 13.
1146 1885 1227 1930 602,
1245 1887 1299 1930 13,
1324 1886 1518 1931 μετήνεκτο
1543 1885 1561 1920 I
1581 1897 1616 1930 p.
1631 1885 1712 1929 213,

292 1933 412 1969 11.11
431 1944 467 1979 p.
482 1933 562 1977 231,
577 1933 610 1969 6.
628 1933 709 1977 420,
724 1934 765 1978 93
792 1933 863 1969 sed
879 1934 1055 1969 occurrit
1067 1934 1276 1979 ἔπενήνεκτο
1290 1944 1454 1980 quoquo
1470 1933 1505 1968 11
1522 1944 1557 1979 p.
1572 1932 1654 1977 355,
1670 1933 1711 1967 11

289 1981 312 2017 5
339 1985 428 2027 post
447 1982 540 2027 διῃρ.
559 1980 651 2016 add.
670 1994 707 2016 τε
732 1982 782 2025 (τε
801 1991 875 2017 om.
892 1981 953 2027 p*)
979 1981 1040 2017 καὶ
1057 1981 1294 2027 διεσπάρησαν
1312 1981 1410 2027 pr
1507 1981 1568 2016 καὶ
1587 1991 1661 2016 om.
1682 1981 1713 2016 O

289 2029 312 2063 6
338 2029 403 2064 δύο
427 2028 599 2074 χιλιάδων
621 2028 915 2073 ἀπονεμηθεισῶν
941 2028 972 2065 O
1070 2029 1091 2065 7
1117 2029 1178 2064 καὶ
1202 2030 1391 2064 πείθεσθαι
1417 2028 1477 2064 καὶ
1502 2029 1714 2064 ὑποκεῖσθαι

291 2076 322 2112 Ε
417 2077 441 2111 8
464 2076 504 2111 ἐν
528 2075 672 2122 τούτοις]
699 2077 812 2115 οὕτως
839 2075 874 2111 D
971 2076 994 2111 9
1019 2076 1252 2122 ἀρμεμουμνῆ
1278 2076 1324 2120 l),
1350 2090 1371 2121 ρ
1392 2081 1515 2120 poste
1533 2076 1625 2111 add.
1646 2075 1713 2113 Dw

291 2124 336 2159 10
359 2123 451 2169 μηδὲ
478 2123 510 2160 Ο
634 2124 674 2159 ll
701 2124 871 2169 ἀμύναιτο
897 2123 995 2169 pr
1122 2124 1167 2159 14
1193 2124 1368 2170 ἀποστολή
1394 2124 1441 2168 D,
1469 2134 1571 2160 corr.
1598 2123 1666 2162 Dw

336 2171 514 2217 Κράτερος
540 2170 646 2218 p*Di
745 2171 789 2207 15
812 2170 960 2216 μικροῦ]
988 2171 1059 2208 XV
1085 2171 1142 2216 28,
1168 2172 1254 2208 688.

218 2301 354 2336 regem
383 2290 466 2327 adit
492 2293 532 2326 et
558 2291 864 2326 clementissime
890 2291 1102 2336 excipitur,
1130 2291 1299 2336 pristina
1325 2291 1516 2326 felicitate
1537 2293 1713 2336 recepta.

218 2338 286 2374 Est
323 2342 363 2374 et
400 2338 532 2375 Persis
567 2339 753 2374 omuibus
788 2338 883 2373 data
916 2338 1036 2373 venia
1067 2348 1199 2383 nequo
1235 2338 1315 2374 alia
1352 2339 1534 2384 irrogata
1572 2337 1751 2384 poena,ss

218 2386 291 2421 nisi
319 2385 428 2431 quod
456 2396 538 2421 una
565 2397 654 2421 oss(
680 2386 743 2421 siti
771 2396 852 2421 non
881 2392 985 2426 sunt,
1026 2385 1096 2420 sed
1124 2395 1213 2421 cum
1242 2386 1409 2431 triginta
1436 2385 1545 2420 milia
1570 2389 1715 2425 (ssent.

218 2432 335 2469 divisi
361 2438 466 2478 sunt,
493 2434 657 2469 cuilib‹t
685 2434 919 2479 provinciae
947 2433 1050 2468 binis
1067 2433 1227 2468 milibus
1250 2434 1465 2477 attributis,
1493 2443 1715 2478 earumque

217 2482 473 2564 ssrattoribus
498 2482 664 2517 subesse
691 2492 737 2516 ac
766 2491 908 2527 parere
936 2481 1044 2516 iussi.
1096 2479 1229 2526 Atque
1262 2481 1362 2516 haec
1394 2491 1484 2516 cum
1513 2480 1644 2517 Persis
1676 2480 1750 2516 et?

254 2528 465 2575 heophobo
491 2534 583 2564 acta
610 2533 713 2564 ⁸uut.

336 2575 661 2612 Aniernnunuem
691 2581 824 2612 niuem
855 2576 1009 2621 [intrim¹
1029 2586 1050 2609 v
1056 2576 1201 2611 [statio
1221 2579 1333 2611 tanto
1353 2575 1491 2611 dolore
1510 2576 1713 2611 affecerat.
1728 2577 1751 2611 8

217 2627 262 2659 ut
288 2624 411 2659 vitam
439 2623 514 2659 sibi
541 2634 622 2659 non
651 2623 857 2659 serendam
895 2627 1067 2669 putiret,
1105 2624 1180 2658 nisi
1220 2622 1511 2670 Tiuophobum
1552 2623 1626 2659 hac
1666 2622 1715 2658 do

217 2681 262 2706 re
303 2671 584 2715 moisen-etum
630 2672 746 2707 cuius
793 2672 962 2717 patrium
1011 2682 1098 2705 osso,
1142 2669 1348 2706 Amorium
1395 2672 1464 2706 ubi
1510 2671 1714 2717 cognovit,
1729 2671 1751 2705 9

217 2729 305 2753 eam
345 2718 485 2754 urbem
526 2729 766 2765 oppugnare
805 2718 1020 2753 ‹onstituit
1084 2717 1163 2754 Sul
1203 2729 1272 2753 rvx
1316 2719 1590 2764 piaemonitufl
1626 2729 1713 2755 eam
1732 2718 1777 2754 10

218 2775 307 2801 cum
335 2766 423 2801 aliis
450 2766 572 2801 rebus
598 2770 680 2802 tum
709 2766 903 2802 exv-witi!
909 2775 955 2800 us
983 2766 1111 2800 missin
1137 2767 1381 2810 connnuniit,
1415 2766 1563 2812 quibus
1589 2765 1715 2801 'Piuo-

218 2812 342 2848 dorus
367 2812 569 2856 Craterus,
596 2815 711 2849 cuius
737 2824 861 2859 supra
889 2814 996 2848 facta
1016 2818 1076 2848 est
1097 2814 1257 2856 montio,
1286 2818 1473 2859 praeerat
1497 2814 1619 2849 cutm-i
1651 2823 1715 2858 ue,

217 2861 284 2906 qui
311 2860 419 2907 apud
438 2860 653 2906 Agaronos
679 2862 716 2897 in
746 2860 923 2905 inartyrii
946 2860 1076 2895 stadio
1097 2860 1374 2905 ‹leem-rerunt,
1402 2871 1569 2897 numero
1592 2860 1627 2896 X
1646 2860 1715 2896 211.

218 2907 326 2945 Exiit
352 2912 392 2945 et
418 2919 489 2945 rex
517 2908 718 2956 Agarcuis
745 2918 989 2946 occursurus
1020 2914 1059 2944 et
1086 2918 1176 2945 cum
1204 2910 1490 2946 amermumnis
1516 2909 1596 2946 filio
1623 2919 1714 2947 cum
1731 2908 1774 2945 ll
