2054 3282
462 205 564 253 CVR
588 206 691 253 'LEO
717 205 772 251 IN
798 202 1051 251 IMAGINES
1076 202 1364 249 SAEVIERIT.
1592 203 1663 247 259

163 337 212 386 ὃς
242 338 417 393 ὄμνυσιν
447 337 474 393 ἦ
505 337 593 394 μὴν
622 342 695 394 τῆς
724 335 934 392 βασιλείας
962 334 1104 390 τυχὼν
1134 333 1274 389 ἐντελῆ
1309 333 1452 375 αὐτῶν
1492 337 1662 388 ποιῆσαι

161 406 236 462 τὴν
267 407 435 462 αἴτησιν.
497 408 522 449 ὁ
552 407 631 462 μὲν
662 405 739 448 οὗν
770 406 820 448 ὃν
850 406 1005 459 εἴρηται
1034 402 1192 458 τρόπον
1222 407 1295 458 τῆς
1323 406 1410 444 τῶν
1437 401 1663 456 Ῥωμαίων

161 475 390 531 ἡγεμονίας
431 475 668 531 ἐκράτησεν.
731 475 772 516 οἳ
802 473 848 515 δὲ
883 473 1020 527 τούτῳ
1056 472 1208 527 ταύτην
1245 470 1699 526 προμαντευσάμενοι8

163 545 333 587 ἔννατον
363 544 446 599 ἤδη
478 545 570 590 ἔτος
598 548 672 599 τῆς
703 542 930 597 αὗταρχίας
963 541 1129 583 ἀνύοντι
1165 540 1413 595 προσῆλθον
1445 540 1562 593 αὐτῷ
1591 538 1664 581 καὶ

127 614 292 668 ὅῇτουν
329 613 563 654 ἀποδοῦναι
600 612 741 657 αὐτοῖς
776 615 848 665 τῆς
884 610 1165 664 προρρήσεως
1201 608 1274 650 τὸν
1303 607 1473 663 μισθόν.
1536 606 1608 649 καὶ
1639 607 1700 648 69
1727 611 1925 648 ΡΙΙ104Α

163 680 292 722 Λέων
322 681 486 735 ἕτοιμος
516 680 569 736 ἦν
599 679 708 735 πρὸς
738 683 860 721 τοῦτο
892 678 964 720 καὶ
989 678 1120 732 λέγειν
1140 678 1260 732 ἠξίου
1281 677 1320 719 τί
1335 676 1383 719 τὸ
1405 676 1663 731 αἰτούμενον.

163 749 235 792 καὶ
266 751 291 805 ἡ
323 750 503 805 βέβηλος
534 749 668 804 ἐκείνη
701 752 787 790 τῶν
802 747 1022 790 Ἰουδαίων
1045 746 1150 793 δυὰς
1174 747 1300 788 “οῢτε
1330 745 1547 788 πλοῦτον”
1578 744 1664 787 εἶπε
1680 750 1725 786 10

163 818 375 874 “δοθῆναι
406 819 506 873 ἡμῖν
537 817 816 872 ἐξαιτούμεθα
849 817 943 858 οὔτε
970 815 1079 870 πρὸς
1102 815 1229 870 δόξης
1250 815 1488 870 ἀναχθῆναι
1508 829 1663 869 περιω-

163 886 248 942 πὴν
279 884 377 929 οὔθ’
410 886 551 941 ἕτερόν
580 903 616 927 τι
646 889 732 928 τῶν
762 890 834 940 τῆς
864 885 1072 939 βασιλείας
1102 884 1324 939 λαμπρῶν,
1357 884 1444 925 ἀλλ’
1478 885 1504 938 ἢ
1530 883 1666 938 μόνον

106 955 211 998 1οτὸ
241 955 290 997 τὰ
321 959 395 998 τοῦ
426 955 690 1010 Ναζωραίου
723 954 794 996 καὶ
832 958 904 1009 τῆς
943 952 1071 995 αὐτὸν
1107 953 1309 1007 τεκούσης
1351 952 1666 1007 περιαιρεθῆναι

163 1023 375 1066 πάντοθεν
405 1023 727 1078 ἒκτυπώματα.”
787 1022 859 1064 καὶ
890 1023 938 1068 ὃς
969 1022 1168 1077 ἀβέβαιος
1199 1022 1263 1063 ὢν
1292 1021 1386 1075 περὶ
1415 1021 1491 1076 τὴν
1520 1021 1664 1075 πίστιν,
1681 1026 1723 1062 11
1751 1026 1935 1064 W11185

164 1093 309 1146 ὥσπερ
340 1109 375 1134 τι
410 1096 496 1134 τῶν
535 1092 706 1134 εἶκαίων
744 1090 815 1133 καὶ
858 1090 1027 1146 ῥᾴστων
1069 1094 1192 1132 τοῦτο
1234 1094 1404 1145 ποιῆσαι
1447 1089 1665 1132 συνέθετο·

165 1160 236 1204 καὶ
265 1165 340 1203 τοῦ
373 1161 551 1203 δεκάτου
583 1161 673 1215 ἄρτι
704 1161 893 1202 ἐνιαυτοῦ
918 1164 991 1214 τῆς
1012 1160 1141 1202 αὐτοῦ
1162 1159 1407 1213 τυραννίδος
1429 1158 1666 1213 ἀρξάμενος
1680 1165 1726 1201 12

164 1230 237 1272 καὶ
266 1234 341 1272 τοῦ
380 1231 609 1285 θεομαχεῖν
646 1230 804 1284 ἤρξατο
841 1228 912 1270 καὶ
953 1227 1056 1283 μετὰ
1101 1228 1350 1283 φρικώδους
1392 1228 1666 1282 βρυχήματος

37 1319 38 1322 =
108 1302 152 1338 15
165 1298 271 1341 κατὰ
302 1302 389 1340 τῶν
426 1302 589 1341 σεπτῶν
628 1298 806 1340 εἰκόνων
849 1298 1040 1352 ἐχώρησε
1082 1297 1154 1339 καὶ
1199 1295 1388 1351 διωγμὸν
1430 1295 1710 1351 βαρύτατονΒ

165 1369 304 1423 ἤγειρε
340 1367 524 1414 πολλούς
564 1383 606 1409 τε
650 1365 959 1421 ἀνθεστηκότας
1001 1369 1050 1420 τῇ
1094 1365 1296 1419 ἒξαγίστῳ
1340 1365 1489 1419 γνώμῃ
1535 1365 1665 1406 αὐτοῦ

165 1435 340 1478 ἐκόλασε
382 1435 454 1478 καὶ
488 1435 707 1490 μάρτυρας
743 1434 1035 1489 ἀπειργάσατο.
1097 1433 1206 1488 πρὸς
1243 1433 1288 1475 δὲ
1318 1437 1403 1479 τοῖς
1434 1433 1572 1479 ἄλλοις
1604 1433 1666 1479 οἷς

165 1503 271 1546 κατὰ
302 1507 388 1546 τῶν
419 1505 706 1560 εὐσεβούντων
737 1504 957 1558 εἰργάσατο
988 1502 1060 1544 καὶ
1089 1507 1212 1544 τοῦτο
1249 1502 1486 1557 πεποίηκεν.
1549 1501 1666 1548 οἶκος
1682 1509 1726 1544 13

166 1572 219 1629 ἦν
250 1574 295 1615 ἓν
324 1577 374 1629 τῇ
404 1573 644 1628 καλουμένῃ
676 1573 881 1627 Βασιλικῇ
912 1573 1072 1626 ἔγγιστα
1103 1574 1190 1613 τῶν
1215 1571 1556 1626 Χαλκοπρατίων
1586 1571 1664 1625 βα-

170 1679 215 1715 18
250 1678 330 1725 περὶ
366 1683 427 1715 τοῦ
457 1679 604 1725 πλησίον
635 1683 707 1715 τῶν
740 1679 1026 1725 Χαλκοπρατίων
1064 1678 1368 1725 (χαλκοπρατείων
1394 1677 1439 1722 C)
1476 1678 1665 1724 βασιλικοῦ

168 1729 269 1763 οἴκου
294 1727 356 1763 καὶ
379 1732 440 1774 τῆς
465 1727 502 1763 ἒν
527 1727 623 1773 αὐτῷ
647 1727 887 1774 βιβλιοθηκης
913 1727 973 1762 καὶ
999 1731 1069 1762 τῶν
1093 1727 1131 1762 ἐν
1156 1727 1253 1772 αὐτῷ
1280 1726 1508 1762 διδασκάλων
1534 1726 1598 1762 OE

241 1834 310 1870 1³⁸
288 1850 310 1882 η
337 1835 424 1878 (sie)
449 1834 517 1872 AC
612 1835 682 1871 4⁹
660 1849 799 1872 εννατον
822 1834 971 1882 Apr‚
997 1837 1118 1871 ἔνατον
1135 1835 1179 1880 Ε,
1204 1835 1323 1871 ἔνατον
1340 1833 1408 1880 Di,
1434 1845 1472 1870 v.
1487 1833 1559 1870 XV
1575 1834 1666 1880 13,6

240 1883 263 1920 9
287 1887 359 1919 τῶν
385 1894 460 1919 om.
487 1883 519 1918 E
614 1883 774 1929 λαμπρὸν
800 1883 896 1930 Ewp
996 1883 1042 1918 10
1067 1882 1120 1928 τὰ]
1146 1882 1237 1919 κατὰ
1262 1883 1298 1918 D
1395 1882 1513 1918 αὐτῶν
1531 1882 1667 1926 (sic)A

241 1931 284 1967 11
311 1931 477 1971 κάκεῖνος
503 1930 535 1967 O
638 1931 680 1967 12
703 1936 843 1977 ποιῆσαι
870 1936 972 1967 τοῦτο
998 1931 1029 1966 Β
1128 1931 1183 1967 13.
1205 1930 1250 1966 14
1273 1930 1664 1976 ἀρξάμενος-ἤρξατο]

239 1990 276 2015 v.
303 1979 356 2014 ad
381 1978 479 2014 XIII
504 1978 536 2024 5,
563 1979 610 2014 29
783 1979 828 2015 16
852 1979 977 2025 γνώμῃ
1004 1979 1111 2015 αὐτοῦ
1137 1978 1283 2025 AEwp‚
1309 1979 1416 2014 αὐτοῦ
1440 1979 1605 2025 βουλήσει
1634 1978 1665 2014 O

241 2027 286 2063 18
310 2027 492 2072 εἰργάσατο
513 2025 559 2072 A,
584 2027 767 2073 εἰργάσατο
783 2026 883 2071 EDi,
909 2027 1079 2072 ἐτόλμησε
1097 2026 1194 2073 pr
1295 2026 1339 2062 19
1364 2027 1667 2071 Χαλκοπρατείων

238 2073 296 2110 Di
320 2075 458 2110 invitis
483 2073 631 2121 Apr,
658 2085 696 2111 v.
724 2075 777 2111 ad
802 2075 894 2111 XIV
919 2075 952 2119 2,
979 2075 1025 2111 22
1121 2074 1301 2121 βασιλικὸς
1328 2074 1358 2110 Ε

168 2186 298 2222 regno
323 2176 476 2222 potitus
507 2176 583 2211 sibi
612 2175 865 2219 concederet,
904 2186 1176 2222 quaecunque
1213 2176 1539 2222 postulavissent.
1590 2175 1703 2218 Qui7

168 2225 277 2259 iurat
309 2233 352 2259 se
386 2233 514 2270 regno
543 2224 713 2270 potitum
745 2224 976 2270 petentibus
1010 2225 1057 2260 iis
1083 2234 1171 2260 esse
1197 2225 1512 2260 satisfacturum.
1562 2223 1667 2260 Poti-

169 2275 252 2307 tum
279 2272 417 2317 igitur‚
442 2275 488 2307 ut
502 2271 652 2307 dictum
681 2275 751 2316 est,
778 2271 959 2308 Romano
974 2273 1205 2318 principatu
1219 2282 1394 2317 eumque
1421 2272 1499 2307 iam
1514 2282 1665 2307 nonum
1681 2274 1704 2308 8

170 2329 322 2355 annum
354 2322 557 2355 tenentem
584 2319 623 2364 ii,
662 2320 731 2365 qui
758 2320 794 2355 ei
822 2330 911 2355 eum
938 2320 1147 2355 vaticinati
1174 2323 1301 2364 erant,
1340 2319 1529 2355 adierunt
1555 2330 1667 2365 prae-

170 2367 357 2403 dictionis
382 2367 610 2403 mercedem
636 2370 831 2413 petentes.
882 2367 1023 2413 Neque
1061 2371 1223 2403 recusat
1249 2367 1333 2403 Leo
1361 2378 1410 2403 ac
1435 2367 1570 2403 dicere
1598 2369 1704 2404 0039

170 2415 294 2457 iubet,
321 2414 419 2461 quid
444 2418 596 2461 petant.
645 2414 698 2451 At
724 2416 885 2461 profani
910 2415 966 2450 illi
1000 2415 1081 2451 duo
1109 2415 1251 2451 Iudaei
1276 2415 1449 2461 “Neque
1477 2414 1670 2450 divitias”
1686 2417 1729 2452 10

171 2463 286 2498 aiunt
309 2462 602 2509 “postulamus‚
641 2473 775 2509 neque
802 2463 959 2499 culmen
987 2463 1196 2509 dignitatis
1223 2463 1445 2499 ascendere
1484 2463 1668 2508 cupimus

171 2520 304 2556 neque
329 2510 455 2546 ullum
493 2511 608 2556 regni
648 2511 916 2557 splendorem,
952 2511 1023 2546 sed
1061 2511 1158 2546 illud
1190 2514 1358 2554 tantum,
1397 2514 1442 2546 ut
1467 2509 1668 2546 Nazareni

171 2558 340 2604 eiusque
358 2558 496 2593 matris
514 2558 713 2604 imagines
738 2559 890 2604 ubique
909 2558 1139 2594 tollantur.”
1186 2558 1290 2594 Tum
1316 2558 1380 2594 ille
1396 2568 1538 2604 parum
1554 2559 1668 2594 firma
1683 2561 1726 2596 11

171 2605 250 2642 fide
276 2605 497 2652 praeditus,
524 2606 639 2651 quasi
666 2617 730 2642 res
756 2607 856 2642 levis
882 2610 988 2643 esset
1013 2617 1062 2642 ac
1088 2607 1288 2651 facillima,
1314 2617 1358 2642 se
1383 2607 1439 2641 ita
1466 2606 1667 2642 facturum

171 2663 260 2690 esse
274 2653 506 2699 pollicetur3
531 2655 670 2699 itaque
697 2654 894 2690 decimum
922 2654 1042 2690 modo
1061 2655 1288 2700 tyrannidis
1315 2663 1466 2690 annum
1486 2654 1668 2700 auspica—
1684 2656 1728 2692 12

171 2705 236 2737 tus
260 2711 344 2736 una
370 2701 491 2737 etiam
516 2701 664 2737 bellum
692 2706 833 2738 contra
867 2701 987 2738 deum
1014 2703 1249 2748 auspicatus
1276 2706 1335 2738 est
1363 2706 1402 2737 et
1441 2711 1531 2736 cum
1557 2702 1668 2737 terri-

171 2748 241 2784 bili
278 2748 419 2795 rugitu
457 2749 714 2785 venerandas
745 2750 944 2796 imagines
978 2750 1127 2786 invasit
1165 2753 1206 2786 et
1231 2749 1552 2796 persecutionem
1578 2759 1669 2795 gra·

171 2796 376 2832 vissimum
403 2797 598 2833 excitavit
635 2800 675 2833 et
700 2798 846 2834 multos
872 2798 1139 2834 adversantes
1165 2797 1430 2834 detestandae
1457 2806 1556 2832 suae
1582 2807 1669 2833 sen·

171 2844 323 2881 tentiae
383 2844 515 2880 univit
548 2847 587 2882 et
622 2848 820 2892 martyres
855 2846 960 2883 fecit.
1011 2845 1071 2882 Ac
1105 2849 1267 2893 praeter
1294 2849 1440 2890 cetera,
1480 2855 1586 2891 quae
1628 2846 1669 2882 in

172 2891 260 2941 pios
286 2854 392 2939 soci),
430 2891 529 2930 illud
554 2893 674 2931 etiam
701 2893 943 2942 designavit.
993 2893 1148 2931 Domus
1173 2897 1260 2932 erat
1286 2894 1327 2930 in
1354 2872 1536 2941 Basilica,
1564 2904 1669 2942 quae
1687 2896 1730 2936 13
