1968 3302
257 215 304 250 60
652 213 834 252 ZONAR.
861 215 992 252 EPIT.
1019 215 1117 251 XIII
1144 214 1198 259 12,
1225 213 1353 249 5—22.

257 339 281 381 ὅ
318 343 391 382 τοῦ
430 340 743 396 τελευτήσαντος
787 339 936 394 νεκρὸς
973 339 1286 395 αὐτοκράτορος
1322 341 1366 383 ἓν
1402 346 1465 396 τῷ
1499 345 1585 385 τῶν
1622 342 1754 398 ἇγίων

257 411 503 453 ἀποστόλων
534 416 637 465 ναῷ.

220 475 241 510 (5
375 479 570 526 Πολλοὺς
609 480 653 522 δὲ
690 483 775 521 τῶν
812 479 906 531 περὶ
942 477 990 519 τὰ
1029 479 1212 532 βασίλεια
1245 480 1269 521 ὁ
1295 479 1520 527 Ἰουλιανὸς
1550 481 1647 528 τοὺς
1676 482 1754 536 μὲν

220 544 399 602 Ίᾶνεῖλε,
446 548 542 595 τοὺς
576 549 620 590 δὲ
651 549 888 601 ὑπερώρισε
919 548 990 589 καὶ
1025 551 1110 589 τῶν
1148 549 1304 591 οὐσιῶν
1342 550 1604 605 ἀπεστέρησε.
1665 555 1754 598 ταῖς

257 618 301 660 δὲ
332 618 492 664 λοιπαῖς
524 623 595 672 τῆς
625 618 832 671 βασιλείας
866 617 1088 671 ὃιοικήσεσι
1119 617 1191 659 καὶ
1220 617 1267 659 τὸ
1308 619 1488 667 δικάζειν
1529 618 1789 662 συνέταττε.5

219 681 352 729 8ποτὲ
392 692 493 741 γοῦν
534 687 719 735 δικάζων
757 686 830 727 τινὶ
873 686 1123 740 κεκλοφέναι
1167 689 1525 742 κατηγορουμένῳ
1571 689 1752 743 δημόσια

254 757 448 811 χρήματα
481 756 551 798 καὶ
582 755 655 810 τὴν
687 755 849 809 κλοπὴν
881 755 1144 809 ἀρνουμένῳ,
1189 756 1275 797 ἐπεὶ
1308 756 1332 798 0‘
1363 757 1599 811 κατήγορος
1629 758 1754 804 “vig’'

255 826 335 880 ἔφη
370 825 578 879 ”βασιλεῢ,
626 822 689 865 ἐπ’
724 824 948 877 ἐγκλήματι
989 824 1108 878 δίκην
1147 824 1327 880 ὑπόσχῃ,
1376 827 1414 867 εἶ
1449 826 1494 874 ἒξ
1534 826 1754 881 ἀρνήσεως

219 887 484 949 9ὠφελοῖντο
517 894 557 934 οἳ
587 893 879 947 αἰτιώμενοι”,·
912 893 1069 939 ἐκεῖνος
1094 894 1419 947 ἀνταπεκρίνατο
1439 895 1542 936 ἐκαὶ
1562 896 1621 942 τίς
1642 897 1753 938 ἔσται

139 957 168 993 C
198 958 242 992 10
255 964 443 1011 ἀναίτιος,
477 964 514 1003 εἶ
542 963 725 1016 ἐλέγχων
756 962 854 1003 ἄνευ
886 962 1139 1004 πιστεύοιντο
1171 964 1211 1004 οἳ
1241 964 1528 1017 κατήγοροι”,·
1566 965 1751 1020 ἕχρημά-
1771 963 1816 999 10

254 1034 334 1080 τιζε
367 1032 412 1073 δὲ
443 1031 514 1073 καὶ
545 1032 765 1085 πρέσβεσιν
798 1031 845 1072 ἐκ
886 1031 1109 1085 διαφόρων
1150 1032 1291 1073 ἐθνῶν
1329 1033 1501 1074 σταλεῖσι
1539 1033 1648 1087 πρὸς
1683 1032 1755 1075 τὸν

196 1094 558 1142 11Κωνστάντιον.
607 1099 677 1142 καὶ
707 1099 756 1143 τὰ
789 1100 1073 1154 στρατεύματα
1105 1100 1149 1141 δὲ
1172 1101 1440 1143 ἐπεσκέπτετο
1469 1101 1539 1144 καὶ
1570 1103 1752 1157 ἐξήταζε,

197 1163 241 1198 12
253 1169 300 1211 τὸ
331 1170 438 1211 πολύ
470 1186 511 1211 τε
542 1173 614 1224 τῆς
650 1169 866 1223 βασιλικῆς
902 1169 1130 1222 θεραπείας
1170 1170 1460 1224 ἀπεπέμψατο.
1523 1172 1681 1226 κουρέα
1712 1187 1754 1213 τε

255 1238 447 1293 ζητήσας,
480 1239 542 1285 ὡς
572 1238 813 1293 προσῆλθεν
845 1238 962 1291 αὐτῷ
986 1242 1060 1280 τοῦ
1088 1239 1382 1281 Κωνσταντίου
1414 1239 1594 1294 κουρεὺς
1623 1241 1752 1282 πολυ-

254 1308 383 1354 τελῶς
420 1307 680 1360 ἐσταλμένος,
729 1307 887 1360 κουρέα
921 1308 1052 1361 ζητεῖν
1084 1306 1207 1356 εἶπεν,
1256 1305 1342 1349 ἀλλ’
1378 1309 1428 1349 οὐ
1466 1308 1751 1363 συγκλητικόν,
1769 1311 1813 1347 15

197 1371 326 1418 13καὶ
365 1375 492 1418 αὗτὸν
531 1376 824 1430 ἀπεπέμψατο.
887 1375 958 1417 καὶ
995 1375 1197 1430 μάγειρον
1238 1376 1283 1417 δὲ
1322 1380 1406 1418 τῶν
1443 1378 1672 1432 βασιλικῶν
1711 1378 1754 1420 ἒν

255 1445 397 1500 ε’σθῆτι
428 1445 698 1499 λαμπροτέρα
729 1449 801 1499 τῆς
839 1445 1070 1498 ὑπουργίας
1107 1445 1236 1486 αὐτοῦ
1274 1446 1540 1500 θεασάμενος
1576 1446 1647 1488 καὶ
1683 1446 1755 1488 τὸν

256 1515 406 1556 ἑαυτοῦ
437 1514 733 1568 μετεπέμψατο
764 1513 965 1567 μάγειρον
997 1512 1103 1555 κατὰ
1135 1514 1336 1568 μάγειρον
1369 1515 1636 1569 ἐσταλμένον·
1685 1515 1756 1557 καὶ

198 1577 242 1613 14
255 1584 379 1638 ἤρετο
410 1582 507 1629 τοὺς
536 1582 761 1636 παρόντας,
806 1582 984 1636 πότερον
1015 1583 1156 1624 αὐτῶν
1187 1583 1366 1637 κρίνοιεν
1395 1583 1609 1638 μάγειρον.
1671 1587 1757 1626 τῶν

258 1707 302 1743 14
330 1709 380 1743 ὅτι
406 1709 555 1752 λιτότητι
581 1708 755 1752 (λιτότητα
781 1708 827 1749 Ε)
853 1708 972 1752 μετῄει
999 1709 1019 1742 ὁ
1042 1707 1247 1753 παραβάτης
1273 1706 1352 1751 ΑΕ,
1391 1709 1442 1742 ὅτι
1468 1708 1626 1754 λιτότητα
1651 1710 1672 1744 ὁ
1693 1723 1756 1745 πα·

256 1756 411 1802 ραβάτης
435 1758 553 1802 μετῄει
579 1755 618 1792 C.
670 1755 889 1792 Praeterea
917 1755 1081 1791 additur
1105 1757 1147 1791 in
1174 1754 1274 1792 ACE
1300 1757 1495 1801 σημείωσαι

328 1877 347 1911 1
375 1880 470 1912 ante
495 1878 516 1911 ὅ
540 1876 632 1912 add.
659 1877 719 1912 καὶ
746 1876 776 1911 Ε
874 1875 955 1915 ναὸς
981 1875 1028 1918 D,
1056 1886 1156 1911 corr.
1184 1875 1252 1914 Dw
1356 1877 1378 1911 3
1404 1877 1425 1911 o‘
1450 1887 1524 1912 om.
1548 1877 1578 1911 E
1676 1876 1756 1915 τοὺς

326 1924 391 1968 μὲν
421 1935 495 1960 om.
524 1924 561 1959 D
753 1924 776 1960 5
802 1929 862 1960 τοῦ
887 1925 1066 1969 βασιλείου
1094 1924 1124 1959 Ε
1317 1925 1339 1958 6
1365 1929 1449 1966 γοῦν
1475 1923 1623 1970 Apr,
1656 1924 1695 1960 δὲ
1719 1924 1756 1959 D

327 1973 350 2009 9
374 1972 508 2012 ἐκεῖνος
532 1972 806 2017 ἅνταπεκρίνατο
833 1972 1112 2014 (ἆντεπεκρίνατο
1138 1972 1184 2009 Ε)
1210 1971 1377 2016 prDz'‚
1406 1983 1480 2007 om.
1498 1971 1531 2006 A
1649 1973 1690 2007 11
1719 1972 1758 2007 δὲ

330 2020 455 2056 om.D
554 2020 600 2056 14
626 2026 686 2056 τοῦ
700 2019 848 2066 Apr,
875 2025 946 2055 τῶν
959 2018 1016 2055 Di
1099 2020 1144 2055 16
1169 2019 1207 2055 δὲ
1234 2019 1354 2055 om.C
1429 2020 1484 2056 19.
1514 2031 1548 2063 n.
1563 2020 1620 2064 61,
1637 2020 1655 2055 1
1682 2021 1756 2065 κρί-

328 2083 422 2104 νοιεν
440 2069 619 2114 μάγειρον.
646 2073 716 2104 τῶν
731 2067 769 2104 δὲ
790 2068 795 2111 Ι
817 2073 888 2103 τῶν
902 2067 947 2111 A,
975 2079 1076 2104 corr.
1091 2067 1157 2111 Di,
1184 2069 1336 2113 κρίνοιεν
1355 2068 1398 2103 ἄν
1414 2070 1572 2113 μαγείρῳ
1597 2082 1756 2112 προσεοι-

328 2117 439 2153 κέναι.
471 2121 542 2152 τῶν
567 2116 607 2152 δὲ
630 2116 689 2152 τὸν
714 2117 802 2162 (pro
830 2116 904 2152 τὸνε
930 2121 999 2151 τῶν
1026 2119 1065 2151 et
1091 2116 1149 2151 τὸν
1177 2115 1216 2161 C,
1243 2121 1314 2151 τῶν
1341 2116 1388 2160 D,
1415 2116 1473 2151 τὸν
1499 2115 1583 2160 Dw)
1609 2116 1708 2162 pr

221 2229 243 2263 6
376 2236 522 2272 Multos
549 2237 702 2272 aulicos
737 2236 907 2277 sustulit,
947 2237 1093 2271 multos
1128 2236 1328 2279 relegavit
1364 2236 1479 2271 bonis
1516 2236 1755 2271 confiscatis.

222 2277 316 2320 7Ac
351 2285 495 2320 ceteris
529 2285 686 2329 imperii
722 2285 829 2319 curis
870 2285 990 2319 etiam
1029 2284 1128 2319 iuris
1169 2283 1334 2318 dicundi
1372 2294 1520 2318 munus
1558 2284 1754 2319 adiunxit.

221 2326 358 2368 &Cum
385 2333 511 2376 igitur
537 2332 756 2378 aliquando
785 2332 835 2368 de
862 2332 1035 2377 quodam
1065 2332 1276 2377 peculatus
1303 2342 1384 2370 reo,
1418 2332 1486 2375 qui
1515 2332 1664 2367 crimen
1690 2342 1755 2366 ne·

259 2381 396 2424 gabat,
422 2380 604 2415 Iulianus
630 2380 840 2421 iudicaret,
882 2380 1040 2415 dicente
1067 2382 1306 2414 accusatore
1332 2379 1457 2420 “Quis
1482 2379 1602 2414 ullius
1629 2380 1755 2414 crimi-

222 2420 319 2463 9nis
347 2439 499 2474 poenas
527 2428 605 2470 dot,
633 2429 663 2463 si
691 2438 760 2463 reo
787 2428 936 2463 infitias
962 2428 1020 2462 ire
1047 2427 1230 2472 p1·0sit?’‘
1256 2427 1464 2472 respondit
1490 2427 1566 2462 “Et
1585 2428 1674 2472 quis
1700 2428 1756 2462 in-

259 2486 353 2511 sons
381 2477 467 2516 erit,
507 2477 538 2511 si
566 2476 794 2511 accusatori
830 2476 995 2510 crimine
1033 2486 1115 2510 non
1154 2475 1326 2518 probato
1365 2474 1464 2509 fides
1502 2474 1756 2510 habeatur?”

201 2516 245 2550 10
260 2523 547 2567 Respondebat
575 2526 613 2559 et
646 2524 791 2567 leg-atis
825 2534 848 2558 a
875 2524 999 2558 variis
1025 2523 1216 2564 gentibus
1243 2523 1294 2557 ad
1322 2521 1599 2558 Constantium
1627 2523 1756 2558 missis

201 2564 243 2597 11
260 2574 299 2606 et
330 2571 512 2613 legiones
545 2572 868 2613 recog-noscebat
905 2581 952 2605 ac
990 2571 1228 2606 recensebat
1266 2573 1303 2605 et
1341 2571 1558 2605 maximam
1599 2574 1755 2615 partem

202 2612 506 2664 lssimperatorii
543 2620 756 2654 comitatus
789 2619 947 2654 dimisit.
999 2618 1075 2660 Qui
1111 2629 1200 2653 cum
1235 2622 1438 2653 tonsorem
1476 2621 1690 2662 quaereret
1716 2621 1755 2653 et

260 2666 311 2700 ad
340 2677 430 2702 eum
451 2666 674 2702 Constantii
697 2670 836 2702 tonsor
855 2669 1092 2712 sumptuoso
1113 2669 1258 2700 ornatu
1278 2666 1522 2709 accessisset,
1550 2668 1752 2701 tonsorem

202 2707 245 2741 13
260 2724 302 2748 se
337 2725 544 2759 quaerere,
583 2726 664 2750 non
698 2718 924 2750 senatorem
959 2714 1096 2749 dicens
1129 2713 1328 2748 hominem
1361 2713 1519 2748 dimisit.
1570 2713 1753 2758 Coquum

259 2762 353 2796 item
385 2763 687 2807 imperatorium
723 2763 764 2797 in
800 2762 1073 2808 splendidiore
1109 2763 1222 2796 veste
1262 2771 1381 2801 Quam
1421 2771 1493 2806 pro
1533 2762 1752 2797 ministerio

261 2810 518 2854 conspicatus
545 2820 617 2845 suo
646 2821 788 2856 coquo,
828 2811 895 2855 qui
932 2820 1005 2855 pro
1045 2810 1141 2844 artis
1180 2808 1417 2844 condicione
1457 2811 1623 2843 ornatus
1654 2812 1753 2851 erat,

227 2857 452 2906 ‘arcessito
493 2868 561 2892 eos
600 2859 668 2903 qui
707 2858 878 2893 aderant
915 2858 1089 2903 rogavit,
1128 2859 1263 2892 utrum
1303 2856 1529 2891 iudicarent
1568 2866 1753 2900 coquum.

119 2897 174 2934 14·
203 2899 247 2935 10
262 2904 338 2948 Qui
366 2914 456 2940 cum
489 2905 607 2941 vilius
640 2906 791 2942 cultum
825 2906 1032 2950 dixissent,
1071 2905 1240 2941 alterurn
1267 2904 1509 2950 repudiavit.
1561 2903 1673 2939 Haec
1699 2904 1755 2939 fa-
