2054 3282
363 206 648 248 SEVERITAS
674 205 996 249 IVDICIORVM.
1047 205 1265 248 PERSICA
1291 206 1552 248 VICTORIA.
1640 206 1708 248 177

325 333 382 375 Αἱ
421 333 466 375 δὲ
497 331 612 388 ’πρὸς
648 333 822 388 Πέρσας
861 333 1038 375 σπονδαὶ
1082 332 1147 374 ἐπὶ
1190 333 1340 374 τούτου
1383 337 1457 375 τοῦ
1501 334 1709 388 βασιλέως
1722 338 1769 374 22

206 402 434 457 ἐλύθησαν·
468 402 633 457 δασμὸν
665 402 744 457 γὰρ
777 402 983 445 ἐνιαύσιον
1014 402 1152 457 λίτρας
1181 403 1458 449 πεντακοσίας
1488 406 1574 445 τῶν
1605 403 1708 446 Ῥω·
1722 407 1770 443 23

204 471 345 523 μαίων
377 471 580 513 διδόντων
611 472 764 526 αὐτοῖς,
797 472 861 512 ἵνα
893 471 942 513 τὰ
974 472 1112 526 σφίσιν
1143 472 1355 526 ἀγχίθυρα
1378 477 1451 527 τῆς
1471 472 1710 528 Ῥωμαϊκῆς

205 541 431 595 ἡγεμονίας
474 540 641 595 ἀβλαβῆ
685 541 980 594 φυλάσσωνται
1019 541 1220 595 φρούρια,
1265 541 1289 582 ὁ
1329 540 1547 588 Ἰουστῖνος
1587 540 1710 588 οὗτος

171 609 484 652 ὃέπονείδιστον
527 609 628 650 εἶναι
667 609 713 651 τὸ
750 609 1079 664 φορολογεῖσθαι
1109 609 1225 664 παρὰ
1257 609 1444 664 Περσῶν
1474 609 1710 665 Ῥωμαίους

206 677 355 732 λέγων,
389 678 535 732 ἐπέσχε
556 678 602 719 τὸ
624 681 810 732 χρυσίον.
875 679 1311 733 διαπρεσβευσάμενος
1334 678 1379 720 δὲ
1399 679 1508 734 πρὸς
1531 679 1710 734 Ἀρέθαν
1723 684 1770 719 24

205 746 278 788 τὸν
307 746 533 788 Αἰθιόπων
569 746 740 800 βασιλέα
778 748 936 788 ἔπεισεν
968 747 1095 788 αὐτὸν
1125 747 1174 788 τὰ
1205 748 1483 802 πλησιάζοντα
1516 752 1601 795 τοῖς
1632 749 1708 790 Αἶ-

206 815 329 870 θίοψι
349 820 421 870 τῆς
441 819 527 857 τῶν
547 815 734 870 Περσῶν
759 817 1018 870 ἐπικρατείας
1048 817 1334 871 καταδραμεῖν
1365 817 1436 859 καὶ
1468 817 1708 872 ληίσασθαι·

208 883 272 925 διὸ
293 883 364 926 καὶ
387 883 511 930 αὖθις
530 886 662 939 μέσον
684 884 869 939 Περσῶν
890 885 961 926 καὶ
982 885 1206 938 Ῥωμαίων
1228 886 1490 940 ἀνερρίπιστο
1511 886 1708 942 πόλεμος.

149 961 195 996 10
207 953 436 1008 στρατηγὸν
475 952 551 994 οὖν
587 958 659 1008 τῆς
696 954 900 1008 ἀνατολῆς
936 954 961 994 ὁ
992 954 1184 1008 βασιλεὺς
1222 954 1293 996 τὸν
1330 956 1548 1010 πατρίκιον
1581 957 1708 1011 MaQ-
1722 961 1769 997 25

205 1025 316 1063 τῖνον
359 1023 732 1077 προχειρισάμενος
775 1023 939 1077 ἔπεμψε
981 1020 1072 1064 κατ’
1119 1024 1272 1077 αὐτῶν,
1318 1023 1390 1065 καὶ
1428 1029 1490 1078 τῷ
1528 1025 1760 1079 τετάρτῳΙ)

206 1091 282 1132 ἔτει
312 1095 384 1145 τῆς
414 1091 622 1145 βασιλείας
654 1092 782 1133 αὐτοῦ
815 1093 987 1147 συνέστη
1020 1092 1218 1147 πόλεμος,
1251 1093 1322 1134 καὶ
1343 1093 1490 1135 πολλοὶ
1516 1093 1595 1148 μὲν
1627 1095 1708 1148 ἀμ-

207 1160 456 1214 φοτέρωθεν
487 1161 650 1215 ἔπεσον,
684 1164 829 1202 νικῶσι
862 1161 899 1202 δ’
933 1161 1055 1216 ὅμως
1078 1161 1288 1216 Ῥωμαῖοι.
1351 1162 1375 1203 ὁ
1409 1162 1454 1203 δὲ
1485 1166 1571 1204 τῶν
1592 1162 1707 1217 Περ·
1723 1169 1769 1204 26

208 1232 297 1270 σῶν
317 1232 488 1283 κρατῶν
509 1228 739 1284 “Ορμίσδας
762 1230 1029 1285 Ἀρδαμάνην
1051 1231 1214 1285 έπεμψε
1242 1231 1345 1285 μετὰ
1377 1232 1549 1286 βαρείας
1582 1232 1709 1273 δυνά-

150 1305 194 1340 15
205 1313 323 1351 μεως
350 1297 399 1339 τὰ
428 1297 512 1339 ὕπὸ
533 1297 768 1352 Ῥωμαίους
796 1299 1035 1353 ληίσασθάι·
1068 1301 1116 1345 ὃς
1146 1299 1305 1354 πολλὴν
1337 1300 1531 1341 ἐπελθὼν
1562 1301 1711 1355 χώραν
1725 1308 1770 1343 27

206 1366 446 1422 Ῥωμαϊκὴν
488 1367 559 1408 καὶ
602 1367 713 1408 λείαν
750 1367 940 1422 πλείστην
980 1368 1025 1415 ἒξ
1061 1369 1189 1423 αὐτῆς
1233 1369 1441 1423 ἡρπακὼς
1485 1369 1709 1424 ἐπανῆλθε,

207 1439 280 1476 τοῦ
319 1436 539 1490 πατρικίου
571 1435 791 1491 Μαρτίνου
828 1436 888 1490 μὴ
921 1436 1205 1491 τολμήσαντος
1237 1438 1354 1491 αὐτῷ
1385 1437 1709 1485 ἀντεπεξελθεῒν.

210 1589 229 1624 1
255 1591 305 1624 ὅτι
331 1589 390 1629 τὰς
413 1589 501 1636 πρὸς
526 1590 668 1635 Πέρσας
694 1589 847 1630 σπονδὰς
872 1591 991 1626 ἔλυσεν
1014 1591 1197 1631 ’Ῑουστῖνος
1225 1591 1288 1627 CE

278 1741 302 1776 4
327 1741 561 1787 φυλάσσονται
581 1740 727 1787 AEwp,
755 1741 1002 1786 φυλάσσωνται
1022 1740 1114 1777 ODi
1210 1742 1323 1780 οὕτως
1351 1741 1385 1776 Ι)
1485 1742 1518 1778 5.
1537 1742 1559 1778 6
1576 1743 1688 1788 λέγων
1706 1742 1709 1789 2

279 1789 460 1834 ῥωμαιόυς
479 1789 509 1824 Ε
607 1789 629 1824 6
654 1789 787 1834 ἀρέθαν
810 1788 929 1833 ARW,
955 1789 1102 1835 Αρεθὰν
1132 1789 1179 1836 p*
1278 1790 1299 1826 7
1325 1790 1383 1826 τὸν
1408 1789 1488 1834 AC,
1515 1795 1587 1826 τῶν
1612 1790 1711 1836 pr

279 1837 302 1872 8
327 1841 397 1872 τῶν
425 1847 500 1872 om.
526 1836 556 1871 B
655 1837 677 1872 9
701 1836 746 1872 αὖ
773 1837 803 1871 Ε
903 1837 947 1872 10
975 1839 996 1872 o‘
1018 1837 1183 1884 βασιλεὺς
1210 1849 1286 1873 om.
1314 1837 1345 1874 O
1447 1837 1646 1884 Μαρτΐνον]
1675 1850 1711 1873 v.

280 1884 460 1930 Theoph.
493 1884 510 1919 I
542 1896 578 1930 p.
605 1884 686 1929 245,
713 1884 770 1929 25,
809 1884 1005 1920 Grohium
1039 1885 1060 1920 l.
1095 1896 1126 1921 c.
1161 1897 1198 1931 p.
1227 1885 1306 1930 104,
1345 1885 1628 1922 Hertzsehium
1661 1887 1711 1921 de

281 1933 415 1978 script.
443 1942 519 1968 rer.
542 1934 681 1978 imper.
701 1932 852 1992 Tiberii
872 1932 1124 1969 Constantini
1143 1933 1380 1976 (Comment.
1400 1934 1533 1979 philol.
1554 1934 1712 1970 lenens.

282 2028 510 2074 84
756 1980 934 2074 ζῆτε.
950 1992 987 2016 v·
1016 1981 1711 2074 Tres-‘2022’-&referes-r

281 2079 333 2118 (v.
349 2076 400 2111 ad
417 2087 453 2122 p.
469 2076 548 2120 178,
561 2076 598 2118 3)
691 2076 922 2122 Ἄρδαμάνην]
943 2076 1003 2112 De
1023 2078 1152 2113 forma
1171 2079 1344 2113 nominis
1365 2089 1400 2112 v.
1420 2076 1615 2113 Grohium
1637 2079 1658 2113 l.
1679 2090 1710 2113 c.

282 2135 318 2170 p.
348 2123 416 2159 105
441 2134 535 2159 ann.
561 2123 584 2158 6
730 2124 774 2158 16
799 2123 975 2170 ἐπανῆλθε
1001 2124 1083 2170 ΑΟ,
1113 2126 1310 2172 ἐπανῆλθεν
1336 2126 1443 2171 Ewp‚
1473 2137 1509 2160 v.
1538 2126 1590 2161 ad
1616 2125 1711 2161 XIII

281 2174 312 2217 l,
338 2173 360 2207 ἶ)
461 2172 503 2207 17
528 2171 728 2212 ἐπεξελθεῖν
754 2171 783 2207 C

328 2323 492 2359 Persica
519 2333 599 2368 pax
627 2321 703 2357 hoe
730 2331 828 2367 rege
854 2321 986 2357 soluta
1013 2325 1082 2358 est.
1134 2321 1234 2358 Nam
1262 2332 1352 2358 cum
1379 2322 1551 2358 Romani
1577 2322 1711 2359 Persis
1724 2324 1781 2360 22.

211 2381 369 2407 annuas
396 2372 643 2417 quingentas
670 2369 793 2404 libras
820 2369 1056 2415 penderent,
1096 2373 1141 2405 ut
1167 2370 1242 2404 sibi
1273 2371 1407 2405 vicina
1421 2370 1630 2406 Romanae
1657 2371 1711 2406 di-

211 2419 338 2455 cionis
364 2419 528 2455 castella
553 2419 693 2454 illaesa
720 2420 942 2462 tuerentur,
975 2417 1165 2462 lustinus,
1193 2418 1259 2462 qui
1291 2421 1408 2463 turpe
1435 2428 1522 2454 esse
1551 2418 1711 2454 dicebat

211 2467 414 2503 Romanos
429 2466 563 2502 Persis
579 2465 800 2511 vectigales
827 2475 926 2509 esse,
953 2475 1097 2500 aurum
1118 2466 1300 2509 retinuit3
1327 2467 1538 2511 missisque
1566 2467 1711 2512 legatis
1724 2468 1771 2504 24

211 2515 263 2550 nd
279 2514 481 2559 Aretham,
508 2514 752 2560 Aethiopum
773 2523 923 2558 regem,
952 2514 1193 2558 impetravit,
1220 2518 1265 2548 ut
1279 2513 1463 2549 Persicas
1478 2515 1711 2559 provincias

210 2562 451 2609 Aethiopiae
479 2563 667 2598 finitimas
682 2564 909 2598 incursaret
936 2572 983 2596 ae
998 2561 1276 2607 praedaretur.
1330 2560 1485 2603 Quibus
1512 2562 1562 2597 de
1577 2563 1710 2598 causis

211 2621 301 2646 cum
329 2611 463 2646 denuo
491 2611 638 2646 bellum
666 2611 770 2646 inter
787 2609 930 2644 Persas
957 2612 996 2644 et
1011 2608 1214 2644 Romanos
1237 2610 1467 2654 exarsisset,
1494 2609 1770 2647 Martinum25

211 2659 423 2704 patricium
451 2669 540 2694 eum
569 2660 737 2705 imperio
766 2659 907 2692 contra
946 2667 1015 2692 eos
1042 2657 1083 2691 in
1110 2656 1312 2692 Orientem
1341 2657 1456 2702 misit,
1498 2661 1538 2693 et
1564 2661 1709 2703 quarto

211 2706 299 2741 eius
325 2716 433 2742 anno
461 2707 672 2742 commisso
691 2705 858 2753 proelio,
885 2705 1071 2750 quamvis
1098 2705 1301 2749 utrimque
1328 2705 1440 2740 multi
1460 2705 1710 2750 cecidissent,

211 2758 345 2789 tamen
390 2754 561 2789 victoria
604 2765 729 2800 penes
767 2751 972 2788 Romanos
1016 2753 1102 2787 suit.
1154 2751 1340 2788 Ceterum
1381 2763 1454 2788 rex
1493 2752 1709 2789 Persarum
1724 2755 1771 2790 26

210 2800 446 2837 Hormisdas
460 2801 731 2838 Ardamanem
752 2810 841 2835 cum
865 2800 1101 2846 ing-entibus
1128 2800 1253 2845 copiis
1279 2801 1385 2835 misit
1411 2800 1462 2836 ad
1479 2802 1710 2846 provincias

213 2849 484 2886 Romanorum
521 2850 789 2896 diripiendas3
829 2848 899 2893 qui
938 2848 1059 2894 longe
1103 2847 1263 2893 lateque
1303 2858 1446 2894 agrum
1485 2848 1770 2886 Romanun127

213 2901 462 2943 pervagatus
486 2898 746 2944 maximaque
775 2895 927 2941 praeda
955 2899 1071 2942 rapta
1099 2895 1260 2931 (lonium
1290 2895 1418 2941 rediit,
1445 2896 1617 2932 Martino
1646 2908 1710 2943 pa-

285 2968 440 2997 Zvnurae
462 2969 609 3005 &picenae
632 2969 689 2998 ΙΙΙ.
1452 2956 1495 2992 1‘2
