2066 3230
319 249 388 285 744
656 248 837 285 ZONAR.
866 248 994 283 EPIT.
1021 247 1152 283 XVIII
1178 248 1234 292 23,
1261 247 1412 292 24-24,
1439 247 1471 283 7.

46 374 304 411 P11301A25
319 371 410 424 ρίας
441 371 581 411 αὐτοῦ.
643 370 728 411 ἐπεὶ
752 366 787 410 δ’
812 369 863 423 ἦν
889 368 1002 414 ε’ντός
1034 368 1209 421 ἀρκύων
1240 368 1286 410 τὸ
1317 369 1508 423 θήραμα,
1541 368 1809 423 ἕδημοσίευσε

317 438 395 493 μὲν
426 438 499 493 τὴν
532 438 690 480 ἐκείνου
725 437 993 478 διδασκαλίαν
1024 436 1168 477 καὶτὰ
1192 436 1379 491 δόγματα
1403 437 1657 491 ἓξεφαύλισε,
1689 441 1810 492 κοινῇ

320 506 365 548 δὲ
402 507 541 561 ψήφῳ
580 505 714 560 πυρὸς
753 504 879 546 αὐτὸν
919 505 963 546 ἓν
999 510 1060 559 τῷ
1098 510 1170 560 τῆς
1207 505 1456 560 ἱππηλασίας
1494 505 1665 560 θεάτρῳ
1699 521 1808 560 παρ-

319 574 524 628 ανάλωμα
557 575 687 615 ἔθετο.

261 647 307 682 ‘26
438 641 575 688 Αὖθις
607 640 644 683 δ’
678 641 949 688 ἐπανάστασις
980 643 1097 696 ἑτέρα
1134 641 1239 683 κατὰ
1277 645 1350 684 τοῦ
1390 642 1701 697 αὐτοκράτορος
1743 643 1845 696 γε’-5

321 727 427 765 γονε,
459 710 529 752 καὶ
561 711 585 752 ὁ
616 711 767 765 ταύτην
798 711 1108 765 συστησάμενος
1141 710 1232 752 υἱὸν
1263 711 1398 765 ἔλεγεν
1430 711 1577 753 ἑαυτὸν
1609 710 1709 753 εἶναι
1736 714 1810 753 τοῦ

319 779 637 833 βασιλεύσαντος
675 779 916 833 Διογένους,
961 780 1008 826 ὃς
1044 779 1263 834 Κσμάνων
1300 780 1466 834 πλῆθος
1504 780 1812 834 ἑταιρισάμενος

321 849 377 893 εἷς
407 847 502 888 τάπὶ
524 846 699 902 Θρᾴκης
723 864 764 888 τε
795 848 931 902 χωρία
965 847 1188 902 γενόμενος
1218 848 1289 890 καὶ
1319 848 1393 903 τὴν
1424 849 1571 903 χώραν
1602 847 1811 902 κεραΐζων

320 915 391 957 καὶ
429 915 671 970 ληιζόμενος
708 915 852 971 ἀπῄτει
889 916 986 962 τοὺς
1022 917 1065 958 ἒν
1095 920 1183 963 ταῖς
1213 916 1354 959 πόλεσι
1387 917 1586 972 δέχεσθαί
1612 933 1653 958 τε
1685 916 1811 958 αὐτὸν

262 990 307 1025 27
320 982 391 1025 καὶ
435 984 578 1031 ἀξιοῦν
614 984 829 1039 βασιλικῆς
869 985 1153 1039 ἀναρρήσεως.
1216 984 1298 1027 εἶτα
1337 987 1394 1032 εἴς
1424 1003 1459 1027 τι
1488 986 1699 1040 πολίχνιον
1727 989 1812 1027 τῶν
1828 988 1872 1022 10

327 1051 556 1106 Θρᾳκικῶν
577 1052 778 1094 ἀπελθὼν
800 1052 1029 1108 ἀπατηθείς
1050 1069 1092 1094 τε
1112 1052 1228 1108 παρὰ
1249 1057 1334 1096 τῶν
1360 1055 1404 1096 ἒν
1435 1055 1552 1108 αὐτῷ
1581 1053 1653 1096 καὶ
1684 1055 1811 1108 ἀναρ-

322 1121 467 1175 ρηθεὶς
498 1121 700 1163 εἰσελθών
730 1138 771 1163 τε
801 1119 889 1176 μετ’
923 1122 1075 1176 ὀλίγων
1107 1122 1221 1168 ἐντὸς
1257 1123 1487 1177 σύνεσχέθη
1525 1122 1596 1164 καὶ
1632 1122 1810 1177 ἐξεκόπη

51 1196 244 1232 W111239
262 1195 308 1230 28
320 1189 416 1236 τοὺς
453 1190 722 1245 ὀφθαλμούς.
785 1190 856 1231 καὶ
889 1191 1025 1237 οὕτως
1056 1192 1081 1245 ἡ
1115 1191 1419 1245 ε’πιχειρηθεῖσα
1450 1188 1550 1245 παρ’
1583 1191 1711 1233 αὐτοῦ
1742 1207 1811 1232 τυ-

275 1258 462 1313 Βραννὶς
495 1259 710 1312 διελέλυτο,
742 1262 827 1300 τῶν
859 1259 1089 1313 Κομάνων,
1122 1259 1213 1301 ὅσοι
1242 1259 1302 1314 μὴ
1338 1259 1643 1315 διεφθάρησαν,
1677 1260 1734 1306 εἷς
1763 1258 1812 1301 τὰ

321 1328 408 1382 ἤθη
440 1328 828 1382 παλινοστησάντων
859 1327 907 1369 τὰ
940 1329 1130 1383 σφέτερα.
1828 1329 1874 1365 15

251 1397 310 1439 24
447 1395 582 1442 Οὗτος
603 1396 627 1438 ὁ
647 1397 853 1451 βασιλεύς,
885 1401 958 1438 τοῦ
991 1397 1355 1452 ὀρφανοτροφείου
1388 1397 1676 1452 ε’σχολακότος,
1710 1397 1812 1438 ἀλλὰ

321 1463 408 1518 μὴν
438 1465 509 1506 καὶ
540 1465 679 1506 ἄλλων
710 1466 1018 1520 γηρωκομείων
1048 1466 1229 1513 πολλῶν,
1260 1465 1333 1512 τὰς
1363 1466 1532 1507 πάντων
1563 1466 1724 1520 κτήσεις
1752 1471 1814 1520 τῷ

322 1533 673 1588 ὄρφανοτροφείῳ
719 1534 974 1589 προσνείμας
1019 1534 1090 1575 καὶ
1136 1533 1262 1581 αὑτὸς
1308 1535 1450 1589 ἑτέρας
1494 1535 1814 1590 προσαφορίσας

323 1687 345 1723 5
370 1686 594 1726 ἐπανάστασις
611 1691 671 1723 τοῦ
695 1687 988 1733 Ψευδοδιογένους
1014 1686 1076 1724 CE
1163 1687 1208 1722 16
1232 1687 1310 1733 περὶ
1336 1692 1395 1723 τοῦ
1421 1687 1725 1734 ὀρφανοτροφείου
1751 1687 1814 1724 CE

393 1830 416 1866 2
441 1831 622 1876 δράγματα
646 1830 682 1865 D
780 1831 803 1866 3
827 1831 864 1866 ἐν
888 1837 936 1875 τῷ
965 1842 1039 1866 om.
1055 1830 1084 1867 C
1182 1832 1203 1866 6
1229 1830 1317 1876 υἱὸν]
1344 1830 1448 1866 αὐτὸν
1465 1830 1500 1865 D
1599 1834 1620 1868 7
1644 1831 1815 1877 κομάρων

526 1880 877 1924 προςεταιρισάμενος
904 1877 1060 1924 prDi
1178 1881 1200 1914 8
1226 1879 1449 1924 τάπίθράκην
1475 1878 1504 1915 C
1617 1893 1652 1914 τε
1680 1890 1755 1915 om.
1783 1879 1813 1916 Ο

395 1926 417 1960 9
442 1940 476 1961 τε
503 1937 578 1961 om.
605 1926 641 1960 D
751 1928 795 1962 10
819 1927 997 1971 πολίχνιον
1023 1925 1190 1972 prDi,
1215 1927 1394 1971 πολίχνιον
1421 1937 1471 1962 ex
1496 1927 1686 1971 πολύχνιον
1711 1938 1813 1963 corr.

394 1972 441 2017 A,
466 1974 656 2018 πολύχνιον
682 1973 718 2008 D
842 1975 883 2009 11
911 1975 1076 2019 θρακιῶν
1103 1975 1133 2009 E
1256 1974 1301 2008 12
1326 1974 1493 2013 εἰςελθών
1518 1988 1553 2009 τε
1578 1974 1725 2020 'Apr‚
1752 1976 1814 2014 εἰς·

393 2020 510 2056 ελθὼν
528 2021 567 2056 δὲ
584 2021 626 2065 Β,
653 2021 713 2058 καὶ
730 2021 896 2061 εἷςελθὼν
914 2022 950 2056 D
1050 2021 1095 2056 14
1120 2022 1298 2057 διαλέλυτο
1316 2021 1345 2058 C
1440 2021 1491 2067 μὴ
1519 2033 1594 2057 om.
1614 2021 1654 2066 C,
1682 2023 1812 2068 suppl.

394 2068 456 2107 Cw
553 2069 598 2105 15
623 2070 691 2115 ἤδη
717 2070 802 2115 W*p
905 2070 1253 2115 παλιννοστησάντων
1279 2069 1314 2103 D
1413 2070 1456 2105 17
1482 2071 1741 2114 γηρωκομείων
1769 2070 1812 2111 Ε,

396 2118 638 2199 Ξηραζὲομίων
663 2117 748 2162 AD,
789 2119 1018 2163 γηρωκόμων
1042 2117 1085 2162 Β,
1125 2118 1372 2163 γηροκομείων
1399 2115 1562 2162 prDi,
1602 2128 1638 2152 v.
1666 2117 1719 2153 ad
1743 2117 1816 2154 XV

443 2191 451 2208 ,
478 2189 498 2199 ...

264 2293 310 2328 25
324 2295 499 2340 tandem,
536 2299 582 2331 ut
607 2296 725 2331 homo
752 2296 941 2342 pestilens
968 2297 1080 2332 virus
1105 2296 1373 2342 improbitatis
1399 2305 1498 2331 suae
1524 2299 1739 2340 evomeret,
1775 2298 1815 2332 et

323 2344 412 2378 fera
448 2343 629 2379 cassibus
661 2344 816 2379 irretita
849 2344 1073 2379 doctrinam
1107 2345 1194 2380 eius
1220 2344 1407 2389 vulgavit
1438 2346 1477 2378 et
1504 2343 1697 2389 dogmata
1723 2354 1815 2378 con-

323 2391 484 2472 ζοῐῐιρείτ
518 2394 557 2426 et
590 2392 791 2426 communi
829 2392 1026 2438 suffragio
1059 2392 1099 2427 in
1131 2391 1396 2437 hippodromo
1427 2391 1686 2436 impostorem
1713 2401 1815 2426 com-

352 2439 415 2473 uri
440 2439 567 2474 iussit.

263 2483 310 2518 26
443 2485 631 2522 Ceterum
658 2486 737 2521 alia
762 2486 905 2522 seditio
933 2489 1074 2522 contra
1099 2488 1382 2532 imperatorem
1410 2490 1498 2521 orta
1529 2488 1598 2530 est,
1638 2486 1814 2530 quodam

322 2536 499 2576 auctore,
527 2535 595 2579 qui
613 2544 655 2570 se
676 2535 784 2580 regis
802 2534 999 2580 Diogenis
1017 2535 1141 2570 filium
1159 2534 1376 2580 professus,
1403 2533 1672 2570 Cumanorum
1690 2533 1811 2568 turba

323 2581 462 2625 ascita,
490 2581 704 2616 Thraciam
730 2582 1003 2627 populabatur
1029 2585 1068 2617 et
1094 2582 1293 2626 vastabat,
1323 2585 1474 2627 petens,
1501 2583 1545 2615 ut
1566 2580 1736 2615 urbibus
1755 2591 1814 2616 re-

263 2627 310 2662 27
325 2629 527 2673 ciperetur
559 2631 682 2674 atque
713 2639 786 2664 rex
820 2630 1076 2664 salutaretur.
1125 2629 1283 2664 Deinde
1310 2639 1400 2664 cum
1427 2627 1663 2674 oppidulum
1690 2628 1813 2673 quod-

325 2675 416 2710 dam
452 2676 651 2712 Thraciae
689 2677 835 2712 fraude
878 2678 1026 2712 civium
1063 2677 1282 2722 imperator
1313 2677 1510 2712 salutatus
1549 2685 1639 2710 cum
1673 2677 1813 2720 paucis

264 2721 311 2758 28
323 2724 532 2769 ingressus
550 2727 665 2768 esset,
694 2725 1006 2770 comprehensus
1033 2725 1158 2760 oculis
1184 2725 1378 2770 privatur.
1429 2722 1494 2759 Sic
1520 2724 1605 2758 eius
1631 2724 1814 2767 tyrannis

325 2771 437 2805 finita
463 2775 534 2816 est,
561 2771 758 2816 Comanis,
786 2773 854 2817 qui
881 2776 1096 2807 evaserant
1122 2773 1217 2814 vivi,
1242 2773 1283 2807 in
1309 2781 1402 2807 suas
1431 2771 1546 2806 sedes
1573 2771 1756 2805 reversis.

443 2819 499 2853 24.
549 2819 624 2854 Hic
650 2829 736 2861 rex,
763 2829 853 2854 cum
881 2819 1267 2866 orphanotrophium
1290 2821 1329 2855 et
1349 2819 1427 2854 alia
1445 2819 1677 2864 gerocomia
1697 2819 1814 2863 plura

325 2869 531 2910 vacarent,
571 2867 748 2902 omnium
783 2868 1106 2912 possessionibus
1145 2867 1347 2902 attributis
1381 2869 1504 2911 atque
1536 2866 1623 2901 aliis
1658 2865 1707 2900 de
1739 2875 1812 2901 suo

328 2912 493 2948 adiectis
532 2914 917 2959 orphanotrophium
951 2915 1165 2950 renovavit
1197 2917 1236 2950 et
1266 2915 1423 2960 magnis
1450 2913 1639 2959 impensis
1665 2913 1814 2948 instau-
