2054 3282
343 246 407 282 154
744 242 924 280 ZONAR.
952 241 1082 278 EPIT.
1110 241 1201 278 XIV
1228 243 1260 285 6,
1291 241 1440 278 15-25.

339 369 379 409 οἱ
415 368 626 422 βάρβαροι
662 370 747 407 τῶν
785 366 916 419 ἁγίων
953 364 1245 418 φροντίσαντες
1277 360 1368 404 οὐδ’
1402 363 1638 405 ὁπωστιοῦν
1668 364 1765 411 τούς
1796 381 1836 406 τε

340 437 503 491 δήμους
534 437 788 477 συνέκοπτον
819 435 890 476 καὶ
922 432 1021 475 οὐδὲ
1052 437 1137 474 τῶν
1169 434 1295 486 ἱερῶν
1317 435 1341 487 ἢ
1364 436 1449 474 τῶν
1470 436 1596 474 ταῦτα
1619 433 1837 487 φερόντων

281 508 324 542 ’16
340 506 562 559 ἐφείδοντο.
624 508 745 545 τοῦτο
784 507 868 549 τοῖς
907 507 979 557 τῆς
1008 502 1174 548 πόλεως
1206 503 1262 548 εἷς
1294 501 1519 556 ἒρεθισμὸν
1549 506 1622 556 τῆς
1653 502 1838 548 στάσεως

339 575 493 628 γέγονε,
546 573 618 614 καὶ
662 572 805 626 ὥσπερ
850 572 966 625 αὐτῷ
1012 575 1074 624 τῷ
1117 572 1224 625 θείῳ
1264 571 1492 625 ἀμύνοντες
1535 571 1593 616 εἰς
1635 570 1838 612 ἀπόνοιαν

339 643 587 697 ἔξηφθησαν
618 642 798 688 πλείονα,
835 640 906 681 καὶ
938 641 1017 681 οὐκ
1050 639 1200 694 ἄνδρες
1229 640 1376 694 μόνον,
1410 638 1512 681 ἀλλὰ
1544 639 1615 681 καὶ
1648 643 1888 693 γυναῖκεςΙ)
1907 646 2050 682 111272

339 713 385 754 ἔκ
417 715 502 753 τῶν
532 709 744 764 ὑπερῴων
775 710 995 764 ἐμάχοντο,
1028 709 1161 755 λίθοις
1191 709 1263 750 καὶ
1294 709 1496 763 κεράμοις
1527 709 1598 750 καὶ
1628 709 1750 750 παντὶ
1776 714 1839 763 τῷ

337 780 610 835 προστυχόντι
641 779 867 833 βάλλουσαι
900 779 1070 820 ἄνωθεν
1100 776 1175 832 τὴν
1211 779 1433 833 βάρβαρον
1465 778 1625 832 ἐκείνην
1655 778 1836 833 πληθύν.

283 850 378 890 17οἱ
410 849 455 890 δὲ
484 848 613 903 μανίᾳ
645 848 875 902 ληφθέντες
906 847 977 889 καὶ
1008 848 1252 902 ἀμύνασθαι
1273 848 1321 889 τὰ
1345 848 1491 902 γύναια
1514 847 1719 901 θέλοντες,
1751 851 1837 902 πῦρ

222 920 252 954 Β
282 920 325 955 18
339 919 464 959 ἕνιᾶσι
495 921 578 963 τοῖς
610 918 751 964 οἴκοις,
784 917 829 965 ἕξ
858 915 1001 971 ὧνπερ
1023 916 1256 971 ἐβάλλοντο.
1318 918 1556 972 πνεύματος
1577 916 1623 959 δὲ
1644 916 1837 972 σφοδροῦ

338 986 535 1031 πνέοντος
577 989 811 1039 τηνικαῦτα,
855 986 881 1040 ἡ
915 985 1025 1039 φλὸξ
1055 985 1158 1040 ἦρτο
1194 987 1357 1041 ταχέως
1396 987 1536 1042 ἄέριος
1574 986 1645 1028 καὶ
1682 985 1839 1032 πολλὰς
1856 993 1900 1028 10

337 1054 530 1108 μεγίστας
560 1070 601 1094 τε
633 1054 703 1095 καὶ
734 1054 952 1101 καλλίστας
974 1054 1206 1109 οἰκοδομὰς
1227 1056 1507 1110 κατῃθάλωσε
1528 1055 1599 1097 καὶ
1621 1055 1838 1110 ἀγάλματα

338 1123 586 1177 κατέφλεξεν
625 1123 815 1177 ἀρχαίων
855 1123 1025 1178 ἀνδρῶν
1059 1124 1279 1178 ἐπισήμων
1310 1124 1377 1166 ἐπὶ
1408 1125 1537 1179 σοφίᾳ
1566 1124 1637 1166 καὶ
1669 1121 1732 1166 ἐπ’
1766 1125 1837 1165 ἇν-

340 1192 455 1245 δρείᾳ
487 1191 557 1233 καὶ
588 1196 672 1238 τοῖς
705 1191 771 1234 διὰ
803 1196 956 1247 χειρῶν
987 1192 1058 1234 καὶ
1090 1196 1273 1235 συνετῶν
1303 1194 1605 1248 βουλευμάτων
1627 1194 1837 1247 ἀνδραγα-

281 1261 514 1315 19θήμασι,
547 1260 618 1302 καὶ
650 1260 715 1302 ἐπὶ
746 1265 870 1303 πᾶσιν
894 1261 996 1303 αὐτὸ
1018 1261 1064 1303 τὸ
1085 1263 1204 1304 ’θεῖον
1224 1263 1394 1316 τέμενος
1414 1267 1487 1304 τοῦ
1508 1262 1694 1316 μεγάλου
1716 1266 1835 1315 ναοῦ,

338 1331 387 1371 ὃν
407 1329 599 1384 βασιλεὺς
621 1331 913 1390 Κωνστάντιος
934 1331 1184 1386 ἕὸομήσατο,
1216 1331 1287 1373 καὶ
1317 1331 1364 1373 τὸ
1395 1336 1467 1386 τῆς
1494 1332 1614 1386 ἁγίας
1634 1331 1832 1386 Εἰρήνης,
1850 1341 1895 1378 15

338 1399 408 1440 καὶ
439 1398 510 1440 τὸν
540 1403 614 1441 τοῦ
647 1399 872 1453 Εὐβούλου
912 1402 1072 1448 ξενῶνα
1104 1401 1174 1441 καὶ
1205 1400 1279 1454 τὴν
1309 1405 1382 1443 τοῦ
1414 1397 1630 1443 Παλατίου
1663 1399 1835 1442 Χαλκό-

339 1484 493 1522 στεγον,
525 1470 611 1523 ἥτις
642 1468 694 1523 ἦν
725 1470 750 1524 ἡ
781 1474 856 1511 νῦν
877 1470 1116 1524 καλουμένη
1140 1469 1307 1524 Χαλκῆ,
1339 1468 1410 1510 καὶ
1442 1468 1607 1524 εἱρκτὴν
1637 1469 1838 1525 χρηματί-

340 1538 496 1585 ζουσαν
531 1538 603 1579 καὶ
640 1538 687 1579 τὸ
723 1542 796 1579 τοῦ
828 1538 1025 1593 Σευήρου
1062 1537 1239 1592 λουτρὸν
1268 1537 1314 1579 τὸ
1346 1537 1570 1592 λεγόμενον
1602 1537 1840 1585 Ζεύξιππον

297 1606 410 1647 exal
449 1606 550 1648 ἄλλα
588 1606 722 1649 πολλὰ
760 1607 923 1661 κόσμον
961 1607 1032 1648 καὶ
1062 1607 1211 1661 ’θαῦμα
1243 1610 1293 1662 τῇ
1324 1606 1440 1648 πόλει
1471 1605 1542 1647 καὶ
1573 1610 1623 1661 τῇ
1653 1606 1839 1661 βασιλείᾳ

411 1767 434 1802 3
458 1767 640 1813 ἐφείσαντο
655 1767 686 1802 Ε
783 1766 807 1802 4
833 1770 922 1812 post
939 1768 1029 1812 θείῳ
1049 1768 1140 1803 add.
1158 1768 1470 1813 ἒμπαροινουμὲνῳ
1490 1767 1587 1813 pr
1676 1767 1700 1802 6
1725 1766 1837 1812 παντὶ]

410 1815 505 1860 παρὰ
530 1815 562 1850 Ε
707 1815 727 1850 7
753 1815 937 1861 βάλλοντες
963 1816 1062 1861 pr
1210 1816 1254 1850 12
1279 1816 1403 1861 ἀνδρία
1429 1816 1544 1859 D(w)‚
1570 1815 1713 1860 ἀνδρείᾳ
1740 1814 1838 1860 ARp

413 1863 458 1899 13
483 1865 652 1908 ὃιχειρῶν
679 1863 727 1907 Ι),
755 1874 855 1898 corr.
872 1863 940 1902 Dw
1039 1863 1084 1899 15
1111 1867 1201 1909 post
1228 1865 1268 1899 ὃν
1294 1864 1386 1899 add.
1412 1865 1433 1898 ό
1457 1864 1556 1909 pr
1654 1862 1704 1908 τὸ]
1732 1862 1790 1898 τὸν
1809 1862 1839 1898 C

414 1912 458 1946 16
484 1911 630 1947 εὐούλου
657 1911 703 1956 D,
733 1922 835 1947 corr.
861 1911 930 1950 Dw
1082 1912 1126 1948 17
1151 1911 1267 1957 χαλκὴ
1296 1915 1335 1947 et
1359 1913 1477 1957 χαλκῆ
1503 1922 1574 1957 pel·
1602 1911 1764 1957 dittogr.
1793 1909 1837 1954 A,

412 1959 528 2006 χαλκὴ
555 1959 600 2002 R,
625 1959 744 2005 χαλκῆ
769 1957 1046 2005 BS(‘?)prDi‚
1077 1971 1115 1994 V.
1143 1960 1195 1994 ad
1222 1959 1293 1995 XV
1321 1960 1376 2003 13,
1403 1959 1448 1995 ‘27
1576 1961 1670 1994 ante
1695 1952 1838 2003 εἱρκτὴν

413 2007 506 2042 add.
532 2007 581 2046 εἷς
607 2007 705 2053 pr
802 2009 1067 2053 χρηματίζουσα
1086 2007 1183 2053 pr
1283 2007 1328 2043 18
1354 2007 1392 2043 τὸ
1419 2008 1530 2054 prius
1559 2018 1633 2042 om.
1649 2007 1680 2041 E
1778 2011 1839 2042 τοῦ

414 2066 489 2090 om.
516 2054 618 2101 pr
719 2055 763 2090 19
788 2055 848 2091 καὶ
876 2061 918 2101 τῇ
941 2056 1100 2102 βασιλείᾳ
1128 2066 1202 2091 om.
1230 2055 1265 2089 D

343 2212 489 2257 spectis
515 2213 711 2258 populum
738 2212 998 2247 trucidabant
1031 2221 1165 2258 neque
1199 2212 1323 2247 sacris
1350 2221 1484 2257 neque
1511 2221 1650 2246 corum
1687 2211 1840 2256 gerulis

284 2256 329 2291 16
343 2262 567 2304 parcentes.
619 2259 774 2302 Quibus
799 2260 923 2295 rebus
949 2259 1165 2295 multitudo
1194 2260 1354 2295 urbana
1392 2259 1445 2294 ad
1471 2259 1708 2294 seditionem
1737 2258 1839 2294 adeo

343 2310 402 2342 est
427 2308 605 2352 incensa,
630 2311 675 2343 ut
700 2310 907 2353 tamquam
926 2308 1052 2354 ipsius
1079 2307 1142 2343 dci
1162 2308 1368 2343 adiutores
1386 2308 1538 2342 maiore
1558 2306 1841 2352 desperatione

341 2355 690 2391 inflammarentur
719 2358 759 2391 et
784 2359 829 2391 ut
853 2365 936 2391 non
960 2356 1037 2390 viri
1063 2356 1191 2391 solum
1218 2355 1289 2391 sed
1314 2355 1503 2390 mulieres
1530 2354 1649 2389 etiam
1677 2363 1699 2389 e
1725 2364 1841 2390 cena-

344 2403 443 2438 culis
469 2406 714 2449 pugnarent,
752 2403 907 2449 lapides
935 2406 974 2439 et
999 2405 1124 2439 testas
1163 2406 1203 2439 et
1238 2403 1431 2448 quicquid
1471 2402 1634 2437 obvium
1674 2404 1761 2437 erat
1798 2402 1840 2437 in

286 2448 329 2483 17
342 2450 639 2487 multitudinem
665 2451 772 2487 illam
800 2451 1068 2487 barbarorum
1081 2461 1257 2497 superne
1270 2450 1505 2486 iaculantes.
1554 2448 1607 2484 At
1632 2449 1687 2484 illi
1701 2450 1839 2485 furore

343 2499 484 2542 perciti
510 2499 716 2545 ulturique
741 2499 999 2535 mulierculas
1023 2500 1161 2545 ignem
1188 2499 1358 2533 iniciunt
1381 2497 1562 2541 aedibus,
1590 2497 1699 2532 unde
1724 2497 1839 2533 ferie-

286 2543 330 2578 18
343 2546 509 2591 bantur3
537 2547 651 2582 cuius
677 2547 838 2583 flamma
864 2547 1094 2582 vehementi
1119 2549 1205 2582 tum
1219 2546 1398 2591 spirante
1423 2548 1546 2580 vento
1572 2555 1666 2580 mox
1693 2545 1734 2579 in
1749 2545 1839 2580 sub-

343 2593 434 2628 lime
460 2594 566 2630 elata
605 2598 644 2630 et
670 2595 794 2630 multa
831 2596 1008 2630 maxima
1041 2594 1393 2640 pulcherrimaque
1424 2592 1610 2628 aedificia
1651 2593 1838 2628 incendio

345 2641 494 2676 delevit
521 2645 560 2677 et
585 2643 800 2678 simulacra
827 2642 1047 2678 combussit
1072 2644 1256 2677 veterum
1289 2641 1468 2676 virorum
1508 2640 1558 2675 ob
1599 2641 1839 2686 sapientiam

345 2691 384 2723 et
410 2689 687 2726 fortitudinem
714 2693 754 2726 et
779 2701 843 2726 res
868 2700 993 2725 manu
1022 2689 1271 2734 consilioque
1296 2689 1401 2724 bene
1439 2690 1577 2734 gestas
1614 2688 1838 2730 illustrium,

287 2733 331 2769 19
346 2746 393 2770 ac
419 2740 580 2781 praeter
595 2741 730 2773 cetera
755 2739 888 2784 ipsum
901 2737 1000 2773 illud
1015 2737 1205 2783 templum
1233 2747 1257 2771 a
1275 2746 1374 2781 rege
1394 2735 1628 2771 Constantio
1643 2738 1838 2771 structum

346 2786 385 2818 et
411 2782 447 2819 S.
468 2784 606 2820 Irenes
633 2786 775 2821 aedem
802 2789 842 2821 et
867 2785 1014 2821 Eubuli
1041 2785 1277 2830 hospitalem
1305 2784 1466 2818 domum
1494 2786 1533 2819 et
1558 2783 1702 2818 Palatii
1728 2782 1839 2819 Chal-

346 2833 567 2876 costegum,
594 2843 700 2878 quae
718 2843 826 2869 nunc
846 2832 992 2869 Chalce
1008 2832 1235 2878 appellatur
1261 2834 1300 2867 et
1326 2832 1500 2866 carceris
1525 2841 1644 2866 usum
1659 2831 1838 2876 praebet,

346 2881 386 2913 et
411 2877 549 2914 Severi
576 2880 754 2925 balneaS‚
790 2891 895 2926 quae
920 2880 1117 2926 Zeuxippi
1141 2889 1288 2915 nomen
1314 2879 1475 2922 habent,
1515 2879 1676 2923 aliaque
1702 2878 1838 2921 multa,

346 2935 451 2971 quae
477 2927 567 2961 urbi
607 2931 646 2962 et
670 2938 798 2973 regno
837 2934 1075 2964 ornamenta
1112 2931 1235 2973 atque
1262 2926 1567 2962 admirationem
1607 2926 1839 2961 attulerunt.
