1968 3302
823 228 1040 265 Praefatio.
1579 226 1679 262 XIII

171 352 341 404 lacuna,
374 365 485 407 quae
516 352 560 394 in
593 351 759 395 duobus
791 350 1098 394 recentioribus
1131 350 1251 393 libris
1284 349 1363 392 DE
1395 349 1526 392 XVII
1557 350 1599 404 2,
1618 349 1675 391 32

174 426 216 478 (ὃ
250 425 375 479 γνοὺς
407 425 431 466 ὅ
457 424 659 479 Ἰωάννης
693 457 702 466 .
724 457 733 466 .
755 457 763 466 .
797 423 920 480 ἀπῄει
950 423 1060 478 πρὸς
1080 422 1133 465 τὸ
1157 422 1416 477 ὀχύρωμα,
1449 423 1679 464 κάντεῦθεν

173 497 262 538 ἐκεῖ
278 497 480 539 συνέθεον
501 497 692 542 ἅπαντες·
725 496 796 537 καὶ
817 497 908 551 ἥλω
930 495 1141 537 κάκείνων
1164 495 1332 550 σπουδῇ
1354 494 1407 536 τὸ
1431 495 1678 549 ὀχύρωμα

175 601 184 609 .
206 601 215 611 .
236 570 264 622 .)
287 567 388 611 111(Ιο
411 572 505 611 orta
528 571 633 623 erat,
669 567 785 622 quod
807 567 950 611 scriba
973 566 1135 610 codicis
1162 566 1404 623 archetypi,
1439 579 1535 609 cum
1568 566 1680 609 oculi

173 655 200 683 a
232 640 374 696 priore
410 640 619 695 ὀχύρωμα
655 640 928 682 aberrassent
965 638 1022 682 ad
1054 640 1282 693 insequens
1313 637 1419 681 illud
1454 639 1679 694 ὀχύρωμα,

174 712 376 755 omiserat
407 712 636 754 κάντεῦθεν
667 736 726 741 -
758 712 981 767 ὀχύρωμα,
1030 710 1277 754 coniectura
1297 712 1311 736 ¹
1345 710 1427 754 viri
1460 709 1681 753 cuiusdam

174 783 292 827 docti
314 785 358 826 in
381 784 501 827 libris
524 783 595 826 BG
618 783 817 840 suppleta
840 788 905 826 est
929 783 1016 827 his:
1054 784 1125 826 καὶ
1158 785 1271 826 οὕτω
1303 784 1553 830 καταιδέσας
1584 782 1681 829 τοὺς

176 857 430 911 στρατιώτας
451 857 569 911 ἔσχεν
592 857 826 911 ἑπομένους
859 857 976 911 αὐτῷ
1007 856 1079 898 καὶ
1109 857 1200 911 ἥλω
1232 855 1279 898 τὸ
1311 856 1533 911 φρούριον.
1596 855 1681 900 Ne—

174 941 256 983 que
279 941 381 972 vero
404 927 487 970 hac
509 927 602 971 sola
622 928 789 970 ratione
812 927 999 970 editores
1022 928 1263 983 Byzantini,
1295 931 1341 970 ut
1364 927 1446 970 1100
1469 927 1680 970 vocabulo

173 1003 282 1055 utar,
307 1000 501 1042 Zonarae
518 1000 651 1043 verba
670 999 923 1056 depravare,
959 1003 1234 1054 commutare,
1258 999 1486 1056 supplere2
1509 1003 1681 1042 conten-

174 1070 347 1126 debant,
380 1071 458 1115 sed
491 1073 659 1114 omnino
683 1071 884 1115 videntur
907 1071 1094 1126 quodam
1116 1071 1258 1114 studio
1281 1072 1438 1115 arsisse
1460 1071 1681 1128 scriptoris

173 1157 308 1198 genus
355 1143 529 1186 dicendi
569 1157 673 1186 sane
718 1143 882 1187 varium
928 1143 984 1186 ad
1016 1143 1209 1198 meliora,
1254 1157 1365 1198 quae
1405 1143 1680 1200 putabantur,

174 1216 372 1272 exempla
404 1215 592 1271 fingendi
612 1218 641 1258 3.
706 1215 932 1271 Quocirca,
967 1215 1047 1258 etsi
1080 1217 1123 1257 111
1156 1215 1383 1272 propatulo
1416 1220 1483 1259 est
1509 1229 1682 1259 concur-

174 1301 264 1331 sum
289 1287 521 1331 earundem
544 1288 713 1330 articuli
736 1287 963 1332 formarum
997 1302 1083 1331 non
1116 1288 1296 1330 vitatum
1330 1302 1423 1331 esse
1456 1302 1482 1331 a
1512 1289 1682 1332 Zonara

175 1362 232 1414 (v.
267 1359 322 1402 ad
355 1360 461 1402 XIV
497 1361 638 1415 17‚9)‚
674 1365 816 1403 tamen
850 1360 1039 1403 eiusdem
1074 1361 1219 1414 (XVII
1252 1360 1384 1415 5,43)
1425 1361 1471 1403 τὸ
1504 1361 1580 1408 οὖς
1611 1362 1680 1404 ἑκ-

172 1437 307 1486 τεμεῖν
337 1437 411 1474 τοῦ
443 1434 572 1474 ἵππου
604 1437 689 1474 τοῦ
721 1437 810 1488 τοῦ
838 1433 976 1474 Φωκᾶ
997 1433 1040 1474 111
1064 1432 1308 1487 quindecim
1331 1433 1450 1476 libris
1476 1434 1682 1477 recentio-

173 1504 290 1546 ribus
313 1517 366 1546 ex
389 1503 554 1559 eodem,
589 1508 706 1561 puto,
740 1504 945 1548 derivatis
967 1504 1087 1548 fonte
1116 1509 1378 1548 commutata
1405 1519 1499 1548 esse
1531 1506 1575 1548 in
1606 1511 1680 1548 τοῦ

173 1578 302 1618 ἵππου
334 1581 408 1618 τοῦ
446 1577 586 1618 Φωκᾶ
623 1577 670 1619 τὸ
710 1576 786 1624 οὖς
827 1578 1011 1632 ἐκτεμεῖν
1043 1591 1069 1620 a
1100 1577 1223 1620 nobis
1256 1577 1301 1619 in
1333 1577 1482 1621 diariis
1516 1578 1681 1634 Byzan-

174 1648 273 1691 tinis
305 1662 343 1691 a.
389 1649 502 1691 1892
542 1649 596 1702 (Ι)
638 1663 678 1705 p.
713 1650 796 1692 227
832 1649 904 1691 1111.
948 1650 1029 1692 107
1065 1651 1307 1706 expositum
1339 1654 1418 1693 est.
1483 1650 1680 1694 Ceterum

173 1721 283 1763 sicut
315 1720 465 1775 negari
498 1735 581 1763 non
615 1725 756 1776 potest
789 1721 920 1764 verba
954 1722 1137 1777 repetita
1169 1722 1351 1778 Polybio
1386 1722 1556 1777 quidem
1595 1737 1680 1766 non

172 1792 303 1836 fuisse
336 1793 560 1836 offensioni
594 1795 652 1846 (v.
686 1793 902 1836 Hultschii
935 1793 1036 1836 edit.
1071 1794 1222 1850 Polyb.
1257 1799 1285 1837 t.
1320 1795 1341 1836 Ι
1374 1809 1415 1851 p.
1439 1794 1545 1838 XLI
1567 1809 1599 1839 s.
1634 1799 1677 1839 et

172 1869 343 1907 nostrae
376 1869 406 1907 t.
440 1865 483 1907 II
516 1879 557 1921 p.
591 1865 760 1908 LXVII
793 1880 889 1908 ann.
929 1868 983 1921 1),
1024 1867 1085 1909 ita
1124 1879 1200 1922 per
1238 1880 1283 1910 se
1316 1871 1439 1923 patet
1472 1867 1585 1911 hane
1617 1867 1680 1910 di-

174 1936 299 1980 cendi
332 1938 421 1980 sive
454 1937 761 1993 negligentiam
802 1939 893 1981 sive
932 1939 1199 1982 ieiunitatem
1239 1939 1520 1983 libentissime
1552 1954 1679 1996 posse

174 2009 353 2052 concedi
378 2009 584 2053 Zonarae.
649 2009 735 2053 Sed
764 2023 858 2053 cum
888 2024 1061 2066 prorsus
1093 2011 1217 2054 aliter
1249 2011 1332 2055 hac
1365 2011 1419 2055 de
1453 2013 1677 2056 verborum

174 2081 428 2136 repetitione
468 2083 675 2125 sentirent
715 2082 879 2125 iudices
920 2083 1059 2126 critici
1092 2084 1321 2139 Byzantini
1361 2084 1442 2126 rati
1478 2084 1584 2127 talia
1624 2085 1678 2127 ab

173 2165 252 2195 usu
284 2153 503 2209 scriptoris
536 2154 746 2209 elegantis
779 2155 1021 2210 abhorrere,
1054 2169 1139 2198 non
1173 2155 1430 2199 dubitabant
1462 2157 1678 2213 plerisque

174 2223 281 2267 locis
320 2223 435 2267 istud
476 2224 589 2279 quod
631 2226 842 2282 putabant
882 2226 1032 2270 vitium
1072 2228 1301 2284 expellere.
1366 2229 1518 2284 Itaque
1550 2229 1679 2272 XVII

294 2353 308 2378 1
335 2356 534 2397 Quocirca
571 2356 681 2391 haud
715 2357 771 2391 ita
808 2357 1006 2393 carebunt
1042 2358 1404 2394 verisimilitudinis
1443 2360 1580 2405 specie
1619 2370 1677 2403 ea,

175 2425 281 2461 quac
308 2426 381 2451 nos
414 2416 456 2451 in
484 2416 621 2452 diariis
647 2416 884 2463 Byzantinis
911 2428 946 2452 a.
975 2418 1068 2453 1892
1094 2418 1142 2463 (I)
1171 2429 1207 2465 p.
1235 2419 1305 2455 597
1333 2419 1383 2455 de
1409 2419 1557 2455 lacuna
1584 2430 1680 2465 qua-

175 2475 266 2510 dam
293 2476 333 2510 in
361 2475 449 2511 cod.
474 2475 692 2512 Mutinensi
718 2476 756 2511 II
780 2476 810 2511 F
839 2477 883 2512 12
910 2478 1097 2523 suppleta
1124 2479 1318 2524 suspicati
1345 2489 1494 2523 sumus,
1523 2489 1603 2524 qua
1628 2479 1679 2515 de

175 2536 410 2571 coniectura
435 2546 518 2571 non
545 2540 654 2572 recte
680 2537 883 2573 iudicasse
911 2538 1074 2573 videtur
1100 2538 1403 2574 Boissevainius
1435 2539 1547 2585 (Byz.
1576 2538 1679 2574 Zeit-

174 2595 278 2631 schr.
305 2607 339 2631 a.
369 2596 460 2632 1895
485 2596 568 2641 (IV)
596 2608 631 2642 p.
647 2597 717 2632 263
744 2598 898 2641 1111112).
943 2597 1164 2634 Praeterea
1189 2609 1226 2633 v.
1255 2599 1307 2633 ad
1333 2598 1406 2634 XV
1431 2598 1549 2644 24,18
1576 2602 1676 2635 extr.

293 2654 309 2679 2
335 2655 378 2691 V.
406 2656 458 2691 ad
485 2656 577 2692 XIV
605 2657 660 2702 10,
675 2657 731 2692 33.
771 2657 843 2694 XV
871 2658 974 2703 19,1.
1002 2657 1130 2703 29,19.
1170 2658 1263 2694 XVI
1288 2658 1322 2703 4,
1337 2658 1393 2694 29.
1423 2659 1477 2703 15,
1494 2659 1525 2695 7.
1565 2659 1677 2695 XVII

174 2715 206 2759 9,
221 2715 278 2750 34.
305 2715 435 2759 28,21.
462 2715 596 2752 XVIII
623 2717 654 2762 7,
670 2717 703 2753 5.
730 2718 763 2761 8,
781 2718 835 2753 13.
865 2718 921 2753 14.

291 2773 308 2798 3
333 2775 543 2818 Quomodo
571 2777 611 2812 hi
637 2778 715 2812 viri
750 2777 857 2814 docti
890 2778 1112 2824 pleonasmi
1146 2778 1330 2823 figuram,
1371 2789 1452 2825 qua
1479 2778 1676 2814 Zonaram

175 2839 334 2871 constat
360 2836 504 2872 eadem
531 2838 690 2872 ratione
717 2847 804 2873 csse
830 2848 950 2873 usum
978 2842 1101 2884 atque
1120 2838 1333 2884 Polybium
1361 2838 1412 2884 (v.
1428 2839 1676 2875 Kaelkcrum

175 2899 328 2941 quaest.
349 2896 399 2932 de
418 2897 515 2933 eloc.
534 2897 675 2943 Polyb.
702 2897 810 2944 Lips.
831 2899 924 2934 1880
950 2909 986 2944 p.
1001 2898 1099 2943 272),
1126 2899 1372 2945 sustulerint,
1401 2910 1474 2935 nos
1493 2899 1545 2934 ad
1563 2899 1676 2935 XVII

173 2955 230 3001 26,
245 2956 289 2990 21
318 2957 540 2993 docuimus.
