2054 3282
336 237 406 273 582
728 238 910 275 ZONAR.
937 237 1068 272 EPIT.
1093 236 1205 273 XVII
1234 237 1290 280 13,
1314 236 1442 273 5-20.

302 355 424 399 6ἇλλ’
458 357 578 413 ἧττον
610 359 715 413 αὕτη
745 358 932 413 προσήει.
995 357 1047 412 ἦν
1079 357 1158 411 γὰρ
1190 357 1261 399 καὶ
1282 358 1405 438 φύσει
1425 358 1574 413 νωθὴς
1594 358 1702 412 πρὸς
1721 359 1880 414 μίξινΙ)
1900 368 1955 405 IV
1973 366 2054 412 134,

337 426 409 467 καὶ
450 427 799 480 μαλθακώτερος,
843 426 925 480 ἤδη
971 426 1015 467 δὲ
1052 426 1124 467 καὶ
1162 426 1186 467 ὁ
1222 426 1376 480 χρόνος
1412 427 1528 480 αὐτῷ
1564 426 1638 480 τὴν
1674 427 1832 482 κίνησιν

303 494 561 548 7ἤμβλυ.νεν
625 495 686 540 ὡς
725 495 772 535 δέ
807 510 910 540 τινες
947 495 1064 548 αὐτῷ
1105 493 1169 535 ἒπὶ
1200 499 1249 548 τῇ
1280 494 1464 548 βασιλείᾳ
1496 495 1833 549 ε’ξεμετρήθησαν

293 563 528 616 Βένιαυτοί,
561 561 632 603 καὶ
664 562 949 616 ἀποστρόφως
981 561 1063 616 εἶχε
1094 562 1202 616 πρὸς
1233 562 1306 616 τὴν
1337 563 1589 617 βασίλισσαν,
1627 564 1653 617 ἦ
1687 563 1732 604 δὲ
1763 563 1834 605 καὶ

339 631 718 684 καταφρονουμένη
763 629 871 684 πρὸς
913 634 1035 684 μῖσος
1074 631 1271 685 ἠρέθιστο
1310 631 1381 671 καὶ
1417 631 1543 672 πλέον
1582 628 1632 672 δι’
1671 631 1870 685 ὁμιλίαν5

304 698 505 751 8ἅνόρός.
567 698 619 752 ἦν
659 698 705 739 δέ
743 714 801 744 τις
838 698 910 739 καὶ
946 698 1030 752 πρὸ
1062 703 1134 753 τῆς
1164 699 1371 753 βασιλείας
1403 699 1596 753 ἐκτομίας
1627 700 1835 754 ὑπηρέτης

339 772 401 821 τῷ
431 766 599 820 βασιλεῖ,
632 766 768 820 τούτῳ
802 766 846 808 δὲ
872 767 1101 821 ὁμαίμονες
1122 767 1242 821 ἦσαν,
1276 765 1339 808 ὧν
1361 767 1417 813 εἷς
1439 767 1490 821 ἦν
1511 767 1582 809 καὶ
1603 768 1628 809 ὁ
1649 767 1834 822 Μιχαήλ,

305 839 327 874 9
341 834 448 889 ἀνὴρ
469 833 508 888 ᾧ
529 834 603 889 τὴν
626 834 726 888 ὄψιν
747 835 772 889 ἡ
796 835 920 889 φύσις
942 835 1138 882 ἀπέξεσεν
1154 835 1211 881 εἰς
1232 835 1387 889 ἀκριβῆ
1408 835 1657 890 ὡραιότητα.
1689 839 1836 877 τοῦτον

341 903 365 944 ὁ
397 901 580 957 ἀδελφὸς
616 902 719 957 μετὰ
759 902 833 957 τὴν
869 903 1079 957 βασιλείαν
1114 904 1347 957 παρέστησε
1377 908 1438 957 τῷ
1464 903 1673 958 Ῥωμανῷ
1703 919 1834 958 προσ-

340 971 669 1026 ληφθησόμενον
689 968 759 1012 ὑπ’
784 971 931 1012 αὐτοῦ·
963 971 987 1012 ὁ
1010 971 1054 1012 δὲ
1078 975 1162 1017 τοῖς
1190 971 1540 1026 θαλαμηπολοῢσι
1570 972 1642 1014 τὸν
1672 973 1836 1014 νεανίαν
1851 979 1897 1015 10

285 1044 329 1079 10
341 1040 549 1088 κατέταξε.
611 1039 760 1080 τούτου
791 1044 852 1093 τῷ
884 1040 1007 1094 ἔρωτι
1039 1040 1197 1080 ἁλοῦσα
1230 1040 1254 1094 ἡ
1287 1040 1445 1094 βασιλὶς
1473 1040 1742 1094 ἓπυρπολεῖτο
1763 1040 1837 1095 τὴν

341 1108 486 1163 ψυχὴν
524 1107 595 1149 καὶ
626 1107 672 1149 τὸ
703 1111 788 1162 πῦρ
819 1107 866 1149 τὸ
898 1108 1057 1149 ἐκείνου
1090 1108 1242 1154 κάλλος
1273 1106 1374 1149 καθ’
1408 1109 1585 1163 ἑκάστην
1617 1109 1837 1163 ὁρώμενον

285 1181 328 1215 11
342 1176 613 1230 ὕπανέφλεγε.
674 1176 928 1231 μισούμενος
961 1174 997 1218 δ’
1032 1177 1136 1231 αὑτῇ
1167 1176 1319 1231 πρῴην
1351 1177 1375 1217 ὁ
1407 1176 1603 1231 ἐκτομίας
1640 1177 1729 1219 τότε
1765 1177 1837 1219 καὶ

342 1245 638 1299 προσεκαλεῖτο
669 1244 739 1286 καὶ
778 1245 940 1299 ὁμιλίας
978 1245 1132 1299 ἠξίωτο
1170 1245 1460 1299 γνησιώτερον,
1505 1245 1587 1287 εἶτα
1630 1246 1702 1287 καὶ
1743 1246 1838 1300 περὶ

286 1318 330 1353 12
342 1317 415 1355 τοῦ
438 1312 611 1367 Mazaka
642 1314 834 1367 ἠρωτᾶτο
865 1318 938 1355 τοῦ
971 1314 1172 1368 ἀδελφοῦ.
1234 1314 1432 1360 πολλάκις
1464 1314 1509 1356 δὲ
1539 1315 1688 1356 τούτου
1721 1331 1835 1369 γενο-
1856 1321 1897 1357 15

301 1385 330 1422 C
344 1382 488 1436 μένου,
534 1379 667 1427 δεινὸς
705 1382 767 1422 ὢν
804 1382 961 1428 ἐκεῖνος
999 1386 1152 1436 συνῆκε
1190 1381 1261 1423 τὸν
1298 1383 1434 1434 ἔρωτα
1471 1382 1543 1424 καὶ
1572 1387 1634 1436 τῷ
1665 1383 1838 1437 ἀδελφῷ

346 1450 526 1492 ὑπέθετο
565 1449 636 1491 καὶ
672 1450 885 1504 προσιέναι
923 1454 972 1504 τῇ
1015 1450 1244 1505 βασιλίσσῃ,
1289 1450 1359 1492 καὶ
1402 1451 1440 1492 εἰ
1478 1456 1659 1505 πειρῷτο
1703 1451 1836 1506 ἐκείνη

346 1597 368 1632 6
400 1598 497 1636 ὅπως
527 1598 548 1632 ὁ
576 1595 786 1642 Παφλαγὼν
811 1596 960 1642 Μιχαὴλ
989 1598 1226 1642 προσελήφθη
1257 1597 1353 1643 παρὰ
1385 1603 1445 1633 τοῦ
1478 1599 1660 1643 βασιλέως,
1699 1598 1759 1634 καὶ
1790 1599 1840 1638 ὡς

345 1645 486 1690 ἠράσθη
519 1644 626 1680 αὐτοῦ
652 1644 674 1689 ἦ
700 1644 798 1690 Ζωή,
836 1645 896 1680 καὶ
929 1646 979 1680 ὅτι
1011 1644 1070 1680 διὰ
1103 1645 1161 1680 τὸν
1189 1646 1304 1690 ἔρωτα
1335 1647 1356 1680 ὁ
1384 1645 1546 1691 βασιλεὺς
1567 1646 1748 1691 εΡωμανὸς
1779 1647 1839 1682 ε’π-

345 1692 542 1738 εβουλεύθη
569 1692 630 1728 καὶ
655 1692 826 1737 τέθνηκεν
852 1691 880 1728 C

419 1822 442 1858 2
465 1823 734 1868 μαλθακότερος
760 1823 856 1869 Ewp
954 1823 1015 1858 καὶ
1043 1834 1118 1859 om.
1145 1823 1180 1858 D
1278 1825 1415 1869 κίνησιν
1440 1822 1588 1869 Apr‚
1614 1825 1752 1870 βίνησιν
1779 1823 1840 1862 Cw

418 1870 441 1905 4
466 1871 525 1906 καὶ
553 1871 721 1906 alterum
751 1882 826 1906 om.
854 1870 981 1916 Bpr
1092 1872 1114 1906 5
1139 1872 1240 1915 μίσος
1266 1882 1316 1907 ex
1342 1878 1444 1916 μῖσος
1469 1874 1598 1906 mutat
1624 1871 1653 1908 C
1760 1873 1781 1908 7
1806 1872 1839 1908 δ’

418 1919 507 1964 ἦσαν
532 1919 720 1964 ὁμαίμονες
746 1918 844 1963 pr
956 1918 1016 1953 καὶ
1043 1930 1116 1954 om.
1145 1918 1208 1954 BC
1317 1920 1340 1954 8
1365 1922 1450 1965 ὄψιν
1475 1919 1496 1964 ἡ
1525 1919 1642 1964 φύσις]
1671 1920 1777 1964 φύσιν
1803 1920 1838 1954 D

466 1966 500 2005 ἒς
526 1965 590 2002 BC
722 1967 778 2001 10.
806 1967 848 2000 11
876 1980 903 2000 τ.
931 1967 1242 2011 θαλαμηπολοῦσιν
1267 1967 1400 2002 ἐκεῖνον
1425 1967 1616 2010 συνέταξεν,
1643 1967 1750 2012 οὗπερ
1776 1967 1839 2003 BC

420 2014 475 2049 12.
492 2014 536 2049 13
562 2013 778 2059 ὑπανέφλεγε
797 2017 887 2059 post
903 2019 974 2058 πῦρ
995 2013 1057 2050 BC
1133 2014 1177 2048 1⁶2
1202 2014 1287 2049 καθ’
1305 2015 1454 2060 ἑκάστην
1482 2025 1556 2049 om.
1572 2014 1607 2048 D
1683 2015 1727 2050 13
1753 2014 1792 2050 δὲ
1810 2014 1839 2051 C

466 2098 552 2142 αὕτη
568 2097 603 2131 D
683 2097 729 2132 14
746 2098 980 2142 γνησιωτέρας
995 2098 1101 2142 Ewp,
1120 2098 1341 2142 γνησιοτέρας
1356 2098 1391 2132 D
1466 2098 1511 2133 15
1529 2075 1651 2143 ῗγρῶτα
1665 2098 1840 2143 (punctis

421 2147 620 2187 notatum)
643 2144 647 2189 Ι
670 2144 708 2179 τὸ
733 2144 769 2179 D
892 2145 936 2180 16
962 2145 1074 2183 δεινὸς
1100 2144 1163 2189 ὢν]
1190 2145 1320 2180 ἐννοῶν
1345 2147 1505 2191 punctis
1531 2148 1715 2180 notatum
1741 2145 1776 2180 D

467 2192 651 2238 συνηκετοὶ
678 2193 852 2238 (punctis
877 2195 1076 2236 notatum)
1102 2193 1216 2237 ἔρωτα
1242 2192 1278 2227 D

311 2328 430 2364 6tum
458 2332 606 2364 natura
632 2330 796 2375 seg-nior
823 2329 875 2364 ad
901 2330 1048 2365 coitum
1077 2334 1116 2364 et
1141 2329 1307 2373 mollior,
1346 2332 1431 2364 tum
1458 2339 1555 2365 vero
1582 2332 1716 2365 aetate
1742 2330 1841 2365 sala-

311 2376 469 2412 Tcitate
494 2377 696 2412 hebetata.
745 2377 799 2413 Ut
824 2378 949 2423 igitur
975 2377 1128 2413 exactis
1155 2377 1308 2422 aliquot
1332 2377 1489 2422 imperii
1516 2377 1631 2412 annis
1657 2377 1840 2422 reginam

348 2425 627 2468 aversabatur,
653 2425 709 2460 ita
735 2425 801 2459 illa
829 2428 868 2460 et
895 2426 957 2460 sui
976 2426 1210 2469 contemptu
1237 2427 1435 2459 commota
1453 2428 1492 2460 et
1509 2425 1674 2460 libidine
1692 2424 1744 2459 ad
1763 2425 1839 2460 viri

311 2470 333 2505 8
350 2472 486 2507 odium
504 2472 751 2507 irritabatur.
801 2471 1014 2508 Serviebat
1032 2476 1167 2506 autem
1185 2471 1366 2506 Romano
1393 2475 1478 2506 tum
1496 2472 1655 2517 privato
1676 2472 1839 2517 quidam

348 2519 486 2564 spado,
526 2520 640 2554 euius
666 2519 801 2555 fratris
826 2519 1031 2554 Michaelis
1058 2520 1199 2554 faeiem
1227 2522 1374 2553 natura
1401 2519 1453 2553 ad
1485 2520 1726 2564 exquisitam
1757 2519 1840 2564 pul-

311 2565 333 2599 9
349 2566 616 2602 chritudinem
643 2567 885 2612 expolierat3
920 2567 990 2612 qui
1015 2566 1196 2601 Romano
1222 2566 1300 2600 iam
1328 2567 1416 2611 regi
1443 2577 1467 2600 a
1493 2567 1618 2601 fratre
1645 2577 1841 2602 commen-

289 2613 334 2647 10
348 2614 466 2649 datus
504 2614 609 2649 inter
643 2614 818 2649 cubiculi
857 2615 1057 2649 ministros
1096 2614 1244 2648 ascitus
1284 2616 1381 2648 erat.
1432 2614 1526 2648 Eius
1553 2614 1679 2659 igitur
1704 2624 1841 2650 amore

349 2665 467 2706 capta
486 2661 630 2707 regina
649 2661 818 2697 ardebat
836 2662 982 2706 animo,
1009 2671 1128 2706 quem
1144 2660 1329 2696 ardorem
1349 2661 1576 2696 cotidianus
1601 2664 1840 2706 conspe-ctus

289 2707 331 2742 11
347 2708 658 2753 pulchritudinis
688 2709 794 2744 illius
825 2709 1112 2743 inflammabat.
1176 2707 1275 2743 Cum
1309 2712 1444 2743 autem
1477 2709 1699 2754 spadonem
1730 2708 1840 2744 illum

348 2756 502 2800 pridem
531 2756 691 2799 odisset,
718 2759 803 2791 tum
828 2757 1029 2791 hominem
1056 2756 1287 2791 arcessebat
1314 2758 1352 2791 et
1370 2756 1473 2790 inter
1500 2756 1737 2790 familiarius
1765 2756 1840 2791 col·

290 2802 333 2836 12
348 2803 593 2848 loquendum
628 2804 954 2849 percontationes
988 2803 1038 2838 de
1067 2803 1259 2838 Michaele
1290 2803 1556 2838 intericiebat.
1608 2803 1723 2845 Quod
1750 2813 1840 2838 cum

347 2851 509 2895 saepius
535 2851 659 2894 fieret,
687 2851 805 2887 homo
832 2851 897 2886 ille
923 2854 1068 2886 acutus
1093 2850 1294 2885 intellecto
1322 2860 1460 2886 amore
1485 2851 1651 2886 fratrem
1674 2851 1838 2894 monuit,

347 2900 391 2932 ut
430 2899 614 2943 reg-inam
651 2899 886 2934 conveniret
919 2901 967 2943 et,
1005 2899 1038 2934 si
1071 2898 1121 2933 ab
1153 2897 1221 2932 illa
1252 2900 1488 2943 tentaretur,
1525 2898 1622 2933 nihil
1648 2907 1840 2934 verecun-
