2054 3282
344 159 411 195 172
714 157 894 194 ZONAR.
923 156 1053 192 ΕΡΙΤ.
1081 156 1172 192 XIV
1198 156 1230 199 9,
1263 155 1410 199 16-10,
1439 155 1469 190 1.

284 285 328 319 16
463 281 530 322 Ἑν
574 285 657 325 τοῖς
704 279 872 334 χρόνοις
915 278 1062 318 τούτου
1108 281 1180 317 τοῦ
1225 277 1431 330 βασιλέως
1469 276 1574 317 κατὰ
1612 276 1683 318 τὸν
1717 276 1843 318 αὐτὸν

343 350 586 404 συγγραφέα
619 349 689 390 καὶ
715 348 762 388 τά
786 351 869 388 τῶν
892 347 1052 400 Σηρῶν
1076 347 1253 399 νήματα,
1289 346 1312 399 ἡ
1337 346 1494 398 μέταξα
1518 345 1694 399 δηλαδή,
1726 345 1842 399 παρὰ

285 423 327 457 17
342 418 563 471 Pmpuu'oag
595 418 780 471 γίνεσθαι
812 418 978 470 ἤρξατο.
1042 415 1163 468 ἤγετο
1194 414 1272 468 μὲν
1305 413 1384 468 γὰρ
1417 415 1460 455 ἓν
1492 413 1672 467 Περσῶν
1704 415 1841 455 ὠνου-

341 489 445 541 μένη
489 484 538 528 δι’
574 486 777 540 ἐμπόρων
815 483 930 536 παρὰ
963 483 1208 536 Ῥωμαίους.
1270 482 1316 523 τὸ
1360 488 1432 537 τῆς
1474 483 1655 536 μετάξης
1698 487 1841 537 χρῆμα

343 556 421 596 οὒκ
461 555 630 609 ᾔδεισαν
668 555 808 607 μέντοι
841 552 937 593 οὔθ’
972 553 1092 597 ὅπως
1125 552 1274 605 γίνοιτο
1307 550 1404 592 οὔθ’
1439 552 1498 592 ὅτι
1530 552 1694 605 νήματα
1726 566 1839 592 σκω-
1858 554 1881 589 5

227 626 255 663 C
288 627 328 662 15
342 624 486 677 λήκων
510 623 600 664 ἔστί.
662 621 843 676 μοναχοὶ
876 621 921 661 δὲ
954 621 1032 661 δύο
1058 620 1160 666 τινὲς
1180 620 1288 674 πρὸς
1309 620 1355 661 τὸ
1377 620 1609 668 Βυζάντιον
1631 621 1676 668 ἐξ
1698 619 1842 666 Ἰνδίας

156 695 327 731 W11157
342 692 589 745 ἀφικόμενοι
635 691 709 744 την
752 690 901 744 ταύτης
946 691 1101 743 γένεσιν
1138 690 1410 743 ἀφηγήσαντο
1453 689 1524 730 καὶ
1567 689 1841 743 ὑπισχνοῦντο

341 762 511 814 κομίσαι
550 764 635 801 τῶν
673 759 913 812 σκωλήκων
953 759 1125 799 ἐκείνων
1158 758 1297 812 γόνον,
1342 758 1409 812 ᾠὰ
1455 758 1553 798 ὄντα
1597 757 1668 799 τὸν
1712 758 1968 811 ὅγκονΒΙΙΙ
1983 763 2051 800 284

342 829 594 883 βραχύτατα,
641 828 712 869 καὶ
758 828 885 875 δεῖξαι
923 827 1145 882 Ῥωμαίοις
1189 827 1309 873 ὅπως
1353 828 1487 868 ε’κεῖνα
1533 828 1842 881 ζωογονοῦνται

342 898 591 951 ’θαλπόμενα
623 897 694 938 καὶ
716 898 772 942 εἰς
795 896 1020 951 σκώληκας
1041 897 1371 950 μεταμείβονται,
1404 895 1475 937 καὶ
1497 895 1616 941 ὅπως
1639 896 1841 950 δημιουρ·
1858 900 1904 936 10

284 969 460 1020 19γοῦσι
504 966 577 1020 τὴν
620 967 816 1020 ,ιιέταξαη
861 965 935 1019 τὴν
979 965 1104 1019 φύσιν
1148 965 1300 1019 σχόντα
1346 965 1609 1006 διδάσκαλον.
1671 964 1843 1010 τούτους

342 1036 479 1076 τοίνυν
511 1035 607 1081 τοὺς
638 1034 855 1089 μοναχοὺς
887 1034 910 1075 ὁ
941 1033 1132 1089 βασιλεὺς
1156 1033 1439 1080 Ἰουστινιανὸς
1471 1034 1651 1088 δωρεαῖς
1674 1049 1715 1074 τε
1735 1032 1844 1086 πρὸς

342 1104 387 1146 τὸ
425 1104 564 1158 παρὸν
604 1103 674 1145 καὶ
711 1103 820 1157 πρὸς
856 1103 902 1145 τὸ
939 1103 1092 1158 μέλλον
1129 1103 1340 1158 λαμπραῖς
1377 1103 1622 1157 ὑποσχέσεσι
1659 1101 1766 1156 πρὸς
1795 1101 1843 1143 τὸ

282 1175 329 1211 20
342 1174 466 1227 ἔργον
511 1174 761 1227 ἐπέρρωσεν.
826 1173 865 1213 οἵ
905 1172 950 1214 δὲ
986 1173 1035 1213 τά
1073 1188 1115 1213 τε
1153 1176 1238 1213 τῶν
1269 1172 1430 1226 Σηρῶν
1467 1171 1534 1226 ᾠὰ
1565 1171 1842 1226 μετεκόμισαν

342 1243 384 1288 ἒς
406 1242 638 1291 Βυζάντιον
660 1242 731 1284 καὶ
753 1243 809 1287 εἷς
832 1241 1058 1295 σκώληκας
1086 1245 1212 1282 ταῦτα
1244 1242 1508 1295 μετήμειψαν
1538 1240 1690 1294 κόπρῳ
1722 1240 1841 1282 ἕνθέ-
1858 1243 1902 1279 15

341 1327 460 1365 μενοι
491 1311 562 1352 καὶ
593 1311 717 1366 ταύτῃ
751 1311 1037 1364 «θερμήναντες
1068 1311 1137 1351 καὶ
1170 1310 1416 1364 συκαμίνων
1447 1310 1639 1364 ἔθρεψαν
1670 1309 1843 1363 φύλλοις

346 1451 358 1484 1
390 1451 440 1484 ὅτι
466 1450 502 1485 ἐν
528 1456 598 1488 τοῖς
627 1451 768 1495 χρόνοις
801 1455 862 1484 τοῦ
893 1450 1068 1495 βασιλέως
1100 1450 1142 1494 (τ.
1168 1451 1247 1495 βασ.
1275 1460 1350 1484 om.
1377 1448 1421 1491 C)
1449 1449 1694 1484 Ἰουστινιανοῦ
1726 1448 1748 1494 ἦ
1781 1453 1841 1494 τῆς

341 1498 649 1589 ιιετάξηςΕγέέεὲις
674 1498 838 1544 ἐγνώσθη
870 1504 919 1542 τῷ
950 1498 1090 1544 βασιλεῖ
1116 1498 1176 1533 καὶ
1208 1503 1278 1537 τοῖς
1306 1498 1495 1542 Ῥωμαίοις
1527 1497 1740 1543 (ἐγνωρίσθη
1767 1496 1839 1541 ῥω-

341 1560 458 1590 μαιοις
498 1555 505 1569 ⁴

415 1665 437 1700 2
463 1666 677 1711 συγγραφέα]
705 1666 876 1711 Procop.
896 1666 933 1700 II
953 1677 987 1711 p.
1003 1666 1084 1709 546,
1101 1666 1144 1701 17
1218 1666 1240 1700 3
1267 1665 1467 1709 ὠνούμενον
1494 1663 1651 1710 prDi
1724 1664 1747 1699 4
1772 1664 1840 1708 ῥω-

413 1714 531 1758 μαίοις
556 1714 592 1748 D
731 1717 821 1758 post
842 1715 1040 1758 Ῥωμαίους
1068 1714 1249 1749 distinxit
1276 1714 1390 1748 B-W
1530 1713 1551 1747 6
1576 1713 1646 1748 ἐστὶ
1672 1710 1840 1758 prDi,

414 1761 504 1796 ἐστὶν
522 1761 568 1806 Α,
596 1773 633 1796 v.
654 1762 705 1797 ad
724 1761 821 1797 XIII
840 1763 872 1806 1,
887 1762 909 1797 5
1006 1762 1045 1803 ἐξ
1069 1762 1180 1800 ι’νδιάς
1204 1761 1292 1806 πρὸς
1317 1762 1355 1796 τὸ
1379 1761 1564 1807 βυζάντιον
1590 1760 1621 1796 Ο
1720 1761 1741 1796 7
1767 1761 1841 1805 διη-

415 1810 564 1854 γήσαντο
589 1809 687 1856 pr
774 1810 1021 1855 ὑπισχνοῦνται
1049 1809 1078 1845 C
1168 1810 1190 1844 8
1217 1813 1307 1854 post
1333 1811 1434 1854 γόνον
1460 1819 1551 1843 cum
1577 1807 1678 1844 ABC
1705 1808 1841 1843 distin-

416 1859 475 1892 xit
502 1858 614 1893 B—W
706 1861 796 1903 post
822 1857 877 1903 ᾠὰ
903 1858 1175 1893 distinxerunt
1194 1856 1355 1903 prDz·
1377 1861 1429 1901 (v.
1449 1857 1500 1891 ad
1520 1867 1622 1892 vers.
1643 1855 1840 1898 anteced.)

464 1941 518 1986 ᾠὰ
546 1952 620 1976 om.
641 1941 671 1976 Ε
768 1942 790 1976 9
807 1942 1025 1987 βραχύτατον
1043 1941 1074 1976 E
1171 1942 1219 1976 10
1243 1941 1414 1986 κώληκας
1432 1940 1479 1985 D,
1505 1919 1675 1986 Ζώληκας
1692 1940 1778 1982 (sic)
1800 1939 1840 1982 E,

417 2000 455 2023 V.
473 1999 531 2024 VS.
547 1989 592 2024 15
690 1990 735 2024 12
760 1991 910 2034 δωρεαῖς
937 2010 980 2014 -
1010 1989 1054 2024 13
1080 1989 1298 2034 ὑποσχέσεσι]
1318 1988 1379 2024 De
1407 1989 1583 2024 chiasmo
1610 1999 1647 2023 V.
1675 1987 1727 2022 ad
1744 1987 1841 2023 XIII

416 2037 449 2081 2,
476 2037 498 2072 6
675 2037 720 2073 15
745 2037 779 2077 ἐς
805 2037 876 2072 AR
903 2038 954 2079 (v.
982 2037 1150 2083 Procop.
1178 2037 1215 2072 ΙΙ
1242 2049 1279 2082 p.
1305 2036 1386 2081 547,
1415 2037 1484 2080 16),
1517 2037 1565 2075 εἰς
1591 2036 1628 2070 τὸ
1653 2035 1781 2080 Bswp‚
1806 2035 1841 2073 ἐς

415 2084 515 2145 τόνΙ)
613 2085 794 2168 Χώληκας
820 2085 901 2130 DE,
929 2095 966 2120 V.
994 2096 1051 2120 VS.
1080 2085 1124 2120 10
1233 2085 1278 2120 16
1303 2085 1541 2131 θερμήναντες
1566 2081 1734 2130 prDi,
1760 2083 1842 2128 θερ-

414 2146 587 2179 μησαντες

286 2262 331 2297 16
466 2264 697 2302 Secundum
726 2265 901 2302 eundem
934 2266 1169 2311 scriptorem
1214 2266 1300 2301 eius
1338 2265 1447 2310 regis
1474 2264 1723 2310 temporibus
1762 2263 1842 2299 tela

286 2310 331 2346 17
346 2311 483 2349 Serica
516 2324 540 2348 a
566 2313 758 2349 Romanis
785 2315 869 2350 texi
908 2317 1053 2360 coepta
1080 2316 1150 2355 est,
1194 2323 1300 2358 quae
1341 2313 1451 2358 prius
1491 2322 1541 2347 ex
1568 2311 1733 2346 Perside
1770 2321 1842 2356 per

346 2364 591 2397 mercatores
617 2362 877 2406 afferebatur,
913 2372 1002 2397 eum
1030 2362 1279 2407 ignorarent,
1319 2358 1521 2405 quomodo
1548 2359 1672 2403 fieret,
1707 2368 1842 2404 neque

286 2405 331 2440 18
346 2409 495 2444 scirent
528 2409 594 2444 fila
622 2420 710 2445 esse
735 2411 944 2445 vermium.
997 2408 1076 2445 Sed
1103 2409 1183 2443 duo
1221 2408 1408 2443 monachi
1435 2407 1675 2452 Byzantium
1704 2416 1755 2442 ex
1781 2406 1843 2441 In-

347 2456 414 2491 dia
440 2457 611 2502 profecti
647 2458 845 2504 originem
871 2457 976 2492 illius
1009 2457 1113 2492 telae
1149 2456 1409 2492 declararunt
1443 2454 1608 2500 polliciti
1647 2464 1689 2489 se
1715 2454 1843 2489 fetum

346 2504 503 2539 illorum
524 2505 722 2540 vermium
741 2505 945 2547 allaturos,
974 2514 1053 2540 ova
1078 2504 1266 2539 nimirum
1287 2503 1525 2549 perexigua,
1552 2505 1591 2537 et
1610 2505 1843 2537 ostensuros

346 2551 548 2596 Romanis,
576 2553 916 2598 quemadmodum
944 2552 1011 2587 illa
1034 2551 1214 2587 fovendo
1245 2551 1423 2586 animata
1448 2551 1490 2584 in
1506 2560 1664 2585 vermes
1691 2551 1844 2585 muten-

288 2597 332 2632 19
347 2602 412 2634 tur
439 2603 478 2635 et
503 2600 676 2635 sericum
702 2603 854 2645 texant,
891 2602 1040 2635 natura
1065 2599 1259 2645 magistra
1296 2598 1369 2633 usi.
1421 2598 1500 2633 Eos
1536 2597 1756 2632 monachos
1782 2596 1844 2632 Iu-

347 2647 545 2682 stinianus
584 2648 625 2683 in
663 2649 894 2694 praesentia
926 2647 1174 2690 muneribus,
1212 2646 1370 2691 magnis
1404 2646 1759 2691 pollicitationibus
1794 2644 1844 2680 de

287 2691 334 2726 20
347 2698 510 2738 postero
550 2695 602 2730 ad
639 2696 738 2731 illud
776 2695 1058 2742 peragendum
1097 2694 1361 2730 confirmavit.
1412 2693 1556 2738 Ita-que
1583 2692 1725 2729 Serum
1765 2703 1843 2728 ova

348 2740 587 2786 Byzantium
604 2743 827 2778 attulerunt
841 2746 881 2778 et
893 2744 933 2778 in
948 2743 1040 2777 fimo
1057 2742 1253 2777 collocat-a
1266 2742 1307 2775 in
1327 2750 1485 2776 vermes
1503 2742 1845 2776 transformarunt

349 2792 389 2823 et
414 2791 515 2824 mori
541 2790 647 2826 foliis
666 2791 854 2826 aluerunt
868 2791 1045 2836 indeque
1071 2790 1243 2825 sericum
1259 2790 1540 2835 confecerunt3
1567 2799 1617 2824 ex
1646 2798 1692 2824 eo
1719 2788 1844 2833 igitur

348 2835 519 2872 Romani
547 2848 790 2884 cognovere,
818 2849 898 2885 quo
926 2842 1045 2885 pacto
1072 2838 1245 2873 sericum
1272 2836 1521 2872 conficiatur.
