2054 3282
351 238 421 273 396
736 236 918 275 zoNAR.
945 237 1074 274 EPIT.
1103 237 1194 273 xvi
1219 237 1252 283 3,
1281 234 1407 284 16-4,
1433 237 1466 274 2.

294 361 337 398 16
472 361 609 409 Αὖθις
649 361 694 404 δὲ
732 361 828 408 τοὺς
853 359 1112 415 Ἀγαρηνοὺς
1156 359 1344 407 ἐπιόντας
1385 364 1472 407 ταῖς
1514 363 1599 402 τῶν
1624 358 1848 414 Ῥωμαίων

352 432 512 486 χώραις
549 432 708 486 μαθὼν
747 432 866 479 ἔξεισι
902 433 992 471 κατ’
1035 430 1175 470 αὐτῶν
1211 429 1314 483 μετὰ
1345 430 1580 484 βαρυτέρας
1612 429 1846 483 δυνάμεως.

294 500 396 542 17οἳ
423 500 488 542 διὰ
523 500 718 542 δυσόδων
749 500 903 548 τόπων,
938 498 1148 552 ε’πιτόμων
1181 498 1237 547 δέ,
1276 498 1507 544 διελθόντες
1539 498 1848 553 ἀπροσδόκητοι

294 569 338 604 18
351 574 412 623 τῷ
437 569 660 623 Ῥωμαίων
693 568 879 622 ἐπῆλθον
918 571 1081 621 στρατῷ
1117 566 1188 608 καὶ
1218 568 1434 621 τρέπονται
1464 571 1622 609 τοῦτον.
1684 567 1775 622 ἥλω
1809 564 1845 609 δ’

351 639 402 679 ἂν
433 637 503 679 καὶ
535 637 559 679 6
590 637 795 691 βασιλεύς,
840 637 878 678 εἰ
909 636 968 691 μὴ
1003 636 1026 677 6
1057 635 1283 690 μάγιστρος
1315 635 1523 691 Μανουὴλ
1559 639 1645 677 τῶν
1682 634 1882 691 σχολῶν5

351 706 571 760 τυγχάνων
604 705 847 759 δομέστικος
879 704 1005 746 αὐτὸν
1038 704 1276 746 διεσώσατο.

222 775 276 810 19-
292 775 339 810 ‘20
476 773 528 816 Οἵ
560 773 597 815 δ’
631 774 803 815 ἐναντίοι
833 777 1062 820 κακοῦντες
1091 772 1140 814 τὰ
1158 773 1381 827 Ῥωμαίων
1403 773 1482 814 οὒκ
1515 773 1672 828 ἔληγον.
1735 773 1845 815 στέλ-

350 842 458 883 λεται
491 845 592 896 γοῦν
624 839 714 883 κατ’
748 842 888 884 αὐτῶν
921 842 945 883 6
975 846 1048 884 τοῦ
1080 842 1285 896 βασιλέως
1306 842 1600 897 μητράδελφος
1623 842 1647 883 6
1669 841 1845 896 Πετρω-

291 911 425 957 ζ21νάς
449 910 551 965 μετὰ
569 911 822 965 Ῥωμαϊκῶν
855 911 1079 965 δυνάμεων
1111 912 1250 957 αὐτοῖς
1282 911 1587 959 ἀντιτάξασθαι.
1651 911 1675 952 6
1700 910 1745 953 δὲ
1766 911 1845 952 οὗκ

63 978 96 1015 Ρ
105 979 143 1015 ΙΙ
156 978 265 1016 159A
291 980 338 1016 22
351 980 522 1033 ἐθάρρει
560 979 789 1035 συμβολήν,
835 979 920 1021 ἀλλ’
955 979 1102 1021 ἕδειλία
1139 979 1210 1021 τὸν
1245 979 1443 1034 πόλεμον.
1505 978 1664 1033 μαθὼν
1696 978 1772 1021 οὗν
1803 979 1847 1021 ἕν
1863 979 1907 1015 10

351 1048 439 1101 ὄρει
469 1048 542 1090 τινὶ
572 1048 762 1103 μοναχὸν
794 1048 1057 1103 ἀσκούμενον
1087 1048 1161 1102 τὴν
1193 1047 1342 1102 ἀρετὴν
1375 1047 1598 1102 διαβόητον
1623 1047 1693 1089 καὶ
1713 1063 1845 1102 προο-

352 1120 491 1170 ρῶντα
529 1116 578 1158 τὰ
614 1117 829 1172 μέλλοντα,
873 1117 1005 1159 ἄπεισι
1045 1117 1153 1171 πρὸς
1185 1116 1311 1158 αὑτὸν
1342 1116 1412 1158 καὶ
1444 1117 1582 1171 ἐρωτᾷ
1613 1117 1651 1158 εἴ
1676 1122 1738 1171 τῷ
1767 1133 1845 1158 πο-

350 1185 467 1240 λέμῳ
500 1186 784 1240 ἐπιχειρήσειε·
830 1186 900 1227 καὶ
939 1187 986 1232 ὃς
1018 1186 1219 1239 ἐπιτρέπει
1249 1185 1320 1227 καὶ
1351 1185 1469 1240 νίκην
1501 1186 1617 1240 αῧτῴ
1649 1186 1846 1240 ἐπαγγέλ-

291 1255 338 1291 ‘23
351 1253 471 1296 λεται.
535 1255 700 1310 ἀπῆλθε
720 1255 856 1296 τοίνυν
878 1255 902 1296 6
923 1254 1156 1309 Πετρωνᾶς
1177 1254 1247 1296 καὶ
1268 1258 1352 1301 τοῖς
1374 1254 1568 1301 ἐναντίοις
1598 1254 1845 1309 προσέβαλε,

351 1322 422 1364 καὶ
454 1323 616 1378 ἡττᾶται
646 1322 724 1378 μὲν
756 1324 780 1378 ἡ
813 1326 898 1365 τῶν
913 1323 1160 1378 Ἀγαρηνῶν
1190 1323 1368 1378 στρατιά,
1401 1324 1534 1364 πίπτει
1567 1322 1612 1364 δὲ
1644 1323 1667 1364 6
1698 1323 1848 1378 ταύτης
1863 1321 1907 1357 15

291 1392 338 1428 24
351 1392 578 1446 κατάρχων
593 1391 738 1446 ’Ἀμερ
773 1392 797 1433 6
821 1392 865 1433 δὲ
881 1392 1029 1434 τούτου
1047 1391 1137 1438 υἱὸς
1155 1393 1200 1433 ἔκ
1223 1396 1295 1434 τοῦ
1316 1392 1503 1446 πολέμου
1526 1393 1649 1433 ἀπών
1673 1391 1746 1446 (εἷς
1767 1391 1846 1446 γὰρ

350 1460 461 1502 λείαν
505 1460 724 1515 ἐτύγχανεν
768 1460 1126 1516 ἀποδεδημηκώς)
1171 1460 1246 1515 τὴν
1289 1459 1412 1515 ἧτταν
1454 1461 1525 1502 καὶ
1561 1460 1635 1515 τὴν
1673 1460 1847 1515 φθορὰν

349 1529 509 1583 μαθὼν
533 1533 607 1571 τοῦ
628 1528 787 1583 πατρὸς
808 1529 1124 1583 ἀπεδίδρασκεν,
1158 1528 1259 1571 ἀλλὰ
1282 1529 1353 1571 καὶ
1375 1527 1497 1576 οὗτος
1518 1530 1562 1571 ἓν
1581 1534 1643 1583 τῷ
1665 1529 1847 1584 δρασμῷ

290 1598 336 1635 25
351 1597 603 1653 συλληφθεὶς
639 1598 861 1652 παρεδόθη
899 1603 961 1652 τῷ
992 1602 1223 1653 στρατηγῷ.
1285 1598 1440 1652 λέγεται
1472 1597 1517 1639 δὲ
1547 1597 1632 1652 πρὸ
1663 1601 1736 1639 τοῦ
1766 1593 1895 1639 πο-Ῑ)
1915 1594 1968 1631 IV
1984 1595 2027 1631 ll

350 1709 369 1743 1
396 1709 501 1748 αὖθις
526 1711 683 1754 στρατεία
708 1709 798 1746 κατὰ
819 1710 1018 1755 Ἆγαρηνῶν
1043 1711 1103 1746 καὶ
1128 1710 1233 1749 αὗθις
1258 1711 1342 1756 ἧττα
1362 1711 1551 1754 Ῥωμαίων
1579 1709 1608 1746 C
1745 1711 1766 1746 7
1791 1712 1842 1746 ὅτι

349 1758 370 1792 6
392 1758 586 1801 Πετρωνᾶς
613 1757 805 1802 (πετρωνὰς
832 1758 877 1802 Ε)
903 1758 1026 1803 ἐστάλη
1053 1758 1142 1794 κατὰ
1167 1764 1237 1793 τῶν
1264 1762 1354 1801 (om.
1382 1759 1427 1800 E)
1451 1759 1668 1803 Ἆγαρηνῶν·
1706 1758 1766 1794 καὶ
1792 1759 1841 1793 ὅτι

351 1805 429 1847 (ὅσα
455 1805 500 1850 Ε)
527 1805 721 1851 συμβαλὼν
745 1806 860 1845 αὐτοῖς
885 1806 1043 1852 ἐνίκησε·
1081 1811 1239 1852 μοναχοῢ
1265 1820 1356 1846 τινος
1382 1805 1443 1852 τὴν
1468 1807 1570 1851 νίκην
1594 1806 1690 1852 αὐτῷ
1722 1805 1842 1848 (αὐτοῦ

350 1853 395 1895 Ε)
420 1854 649 1898 προειπόντος
675 1853 738 1890 ΟΕ

420 1955 442 1990 3
469 1954 508 1990 δὲ
533 1965 607 1990 om.
635 1954 670 1989 D
773 1955 1018 2001 ἀπροςδόκητα
1045 1956 1075 1990 Ε
1172 1956 1194 1991 5
1221 1960 1290 1991 τῶν
1316 1954 1435 2000 ARw,
1462 1961 1520 1991 τοῦ
1547 1955 1597 2001 p*
1705 1955 1726 1991 7
1753 1957 1842 2000 post

419 2002 460 2038 τὰ
486 2002 577 2037 add.
604 2008 675 2038 τῶν
702 2002 798 2048 pr
871 2004 893 2038 8
919 2003 982 2038 οὖν
1009 2003 1037 2039 C
1111 2004 1132 2039 9
1159 2007 1248 2048 post
1264 2003 1350 2048 μετὰ
1368 2004 1460 2038 add.
1478 2008 1548 2038 τῶν
1566 2003 1597 2039 O
1678 2003 1722 2038 10
1748 2006 1842 2038 ante

421 2050 733 2143 :JngzssksiilgdAWv
759 2051 856 2097 pr
968 2051 1011 2086 15
1038 2052 1174 2097 ἡττᾶται
1202 2051 1369 2097 prDl'‚
1396 2052 1478 2097 ἡττᾶ
1503 2050 1539 2086 Α
1650 2050 1694 2086 19
1719 2050 1842 2096 συλλη-

292 2196 336 2231 16
470 2199 568 2236 Cum
595 2210 693 2235 vero
719 2199 933 2245 Agarenos
972 2200 1105 2236 denuo
1139 2200 1341 2235 Romanas
1378 2200 1608 2245 provincias
1645 2200 1842 2234 invasisse

292 2245 336 2279 17
351 2248 620 2292 cognovisset,
661 2258 750 2282 cum
785 2248 1006 2283 maioribus
1040 2249 1165 2293 copiis
1193 2251 1333 2282 contra
1359 2258 1428 2283 eos
1455 2248 1731 2292 proficiscitur.
1782 2246 1840 2282 Illi

351 2305 449 2330 vero
477 2305 549 2340 per
566 2295 678 2330 invia
697 2295 937 2340 compendia
956 2296 1087 2331 subito
1107 2295 1379 2330 Romanorum
1408 2295 1630 2330 exereitum
1657 2294 1841 2340 aggressi

292 2339 336 2374 18
350 2342 389 2376 in
419 2343 560 2388 fugam
587 2346 813 2388 verterunt3
842 2346 964 2388 atque
991 2345 1109 2378 etiam
1136 2353 1209 2378 rex
1237 2346 1341 2377 esset
1368 2346 1520 2388 captus,
1547 2343 1622 2377 nisi
1649 2343 1842 2387 magister

351 2389 522 2433 Mauuffl,
553 2391 780 2425 scholarum
808 2390 1063 2435 domesticus,
1091 2401 1181 2425 eum
1210 2394 1500 2425 conservasset.

292 2435 336 2469 19
470 2437 567 2473 Cum
613 2442 748 2473 autem
791 2438 925 2473 hostes
963 2438 1166 2473 Romanas
1210 2438 1381 2472 ditiones
1420 2440 1581 2472 vastare
1622 2448 1703 2471 non
1742 2437 1840 2471 desi-

290 2483 337 2517 20
351 2488 512 2528 sterent,
547 2485 754 2529 Pena-onas,
793 2486 902 2531 regis
937 2486 1175 2529 avunculus,
1216 2496 1304 2520 cum
1333 2485 1521 2519 Romanis
1549 2485 1673 2530 copiis
1701 2488 1841 2519 contra

290 2529 332 2564 ‘21
351 2542 419 2567 eos
445 2533 633 2577 mittitur3
676 2534 743 2578 qui
784 2544 872 2567 eum
901 2533 1094 2578 proelium
1123 2534 1369 2567 committere
1395 2543 1475 2567 non
1502 2532 1681 2575 auderet,
1720 2532 1789 2566 sed
1817 2542 1841 2566 a

290 2577 336 2612 22
351 2580 455 2614 bello
483 2581 729 2624 abhorreret,
757 2581 998 2616 monachum
1020 2580 1221 2625 quendam
1240 2581 1280 2614 in
1300 2583 1435 2615 monte
1455 2580 1680 2624 degentem,
1709 2580 1840 2614 virum

351 2630 390 2662 et
424 2628 573 2662 virtute
612 2631 651 2663 et
690 2638 824 2663 rerum
871 2630 1099 2663 futurarum
1140 2627 1415 2673 praedictione
1455 2628 1617 2670 clarum,
1657 2627 1838 2669 consulit,

351 2685 445 2709 num
474 2674 611 2710 Martis
638 2675 766 2710 aleam
794 2676 970 2721 experiri
1001 2676 1164 2720 debeat3
1204 2676 1271 2719 qui
1299 2685 1388 2709 eum
1416 2679 1615 2709 annueret
1641 2675 1759 2719 eique
1786 2675 1841 2708 vi-

291 2719 336 2753 93
352 2723 516 2756 storiam
534 2723 801 2768 polliceretur,
817 2723 1012 2758 Petronas
1031 2733 1119 2757 cum
1136 2722 1317 2757 hostibus
1337 2722 1619 2767 congreditur3
1635 2721 1840 2766 Agareno-

287 2766 333 2801 24
351 2780 437 2803 rum
455 2771 657 2805 exercitus
672 2771 907 2814 succumbit,
924 2771 1092 2815 eiusque
1109 2771 1294 2815 princeps
1306 2768 1427 2803 Aruer
1443 2770 1560 2804 eadit.
1589 2769 1710 2804 Cuius
1726 2769 1839 2812 filius,

352 2817 419 2860 qui
459 2817 611 2861 proelio
638 2829 720 2853 non
747 2818 941 2853 intererat
959 2818 1213 2863 (praedatum
1241 2818 1344 2851 enim
1378 2817 1546 2858 exierat)
1567 2817 1680 2851 clade
1701 2816 1840 2861 patris-

352 2873 430 2907 que
468 2865 633 2899 interitu
668 2866 831 2911 cognito
867 2867 1008 2910 fugam
1036 2865 1220 2910 capessit,
1248 2875 1269 2899 e
1297 2874 1377 2908 qua
1415 2868 1549 2899 tamen
1576 2866 1774 2899 retractus
1801 2866 1840 2898 et

290 2909 336 2944 25
352 2910 443 2946 duci
470 2912 642 2949 traditus
670 2915 739 2949 est.
789 2912 934 2950 Fertur
960 2916 1094 2950 autem
1122 2911 1244 2949 Amer
1269 2915 1363 2949 ante
1392 2912 1494 2948 hane
1521 2922 1700 2960 pugnam
1729 2922 1751 2946 ο
1779 2921 1840 2947 ca·
