2054 3282
450 229 677 273 SCLERVS
702 232 992 274 PLACATVR.
1043 229 1232 271 IBERIA.
1280 230 1553 272 PHOENICE.
1674 232 1744 273 557

249 355 320 397 καὶ
346 355 419 398 τὸν
438 356 573 410 ἄνδρα
595 357 856 406 ἐδεξιώσατο,
887 357 959 399 καὶ
979 356 1247 412 ὡμιλησάτην
1267 356 1459 412 ἀλλήλοιν
1478 356 1550 398 καὶ
1571 356 1744 398 ἐκοινω-

249 424 431 479 νησάτην
467 427 675 481 τραπέζης
712 425 784 468 καὶ
820 426 981 481 ἐπιέτην
1018 426 1066 467 ἐκ
1096 430 1169 481 τῆς
1199 426 1327 481 αὐτῆς
1357 425 1538 472 κύλικος.
1599 429 1746 466 τοῦτον
1758 429 1804 465 35

247 492 327 546 μὲν
357 491 434 535 οὖν
463 492 535 535 τὸν
565 493 721 547 τρόπον
751 493 823 535 καὶ
854 494 880 548 ἡ
911 498 985 536 τοῦ
1016 493 1218 549 Σκληροῦ
1254 493 1446 549 τυραννὶς
1483 493 1745 542 καταλέλυτο,

249 561 380 602 αὐτοῦ
403 560 482 615 μὲν
502 561 825 616 κουροπαλάτου
846 562 1103 617 τιμηθέντος,
1131 566 1215 604 τῶν
1237 562 1283 604 δὲ
1303 563 1609 617 συναραμένων
1630 562 1746 616 αὐτῷ

213 629 655 684 ὅπαραχωρηθέντων
695 631 800 684 ἔχειν
832 631 856 672 ὃ
887 632 940 672 ἂν
970 631 1144 677 ἕκαστος
1180 631 1225 679 ἕξ
1256 631 1415 672 ἐκείνου
1447 634 1792 684 τυραννοῦντοςΒ

250 696 418 751 εἰλήφει,
449 699 517 738 εἴτ’
541 698 585 739 ἐν
606 698 738 747 ἀξίαις
758 698 810 754 ἦν
837 696 905 741 εἴτ’
939 699 983 740 ἒν
1014 699 1163 754 ἀρχαῖς
1193 700 1269 741 εἴτε
1298 700 1437 753 μέντοι
1469 701 1514 742 ἕν
1543 701 1745 755 κτήσεσιν.

364 764 417 807 Ὁ
449 765 494 807 δὲ
524 766 716 819 βασιλεὺς
745 767 818 814 τὰς
847 771 933 809 τῶν
964 767 1231 809 ἀποστασιῶν
1262 768 1489 822 φροντίδας
1515 769 1745 823 ἀποφορτι-
1759 772 1806 808 36

250 833 431 888 σάμενος
461 834 527 875 ἐπὶ
556 834 631 889 τὴν
667 834 844 890 Θρᾴκην
874 836 982 890 ἐξῄει
1013 835 1085 877 καὶ
1115 836 1173 882 εἷς
1202 835 1512 891 Θεσσαλονίκην
1543 838 1746 892 ἐφοίτησε,

249 907 311 956 τῷ
339 903 599 957 περιωνύμῳ
626 903 806 957 μάρτυρι
827 903 1266 958 ἀνθομολογούμενος.
1327 905 1581 959 καταλείψας
1603 903 1640 947 δ’
1664 906 1805 947 ἕκεῒ37

192 978 238 1013 10
251 971 512 1025 στρατάρχην
541 974 627 1012 τῶν
658 971 876 1026 ἐπισήμων
905 972 1008 1026 μετὰ
1039 973 1212 1027 βαρείας
1243 973 1477 1028 δυνάμεως,
1509 975 1573 1015 ἵνα
1599 974 1746 1029 κωλύῃ

250 1037 323 1085 τὰς
352 1042 426 1080 τοῦ
457 1038 666 1093 Σαμουὴλ
697 1039 923 1094 ἔκδρομάς,
967 1041 1146 1083 ἐπάνεισι
1181 1041 1290 1095 πρὸς
1325 1042 1399 1096 τὴν
1429 1042 1647 1091 Βύζαντος
1676 1043 1748 1084 καὶ

251 1107 308 1152 εἰς
333 1105 516 1161 Ἰβηρίαν
547 1106 681 1162 ἀπῄει,
720 1107 988 1163 κληρονόμος
1017 1109 1309 1164 καταλειφθεὶς
1338 1110 1454 1165 παρὰ
1485 1114 1559 1152 τοῦ
1590 1126 1746 1165 κουρο-

250 1174 437 1216 παλάτου
470 1174 604 1230 Δαβὶδ
635 1175 842 1222 θανόντος
872 1181 945 1231 τῆς
975 1177 1122 1232 ἐκείνῳ
1154 1178 1437 1233 διαφερούσης
1473 1179 1619 1234 ἀρχῆς.
1681 1180 1746 1221 ἔν·
1759 1184 1807 1219 38

250 1243 391 1298 θαπερ
430 1243 614 1299 γεγονὼς
649 1244 721 1285 καὶ
750 1249 822 1299 τῆς
852 1245 1198 1301 καταλειφθείσης
1229 1248 1346 1301 αὐτῷ
1375 1248 1522 1302 χώρας
1553 1248 1746 1302 ἐπιλαβό-

192 1321 236 1356 15
249 1327 377 1366 μενος
406 1312 478 1354 καὶ
508 1312 580 1354 τὸν
610 1316 684 1354 τοῦ
706 1312 840 1368 Δαβὶδ
872 1313 1057 1369 ἀδελφὸν
1087 1314 1158 1356 τὸν
1179 1314 1223 1356 Γ
1217 1316 1395 1369 εώργιον
1425 1320 1497 1371 τῆς
1528 1317 1748 1371 ἕνδοτέρας

243 1380 425 1436 Ἰβηρίας
464 1381 768 1437 ἡγεμονεύοντα
807 1383 1134 1438 παρασκευάσας
1177 1385 1352 1439 ἡσυχίαν
1395 1385 1508 1439 ἄγειν
1549 1385 1620 1426 καὶ
1662 1387 1789 1432 τοῒςΟ

248 1450 366 1496 ι’δίοις
397 1450 617 1505 ἀρκεῖσθαι
648 1450 720 1492 καὶ
751 1451 916 1506 ὅμηρον
946 1451 992 1493 τὸ
1024 1453 1184 1494 ἐκείνου
1215 1453 1344 1495 παῖδα
1370 1453 1526 1509 λαβών,
1559 1453 1624 1495 ἐπὶ
1646 1454 1745 1495 Φοι-

248 1518 368 1574 νίκην
388 1518 589 1574 ἔχώρησε.
651 1519 722 1563 καὶ
751 1520 824 1562 τόν
842 1536 885 1562 τε
905 1524 978 1576 τῆς
1002 1520 1239 1575 Τριπόλεως
1270 1522 1451 1577 ἄρχοντα
1483 1522 1554 1563 καὶ
1583 1521 1655 1564 τὸν
1674 1527 1747 1578 τῆς
1759 1526 1806 1562 39

249 1666 272 1702 9
296 1667 347 1702 ὅτι
372 1667 595 1712 κληρονόμος
619 1672 680 1713 τῆς
703 1668 855 1714 Ἰβηρίας
879 1669 1128 1714 καταλειφθεὶς
1153 1670 1175 1704 ὁ
1196 1669 1361 1716 βασιλεὺς
1385 1669 1500 1705 ἐκεῖσε
1524 1669 1663 1716 ἀπῆλθε
1686 1670 1746 1706 καὶ

248 1715 313 1750 ὅσα
335 1715 560 1760 κατώρθωσε
586 1714 759 1762 (ἀπῆλθεν
783 1716 863 1751 ἐκεῖ
884 1717 1028 1752 ceteris
1054 1718 1210 1753 omissis
1236 1717 1279 1760 C)
1306 1717 1369 1754 ΟΕ
1552 1717 1596 1753 13
1620 1719 1685 1754 ὅσα
1709 1718 1747 1754 ἐν

244 1762 381 1808 Ἰβηρίᾳ
406 1762 467 1798 καὶ
496 1763 643 1809 Φοινίκῃ
672 1764 915 1809 κατώρθωσεν
941 1764 973 1800 O

322 1903 341 1938 1
368 1902 591 1949 ἐδεξιώσατο]
610 1903 767 1945 ἒξώσατο
785 1903 816 1939 Ε
890 1904 1106 1940 ἐκοινώσατο
1124 1905 1232 1951 Ewp,
1261 1905 1501 1951 ε’κοινωσάτην
1519 1905 1555 1940 D
1629 1905 1662 1941 2.
1676 1906 1699 1941 3
1723 1905 1746 1951 ἦ

319 1949 387 1996 μὲν
409 1950 473 1986 οὖν
497 1956 557 1987 τοῦ
583 1952 741 1997 σκληροῦ
766 1953 926 1997 τυραννὶς
952 1953 1010 1989 τὸν
1028 1954 1156 1997 τρόπον
1173 1954 1306 1988 τουτονὶ
1322 1954 1532 1989 καταλέλυτο
1549 1953 1746 1995 (κατελύετο

322 1997 373 2042 D)
404 1997 436 2034 Ο
533 1998 557 2035 3
580 2000 803 2035 καταλέλυται
824 1999 919 2046 Ewp
1015 2000 1039 2035 4
1065 2001 1185 2046 τιμηθ.
1211 2015 1360 2046 κουροπ.
1389 2000 1421 2037 Ο
1519 2001 1542 2036 6
1566 2001 1678 2042 ἀξίαις
1702 2001 1746 2046 ἦν

321 2045 381 2081 εἴτ’
405 2045 443 2081 ἐν
467 2045 593 2092 ἀρχαῖς
619 2046 764 2094 AEwp,
790 2047 901 2089 ἀξίαις
926 2047 1112 2090 (ἐξουσίαις
1135 2048 1179 2090 C)
1204 2048 1265 2083 εἴτ’
1286 2049 1323 2084 ἐν
1340 2049 1465 2094 ἀρχαῖς
1483 2048 1526 2094 ἦν
1552 2048 1596 2092 R,
1622 2049 1746 2093 ἀρχαῖς

322 2093 366 2140 ἦν
391 2095 536 2130 ceteris
562 2095 719 2131 omissis
744 2094 781 2130 D
940 2096 986 2131 10
1008 2096 1140 2131 κωλύει
1167 2095 1303 2142 DEwp
1450 2096 1494 2131 15
1520 2101 1580 2131 τοῦ
1607 2106 1683 2131 om.
1710 2095 1746 2130 D

369 2141 426 2177 τὸν
451 2141 622 2178 alterum
648 2152 724 2179 om.
751 2142 783 2179 Ο
899 2143 944 2178 16
969 2143 1072 2190 ἦσυχ.
1098 2145 1193 2190 ἄγειν
1219 2154 1293 2180 om.
1322 2143 1357 2179 D
1458 2143 1501 2178 18
1525 2144 1690 2189 ε’φοίτησε
1714 2143 1746 2179 Ο

250 2289 445 2331 rectaque
475 2284 646 2322 dextera
677 2286 901 2323 collocutus
935 2290 974 2323 et
1005 2287 1148 2323 eadem
1180 2292 1352 2334 uterque
1385 2298 1524 2323 mensa
1557 2298 1655 2323 usus
1687 2294 1747 2324 est

251 2337 290 2369 et
316 2343 366 2370 ex
394 2332 535 2369 eodem
563 2334 688 2370 calice
707 2335 909 2371 biberunt.
960 2335 1047 2371 Hoc
1073 2335 1191 2371 modo
1218 2337 1349 2381 sopita
1369 2334 1492 2372 Scleri
1520 2336 1745 2382 tyrannide,
1760 2337 1807 2373 35

250 2381 338 2427 ipse
363 2381 601 2427 curopalate,
626 2387 688 2419 est
713 2382 951 2429 designatus
977 2386 1017 2418 et
1046 2393 1164 2428 quem
1201 2384 1373 2428 quisque
1399 2383 1630 2419 adiutorum
1659 2384 1747 2419 eius

251 2428 460 2475 dignitatis
492 2429 558 2465 vel
589 2430 798 2475 potestatis
829 2430 1004 2476 gradum
1037 2440 1191 2476 quasve
1219 2431 1492 2476 possessiones
1518 2431 1569 2466 ab
1597 2430 1662 2466 illo
1690 2442 1747 2467 re-

250 2481 404 2522 gnante
429 2481 654 2523 acceperat,
681 2487 730 2514 ea
757 2479 931 2514 retinere
958 2479 1079 2513 licuit.

370 2523 456 2559 Rex
483 2525 591 2560 euris
617 2524 889 2561 defectionum
920 2526 1078 2561 levatus
1110 2526 1150 2561 in
1177 2526 1390 2561 Thraciam
1424 2526 1523 2561 abiit
1555 2530 1595 2561 et
1626 2525 1747 2562 Thes·
1759 2527 1806 2564 36

251 2571 471 2607 salonicam
505 2573 686 2617 accessit,
724 2578 769 2608 ut
801 2573 948 2609 celebri
974 2577 1154 2619 martyro
1187 2574 1342 2619 gratias
1367 2579 1519 2619 ageret.
1572 2574 1629 2609 Ibi
1658 2575 1744 2610 viro
1759 2575 1805 2611 37

250 2618 392 2655 illustri
425 2629 515 2654 cum
547 2621 707 2666 magnis
734 2622 860 2667 copiis
886 2620 989 2655 duce
1016 2622 1154 2656 relicto
1182 2621 1233 2656 ad
1260 2622 1522 2657 excursiones
1549 2620 1746 2657 Samuelis

251 2666 498 2702 coercendas
515 2666 755 2713 Byzantium
776 2668 898 2713 redit3
925 2668 1019 2703 inde
1039 2669 1077 2703 in
1097 2668 1269 2704 Iberiam
1291 2669 1566 2715 proficiscitur,
1588 2668 1745 2705 Davide

251 2714 490 2760 curopalate
524 2720 695 2759 mortuo,
735 2726 760 2751 a
792 2726 872 2761 quo
909 2717 995 2750 eius
1030 2716 1192 2751 ditionis
1225 2716 1339 2752 heres
1366 2717 1572 2752 institutus
1600 2719 1744 2762 fuerat,

252 2771 374 2807 quam
400 2761 465 2797 ille
490 2766 687 2798 tenuerat.
740 2763 797 2798 lbi
824 2764 962 2798 relicta
989 2764 1063 2798 sibi
1091 2764 1242 2800 ditione
1269 2770 1478 2810 occupata,
1506 2774 1595 2799 cum
1623 2763 1807 2802 Geor-38

251 2810 376 2855 glum,
408 2808 577 2845 Davidis
606 2810 783 2854 fratrem,
823 2811 1023 2846 interioris
1050 2811 1206 2847 iberiae
1235 2813 1453 2857 principem
1481 2813 1745 2858 compescuis-

252 2860 323 2900 εει,
360 2860 407 2892 ut
439 2857 523 2892 suis
561 2857 709 2894 finibus
744 2863 958 2894 contentus
997 2864 1113 2902 esset,
1153 2860 1232 2894 lilio
1271 2860 1359 2895 eius
1398 2859 1538 2895 obside
1575 2865 1743 2906 accepto

252 2903 511 2942 Phoenicium
542 2904 641 2942 adiit
674 2911 714 2941 et
745 2906 965 2953 principem
992 2906 1286 2955 Tripolitanum
1315 2912 1354 2944 et
1381 2907 1678 2944 Daumseeuum
1705 2913 1744 2946 et
1757 2909 1804 2946 39
