2054 3282
509 216 749 254 ΜΟΑΜΕΤΙ
775 216 946 254 ORIGO.
1003 214 1255 253 HERACLII
1280 214 1429 252 MORS.
1647 214 1718 250 215

220 343 412 386 ἐντεῦθεν
441 343 468 397 ἡ
502 342 603 398 γυνὴ
637 341 1010 396 ἀποσκευαζομένη
1041 339 1089 382 τὸ
1121 339 1293 388 ὄνειδος,
1333 339 1637 393 ἐγκαυχωμένη
1671 337 1717 380 δὲ
1732 341 1777 376 18

218 413 378 468 μᾶλλον
420 413 483 459 ὡς
525 416 777 454 συνοικοῦσα
818 412 1032 466 προφήτῃ,
1074 409 1146 452 τὸν
1188 409 1314 464 λόγον
1355 412 1503 450 τοῦτον
1545 407 1602 453 εἷς
1644 405 1718 453 τὰς

218 482 366 529 λοιπὰς
396 486 596 536 γυναῖκας
625 482 871 536 προήνεγκε,
907 480 978 522 καὶ
1009 480 1146 526 οὕτως
1177 479 1314 533 ὄνομα
1345 477 1568 532 προφήτου
1599 475 1717 530 παρὰ

218 556 304 598 τοῖς
334 551 567 606 ὁμοφύλοις
597 551 622 592 ὁ
651 549 845 604 μυσαρὰς
875 550 1032 596 ἐκεῖνος
1063 548 1275 603 ἐκτήσατο.
1336 546 1554 601 θανούσης
1579 545 1625 587 δὲ
1645 549 1718 600 τῆς
1733 548 1776 583 19

182 626 206 663 5
221 620 418 676 γυναικὸς
447 620 618 674 ἐκείνης,
650 622 736 660 τῶν
767 619 925 673 ἐκείνης
956 618 1224 673 κληρονόμος
1254 615 1478 671 γενόμενος
1507 614 1579 656 καὶ
1610 614 1716 669 φύλ-

176 727 182 731 .
220 706 353 745 αρχος
388 689 459 732 καὶ
496 688 748 734 διδάσκαλος
777 688 848 729 καὶ
879 687 1116 742 νομοθέτης
1144 690 1219 728 τοῦ
1251 685 1404 731 ἔθνους
1432 687 1520 726 τῶν
1551 683 1716 739 Ἰσμαη-

218 759 342 802 λιτῶν
372 758 633 813 ἐχρημάτισε,
664 757 762 803 τοὺς
791 757 869 811 μὲν
899 756 1039 810 λόγοις
1059 756 1244 804 ἀπατῶν,
1275 758 1360 801 τοῖς
1382 754 1427 796 δὲ
1447 753 1507 808 μὴ
1530 754 1718 809 εὐχερῶς
1731 755 1778 792 20
1804 755 1839 790 D

219 829 337 883 αὐτῷ
371 827 639 881 πειθομένοις
668 825 715 867 τὸ
747 826 870 880 ξίφος
901 824 1215 879 ἀνατεινόμενος
1245 823 1317 865 καὶ
1348 821 1650 865 ὕποκλίνεσθαί
1677 823 1719 864 οἳ

219 897 531 952 ἐκβιαζόμενος.
575 895 657 950 ἤδη
681 894 761 950 γὰρ
782 895 854 936 καὶ
877 898 994 949 χεῖρα
1016 893 1111 947 περὶ
1132 893 1280 935 ἑαυτὸν
1301 893 1533 947 συνήγαγεν
1554 891 1715 946 ἱκανήν.
1730 893 1774 929 21

160 971 205 1006 10
219 964 343 1012 οὗτος
363 964 440 1008 οὗν
461 965 509 1007 ἐκ
529 969 602 1019 τῆς
622 964 834 1019 Αἷθρίβου
855 963 1020 1017 προϊὼν
1039 962 1258 1017 προσῆλθε
1277 967 1340 1016 τῷ
1369 961 1537 1016 βασιλεῖ,
1569 960 1718 1015 χώραν
1730 963 1777 999 22

219 1036 348 1077 αι’τῶν
389 1035 447 1081 εἷς
489 1034 740 1088 κατοίκησιν,
785 1032 857 1074 καὶ
900 1032 1056 1087 ἔλαβεν.
1125 1032 1174 1073 ὃν
1211 1028 1248 1073 δ’
1286 1032 1441 1085 εἴρηται
1477 1029 1635 1083 τρόπον
1670 1028 1717 1071 τὸ
1731 1033 1778 1069 23
1804 1032 1973 1070 W11171

218 1104 345 1150 {⁶021oe
379 1104 492 1145 ἅπαν
522 1102 914 1157 κατασοφισάμενος
944 1101 1015 1142 καὶ
1045 1098 1120 1156 ὑφ’
1153 1099 1302 1142 ἑαυτὸν
1331 1099 1615 1155 ποιησάμενος
1643 1098 1719 1153 τὴν

217 1172 380 1226 Συρίαν
410 1172 649 1226 κατέδραμε
678 1187 720 1213 τε
750 1171 822 1212 καὶ
853 1171 1041 1225 ἐληίσατο
1072 1169 1144 1211 καὶ
1173 1173 1259 1211 τῶν
1278 1168 1532 1223 Ῥωμαϊκῶν
1559 1171 1719 1222 χωρῶν

218 1240 375 1287 πολλὰς
411 1240 687 1295 ἐξεπόρθησε·
731 1240 801 1282 καὶ
838 1240 976 1281 ἔκτοτε
1008 1239 1087 1280 οὐκ
1120 1238 1330 1280 ἐπαύσατο
1360 1236 1407 1279 τὸ
1438 1241 1524 1278 τῶν
1548 1235 1717 1291 Ἰσμαη-

161 1314 206 1350 15
219 1311 342 1353 λιτῶν
373 1311 492 1365 γένος
520 1309 595 1365 τὴν
624 1309 847 1364 Ῥωμαίων
878 1309 1046 1350 ἅπασαν
1077 1313 1154 1363 γῆν
1184 1307 1440 1362 κατατρέχον
1470 1305 1542 1348 καὶ
1579 1304 1716 1360 ληιζό-

216 1395 357 1435 μενον.

336 1447 583 1502 Ἡράκλειος
614 1448 672 1501 δέ,
706 1447 769 1494 ὥς
799 1448 965 1502 εἴρηται,
998 1447 1055 1493 εἷς
1084 1445 1159 1500 τὴν
1189 1448 1274 1487 τῶν
1296 1443 1616 1498 Μονοθελητῶν
1647 1442 1716 1484 ἐκ-
1731 1446 1775 1481 24

217 1516 427 1565 κυλισθεὶς
457 1517 611 1571 αἵρεσιν
641 1516 757 1571 νόσῳ
787 1515 1015 1570 περιπίπτει
1045 1514 1232 1569 ὗὸερικῇ.
1294 1513 1451 1567 λέγεται
1489 1511 1534 1554 δὲ
1569 1511 1641 1554 καὶ
1670 1510 1718 1553 τὸ
1732 1515 1778 1551 25
1804 1512 1979 1550 P1187A

217 1586 378 1629 αι’ὂοῒον
408 1586 538 1628 αὐτοῦ
570 1585 855 1640 στρεφόμενον
886 1585 977 1626 ἄνω
1008 1583 1055 1626 τὸ
1090 1582 1221 1638 οὖρον
1258 1583 1447 1638 πέμπειν,
1490 1580 1562 1623 καὶ
1593 1581 1631 1623 εἶ
1656 1579 1716 1635 μὴ

220 1704 265 1741 17
290 1703 428 1751 τελευτὴ
448 1704 665 1749 Ἡρακλείου
691 1702 771 1748 AE,
799 1703 1013 1748 Ἡρακλείου
1039 1702 1175 1748 τελευτή
1203 1700 1232 1738 C

290 1825 314 1860 8
336 1824 553 1869 πυθομένοις
567 1823 603 1859 D
702 1823 725 1859 9
745 1823 850 1859 αυτὸν
868 1823 912 1865 (s.
928 1823 1037 1867 spir.)
1052 1822 1184 1868 D(wp)
1285 1821 1331 1857 10
1351 1821 1524 1867 Ἐθρίβου
1539 1819 1718 1865 Theoph.

291 1872 310 1908 I
335 1872 469 1918 p.334‚
485 1873 530 1908 18
557 1872 643 1915 (sed
671 1883 708 1906 v.
735 1882 827 1907 ann.
856 1882 910 1907 cr.
937 1871 988 1906 de
1014 1870 1164 1913 Boorii)
1261 1869 1460 1915 προςῆλθεν
1484 1869 1593 1914 Ewp,
1617 1882 1743 1916 προς-4

290 1921 380 1966 ῆλθε
404 1919 486 1965 AR,
512 1931 550 1955 V.
577 1920 629 1955 ad
654 1919 751 1955 XIII
780 1919 809 1963 l,
836 1919 858 1954 5
971 1919 1028 1954 11.
1058 1919 1101 1953 12
1126 1917 1207 1958 τοὺς
1232 1918 1436 1963 ὁμοφύλους
1461 1917 1661 1962 σύμπαντας
1688 1915 1719 1951 Ο

293 1968 337 2004 12
363 1968 707 2013 καὶ-ποιησάμενος
733 1978 808 2002 om.
836 1966 865 2003 C
1000 1970 1090 2012 post
1115 1967 1178 2012 τήν
1203 1966 1296 2001 add.
1322 1980 1357 2000 τε
1385 1964 1482 2011 pr
1614 1964 1659 2000 13
1684 1978 1720 1998 τε

293 2027 369 2052 om.
384 2015 542 2062 prDi
638 2015 759 2061 χώρας
774 2014 884 2062 pr,
911 2015 1035 2060 χώραν
1049 2015 1080 2050 Ε
1167 2014 1212 2050 14
1236 2013 1368 2059 πολλὴν
1383 2014 1414 2049 Ε
1501 2013 1545 2048 15
1570 2013 1674 2051 ἔθνος
1688 2011 1719 2048 Ο

341 2067 431 2110 post
457 2063 520 2110 τὴν
549 2063 640 2099 add.
667 2068 737 2099 τῶν
763 2063 794 2100 O
893 2064 1030 2099 ἅπασαν
1057 2073 1133 2098 om.
1159 2062 1196 2098 D
1295 2062 1340 2098 17
1365 2060 1584 2107 ἐγκυλισθεὶς
1610 2059 1640 2096 C

223 2194 362 2220 omnes
388 2183 607 2229 prophetas
641 2182 743 2219 mitti
782 2183 922 2219 solere.
972 2182 1033 2218 Ex
1073 2193 1121 2218 eo
1149 2182 1292 2217 mulier
1331 2181 1482 2217 abolito
1521 2180 1722 2216 dedecore
1738 2179 1782 2214 18

222 2242 271 2267 ac
299 2232 431 2277 potius
458 2231 681 2277 prophetae
695 2231 886 2276 coniugio
914 2231 1094 2276 glorians
1109 2230 1290 2266 fabulam
1303 2230 1420 2265 istam
1447 2229 1552 2264 inter
1566 2231 1722 2264 ceteras

222 2279 410 2315 mulieres
437 2279 604 2325 spargit.
655 2277 719 2315 Sic
733 2279 917 2324 impurus
940 2278 1006 2314 ille
1021 2278 1131 2324 apud
1157 2288 1253 2314 suos
1267 2277 1484 2324 populares
1498 2276 1722 2322 prophetae

221 2338 368 2363 nomen
396 2330 638 2363 consecutus
665 2331 704 2362 et
730 2327 871 2362 uxoris
897 2330 1084 2361 mortuae
1109 2326 1335 2362 hereditate
1362 2325 1643 2370 locupletatus,
1670 2323 1722 2359 Is-
1738 2323 1782 2358 19

221 2375 448 2411 maeliticae
474 2375 607 2421 gentis
625 2375 814 2420 princeps
842 2377 882 2410 ct
900 2374 1041 2409 doctor
1067 2378 1106 2409 et
1119 2373 1328 2420 legislator
1354 2376 1413 2408 est
1432 2372 1604 2416 habitus,
1631 2382 1723 2407 eum
1737 2370 1784 2406 20

223 2423 324 2459 alios
352 2423 488 2458 verbis
505 2422 729 2466 seduceret,
757 2422 856 2457 alios
882 2422 1095 2467 imperium
1123 2421 1394 2457 detrectantes
1420 2421 1558 2455 stricto
1585 2419 1722 2465 gladio

223 2471 297 2506 sibi
318 2470 462 2506 cedere
477 2473 660 2515 cogeret3
687 2470 765 2505 iam
794 2470 898 2505 enim
914 2480 1077 2505 manum
1105 2480 1184 2505 non
1201 2468 1538 2504 contemnendam
1558 2468 1722 2502 fecerat.
1737 2466 1779 2502 ⁶21

224 2518 262 2554 Is
287 2518 413 2565 igitur
439 2529 490 2554 ex
515 2517 710 2553 Aethribo
727 2527 968 2563 progressus
992 2527 1132 2562 regem
1153 2517 1344 2552 convenit
1370 2519 1408 2552 et
1434 2516 1643 2561 regionem
1671 2515 1722 2550 ad
1737 2514 1784 2550 22

225 2565 488 2602 habitandum
516 2566 682 2612 petitam
710 2566 879 2611 aceepit.
930 2564 1112 2610 Cumque
1139 2574 1278 2600 omnes
1304 2563 1523 2610 populares
1549 2573 1645 2599 suos
1671 2562 1723 2598 ad
1738 2563 1784 2598 23

224 2614 332 2649 hunc
357 2613 520 2649 modum
549 2613 740 2659 deceptos
768 2613 1008 2658 subegisset,
1047 2612 1204 2658 Syriam
1233 2612 1528 2658 direptionibus
1556 2611 1725 2647 vexavit

225 2664 265 2697 ct
289 2661 435 2697 multas
467 2661 698 2707 provincias
724 2660 927 2697 Romanas
962 2661 1176 2696 evastavit.
1226 2660 1286 2695 Ex
1327 2670 1375 2694 eo
1402 2663 1584 2705 tempore
1622 2669 1725 2705 gens

226 2709 518 2745 Ismaelitarum
545 2708 817 2744 Romanorum
847 2719 1003 2744 omnem
1044 2712 1191 2744 terram
1218 2709 1428 2743 incursare
1460 2717 1508 2742 ae
1535 2706 1722 2753 praedari

225 2767 432 2803 nunquam
461 2756 622 2792 destitit.

344 2804 557 2840 Heraclius
583 2808 717 2840 autem
746 2805 813 2847 ita,
839 2807 884 2839 ut
903 2804 1131 2850 expositum
1158 2807 1228 2847 est,
1254 2803 1295 2838 in
1323 2806 1473 2838 sectam
1493 2802 1724 2838 Monotheli-
1740 2802 1786 2838 24

226 2855 358 2888 tarum
385 2851 602 2888 devolutus
641 2862 749 2897 aqua
774 2853 974 2887 intercute
1014 2851 1201 2887 laborare
1227 2851 1372 2896 eoepit.
1425 2850 1566 2886 Fertur
1605 2851 1724 2886 etiam
1740 2850 1786 2886 25

226 2900 396 2945 inguine
435 2910 595 2935 sursum
623 2910 820 2935 converso
862 2900 1005 2934 facicm
1046 2909 1160 2935 suam
1190 2899 1466 2945 perniiinxisse,
1506 2899 1581 2934 nisi
1608 2899 1726 2934 urina
