2054 3282
322 237 393 276 488
709 236 889 274 ZONAR.
919 235 1046 271 EPIT.
1074 234 1165 271 XVI
1191 233 1248 278 22,
1277 233 1428 270 15-23,

324 363 522 414 ασπισμῴ
543 358 638 405 τοὺς
653 356 908 412 Ἀγαρηνοὺς
930 355 1201 410 ἀπωσάμενοι
1224 356 1366 397 ἄδειαν
1386 356 1599 410 παρέσχον
1615 360 1676 411 τῷ
1693 371 1815 410 στρα-

322 432 435 482 τηγῴ
475 428 650 481 ἐμβῆναι
688 427 744 471 εἷς
786 425 859 479 τὴν
903 423 1150 478 στρατηγίδα
1195 424 1341 478 τριήρη
1386 423 1456 465 καὶ
1501 425 1612 466 οὕτω
1657 428 1815 478 φυγεῖν.

46 499 236 536 W111157
266 495 408 537 16ἇλλ’
443 496 521 549 οὐχ
554 495 664 536 οὕτω
697 493 766 534 καὶ
802 497 863 546 τῷ
895 492 1046 545 Βάρδᾳ
1084 492 1221 545 Φωκᾷ
1258 496 1318 545 τῷ
1356 494 1441 533 τῶν
1480 491 1646 547 σχολῶν
1690 492 1815 547 δομε-

322 563 448 617 στίκῳ
481 562 722 617 συνηντήκει
752 560 800 602 τὰ
833 559 940 614 πρὸς
970 559 1067 606 τοὺς
1098 559 1235 613 ἑῴους
1259 559 1530 614 Ἆγαρηνούς,
1568 565 1816 615 στρατηγικῇ

322 631 367 672 δὲ
398 635 517 685 τέχνῃ
550 630 620 671 καὶ
658 629 845 683 ἐμπειρίᾳ
882 627 979 674 τοὺς
1014 627 1122 682 πρὸς
1160 627 1343 673 ἐκείνους
1381 627 1594 682 πολέμους
1638 628 1852 670 ‹Scauros-5

273 703 307 738 D
319 714 446 751 μενος
489 697 611 738 ἄστεά
655 713 695 738 τε
730 695 862 738 πολλὰ
901 696 1071 738 ἐκείνων
1109 696 1296 750 ἀφείλετο
1335 696 1405 738 καὶ
1442 695 1490 738 τὰ
1529 696 1816 752 προστυχόντα

321 766 430 807 λείαν
462 766 630 807 ἐτίθετο.

263 839 308 874 17
431 833 487 875 “O
518 850 562 887 γε
591 833 677 888 μὴν
713 837 786 875 τοῦ
823 834 1028 889 βασιλέως
1066 833 1157 880 υἱὸς
1184 832 1403 888 Ῥωμανὸς
1443 834 1499 880 εἷς
1538 834 1695 887 ἄνδρας
1734 834 1815 889 ἤδη

320 901 443 943 τελεῖν
474 902 682 956 ἠργμένος
713 902 758 950 ἐξ
789 902 986 956 ἀγενείων
1017 901 1088 943 καὶ
1119 903 1176 948 εἰς
1207 900 1355 943 ἑαυτὸν
1385 901 1459 957 τὴν
1490 902 1681 950 ἐξουσίαν
1700 919 1815 957 περι-

320 974 487 1024 αγαγεῖν
508 970 782 1025 ἱμειρόμενος,
816 971 1069 1026 ἐπιβουλεύει
1090 974 1139 1026 τῇ
1173 971 1264 1025 ζωῇ
1295 974 1368 1012 τοῦ
1399 971 1569 1024 πατρός,
1601 987 1814 1025 συμπρατ-
1831 980 1877 1016 10

319 1038 470 1093 τούσης
502 1039 618 1093 αὐτῷ
649 1039 719 1081 καὶ
749 1043 821 1095 τῆς
859 1044 1051 1095 γαμετῆς,
1095 1039 1165 1081 καὶ
1209 1038 1430 1094 φαρμάκῳ
1468 1038 1704 1094 δηλητηρίῳ
1741 1038 1816 1094 τὴν

321 1106 544 1161 ἐπιβουλὴν
575 1108 896 1162 συνεσκεύασαν,
937 1109 962 1149 ὃ
993 1108 1193 1154 λαθόντες
1223 1106 1501 1162 καθαρτηρίῳ
1532 1107 1687 1162 πόματι
1718 1123 1814 1149 συν·
1830 1117 1865 1152 D
1885 1116 1936 1153 IV
1952 1116 1995 1152 71

263 1179 308 1216 18
320 1175 538 1229 εκέρασαν,
572 1175 675 1230 ὅπερ
708 1176 873 1230 ἔμελλεν
904 1177 928 1218 ὁ
960 1176 1236 1230 αὐτοκράτωρ
1267 1178 1384 1217 πιεῖν.
1448 1176 1538 1229 ἄρτι
1569 1174 1614 1216 δὲ
1636 1175 1815 1230 δοθῆναι

318 1242 471 1297 μέλλον
509 1244 566 1290 εἷς
602 1244 724 1286 πόσιν
762 1249 823 1298 τῷ
853 1245 1014 1299 βασιλεῖ
1040 1242 1106 1286 εἶτ’
1141 1245 1187 1286 ἐκ
1218 1243 1420 1298 προνοίας
1451 1244 1527 1284 εἴτε
1557 1243 1738 1298 τυχαίως
1766 1243 1814 1286 τὸ

319 1311 446 1352 πλέον
477 1312 691 1367 ἐκκέχυτο,
723 1311 768 1354 τὸ
802 1313 847 1355 δὲ
877 1313 1142 1368 περιλειφθὲν
1174 1313 1312 1366 ὀλίγον
1343 1313 1392 1353 ὃν
1413 1311 1483 1353 καὶ
1504 1311 1621 1366 παρὰ
1641 1316 1715 1354 τοῦ
1736 1313 1814 1367 βα·
1830 1320 1875 1356 15

321 1379 468 1426 σιλέως
503 1380 638 1422 ποθὲν
676 1381 846 1428 ὀδύναις
881 1381 959 1436 μὲν
996 1381 1123 1423 αὐτὸν
1153 1381 1224 1422 καὶ
1254 1380 1451 1422 κινδύνου
1483 1380 1634 1435 φόβοις
1665 1381 1716 1423 οὗ
1746 1397 1815 1435 μι-

320 1451 439 1502 κροῖς
469 1449 722 1504 περιέβαλεν,
768 1450 818 1491 οὐ
854 1450 996 1503 μέντοι
1026 1449 1098 1491 καὶ
1128 1449 1322 1491 κίνδυνον
1353 1448 1544 1503 ἐποίησεν
1575 1449 1693 1503 αὐτῷ’
1721 1448 1817 1502 περὶ

36 1519 114 1556 PII
126 1519 235 1556 196A
264 1521 307 1556 19
320 1515 394 1570 τὴν
415 1516 541 1571 ζωήν.
603 1518 708 1564 τέως
731 1516 768 1559 δ’
793 1516 868 1559 οὖν
889 1517 1016 1560 αὐτὸν
1039 1518 1256 1573 δυσχερῶς
1278 1518 1538 1571 διαπέφευγε.
1595 1522 1656 1571 τῷ
1675 1533 1815 1560 πεντε-

320 1584 557 1638 καιδεκάτῳ
590 1582 627 1626 δ’
661 1585 838 1640 ἐνιαυτῷ
867 1590 939 1640 τῆς
970 1587 1098 1627 αὐτοῦ
1125 1586 1332 1640 βασιλείας
1353 1586 1397 1627 ἐν
1417 1590 1478 1639 τῷ
1498 1589 1571 1627 τοῦ
1589 1585 1814 1640 Ὀλύμπου

321 1653 409 1707 ὄρει
441 1651 563 1701 οὗτος
601 1653 775 1710 ἐξῆλθεν
806 1653 830 1696 ὁ
861 1654 1064 1710 βασιλεύς,
1109 1654 1223 1709 λόγῳ
1265 1653 1343 1709 μὲν
1386 1655 1450 1696 ἵνα
1488 1657 1575 1701 ταῖς
1611 1657 1696 1697 τῶν
1732 1654 1876 1697 ἐκεῖ20

321 1807 344 1842 8
369 1807 419 1842 ὅτι
445 1807 467 1842 ὅ
491 1811 550 1843 τοῦ
575 1807 750 1853 βασιλέως
776 1807 850 1848 υἱὸς
871 1807 1052 1854 Ῥωμανὸς
1077 1807 1309 1855 ἐπεβούλευσε
1337 1813 1386 1854 τῷ·
1411 1809 1519 1853 πατρί
1542 1807 1604 1844 CE

393 1952 415 1985 3
440 1956 489 1995 τῷ
515 1954 610 1986 ante
636 1955 705 1986 τῶν
732 1961 807 1987 om.
827 1950 894 1987 CD
992 1951 1015 1986 4
1039 1951 1130 1991 ἑώας
1157 1951 1204 1995 D,
1233 1963 1333 1987 eorl·-
1353 1951 1422 1989 Dw
1519 1952 1541 1987 6
1564 1951 1651 1996 πρὸς
1670 1953 1816 1996 τυχόντα

394 1998 442 2042 D,
469 2008 570 2033 corr.
597 1998 666 2037 Dw
786 1999 808 2034 9
833 1999 893 2034 καὶ
922 2010 998 2035 om.
1023 1999 1060 2034 D
1183 1998 1228 2034 14
1253 1999 1313 2035 εἶτ’
1341 1999 1388 2045 p*
1512 1999 1555 2035 15
1580 1999 1725 2044 ἑκέχυτο
1752 1999 1816 2035 ΒΕ

396 2046 439 2081 17
457 2045 478 2080 ὅ
493 2045 540 2087 D,
558 2045 601 2081 οὗ
620 2056 722 2082 corr.
740 2046 809 2085 Dw
909 2047 953 2082 18
970 2048 1148 2092 δυςχερῶς
1166 2046 1272 2082 αὐτὸν
1290 2047 1322 2083 Ο
1419 2047 1630 2092 διαπέφευγε
1648 2046 1817 2093 prDi‚

393 2093 623 2140 διαπέφευγεν
647 2092 693 2138 A,
721 2105 758 2130 v.
785 2094 838 2130 ad
863 2093 959 2130 XIII
987 2095 1018 2139 1,
1044 2095 1066 2131 5
1164 2095 1210 2130 20
1234 2096 1307 2140 ὄρει
1335 2121 1439 2131 .....
1466 2095 1565 2135 οὗτος
1591 2095 1622 2130 Ε

323 2238 552 2282 praetoriae
580 2238 753 2274 triremis
780 2239 1116 2275 conscendendae
1139 2242 1179 2275 et
1197 2241 1322 2285 fugae
1340 2239 1571 2274 facultatem
1593 2238 1686 2273 duci
1706 2249 1817 2284 prae-

265 2284 309 2319 16
322 2286 516 2321 buissent.
567 2285 755 2322 Ceterum
788 2286 943 2322 Bardas
968 2286 1135 2331 Phocas,
1175 2287 1402 2322 scholarum
1439 2286 1694 2329 domesticus,
1733 2297 1817 2321 rem

323 2332 438 2368 aliter
463 2334 590 2379 gessit
617 2336 758 2369 contra
793 2334 1008 2370 orientales
1033 2333 1269 2380 Agarenos3
1308 2334 1376 2379 qui
1416 2343 1506 2369 cum
1544 2333 1692 2369 bellum
1731 2338 1819 2368 arte

322 2381 583 2427 imperatoria
601 2382 811 2427 periteque
829 2381 1138 2425 administraret,
1163 2381 1308 2417 multas
1328 2381 1509 2417 hostibus
1527 2381 1648 2416 urbes
1668 2381 1818 2416 ademit

325 2430 364 2463 et
391 2428 514 2463 obvia
540 2438 729 2474 quaeque
756 2429 976 2474 praedatus
1002 2432 1072 2465 cst.

264 2475 309 2510 17
440 2474 494 2510 At
518 2476 627 2522 regis
653 2476 757 2512 filius
782 2476 999 2521 Romanus,
1038 2487 1088 2512 ex
1115 2476 1285 2512 imberbi
1320 2477 1399 2511 iam
1432 2476 1493 2510 vir
1528 2477 1670 2519 factus,
1710 2479 1818 2521 poie-

323 2523 437 2558 statis
463 2523 515 2558 ad
541 2533 584 2559 se
610 2524 832 2560 trahendae
859 2524 1080 2570 cupiditate
1098 2524 1299 2560 adductus
1318 2524 1426 2558 vitae
1445 2524 1580 2569 patris,
1608 2523 1818 2559 adiutante

323 2579 463 2614 uxore,
501 2570 726 2615 insidiatur,
766 2571 1059 2607 medicamento
1091 2572 1295 2618 purganti,
1335 2571 1443 2616 quod
1478 2571 1696 2616 imperator
1723 2570 1817 2606 hau-

265 2617 309 2652 18
323 2619 458 2653 sturus
478 2621 575 2663 erat,
594 2619 729 2654 toxico
749 2619 850 2654 clam
869 2619 1052 2655 admisto.
1103 2618 1182 2656 Sed
1202 2619 1276 2654 hoc
1294 2629 1466 2661 veneno,
1487 2628 1577 2654 cum
1596 2619 1683 2663 regi
1703 2619 1817 2653 offer-

323 2668 445 2709 retur,
484 2666 571 2701 sive
605 2666 798 2702 divinitus
834 2667 921 2702 sive
951 2677 1049 2702 casu
1075 2667 1240 2702 fortuito
1266 2666 1444 2701 maxima
1470 2676 1520 2701 ex
1547 2669 1661 2711 parte
1688 2666 1815 2700 effuso

323 2715 363 2746 et
388 2713 551 2758 exiguo,
587 2714 696 2759 quod
723 2715 991 2760 superfuerat,
1026 2714 1182 2758 hausto,
1209 2713 1415 2749 doloribus
1441 2713 1603 2758 quidem
1629 2716 1668 2748 et
1694 2716 1816 2748 terro-

322 2759 434 2794 ribus
460 2760 730 2806 periculorum
757 2761 866 2797 haud
893 2762 1030 2807 parvis
1055 2772 1128 2797 rex
1155 2764 1215 2797 est
1241 2761 1504 2804 conflictatus,
1542 2761 1651 2795 vitae
1681 2763 1815 2795 tamen

266 2806 309 2840 19
326 2806 549 2851 discrimen,
581 2818 826 2853 quamquam
855 2819 990 2854 aegre,
1025 2809 1164 2845 evasit.
1214 2807 1332 2843 Anno
1360 2810 1495 2843 autem
1521 2808 1638 2853 regni
1664 2807 1747 2842 XV.
1773 2808 1814 2842 in

325 2853 480 2900 Olympi
506 2859 682 2890 montem
709 2856 772 2890 hic
798 2867 870 2891 rex
897 2867 1086 2902 egressus
1112 2859 1182 2900 est,
1221 2866 1292 2902 per
1322 2856 1496 2901 speciem
1522 2855 1710 2901 precibus
1735 2865 1815 2891 mo-

324 2901 543 2937 nachorum
573 2908 714 2938 contra
733 2902 947 2949 Agarenos
972 2914 1060 2940 sese
1086 2903 1281 2948 armandi,
1307 2913 1399 2939 cum
1424 2913 1569 2939 revera
1594 2902 1635 2937 id
1661 2905 1814 2948 ageret,

2014 203 2039 347 „22;*(·{ss.‘fl.'¹'
2027 176 2029 178 ·
2027 146 2030 148 ¹
