2054 3282
330 229 401 265 572
679 228 861 266 ZONAR.
887 227 1017 264 EPIT.
1043 227 1153 263 XVII
1185 227 1237 272 10,
1265 226 1415 273 15—11,
1442 227 1474 263 1.

330 349 401 391 καὶ
437 354 562 391 ταῦτα
602 351 769 404 αὐχμοῦ
809 350 1045 404 συμβάντος
1075 349 1231 390 πολλοῦ
1265 350 1331 403 ἐφ’
1365 350 1453 404 ὅλῳ
1484 354 1546 404 τῷ
1575 349 1719 404 χρόνῳ
1749 354 1822 405 τῆς

273 422 317 456 16
330 419 536 472 βασιλείας
568 419 714 459 αὐτοῦ·
748 418 851 458 ὅθεν
883 418 922 458 οἱ
951 418 1122 471 πένητες
1154 418 1430 472 ἓξετρίβησαν.
1494 418 1639 459 στόλον
1671 417 1715 459 δὲ
1736 421 1821 459 τῶν

324 486 569 540 Ἀγαρηνῶν
606 485 711 526 κατὰ
750 489 835 526 τῶν
871 486 1110 539 λεγομένων
1141 485 1382 527 Κυκλάδων
1418 486 1560 540 νήσων
1597 486 1820 527 ἐκπεπλευ-

330 554 432 594 κότα
465 554 488 594 ὁ
520 558 592 608 τῆς
613 553 766 606 Σάμου
793 553 1020 607 στρατηγὸς
1051 555 1376 608 κατηγωνίσατο,
1411 554 1580 596 δώδεκα
1610 554 1688 608 μὲν
1718 558 1822 609 νῆας

330 622 591 674 αὐτάνδρους
623 621 742 668 ἑλών,
774 621 846 667 τὰς
879 621 923 662 δὲ
954 621 1100 668 λοιποὶς
1132 622 1416 677 σκεδασθῆναι
1446 623 1699 677 πεποιηκώς.
1834 625 1856 661 5

272 696 315 730 17
440 689 551 743 ’Ήδη
587 686 623 730 δ’
657 690 713 734 εἷς
745 694 877 743 γῆρας
909 690 1058 736 ἐλάσας
1090 690 1114 731 ὁ
1146 690 1421 744 αὐτοκράτωρ
1453 690 1569 745 βαθὺ
1600 690 1752 745 καὶτῷ
1773 691 1820 732 ἐκ

111 762 233 799 WIII
249 764 316 798 183
330 757 478 798 τούτου
520 761 739 811 μαρασμῷ
782 757 853 798 καὶ
895 757 1020 799 νόσον
1058 757 1145 799 τινὰ
1186 763 1532 800 συνεισπεσοῦσαν
1567 764 1629 813 τῷ
1660 759 1822 813 σώματι

272 832 316 866 18
330 825 522 879 ἐσχηκὼς
565 825 659 878 περὶ
702 829 774 866 τοῦ
816 826 1113 880 διαδεξομένου
1152 826 1198 868 τὸ
1239 828 1393 879 κράτος
1424 828 1650 869 ἐσκέπτετο.
1712 828 1820 882 ἔγνω

328 894 464 934 τοίνυν
495 892 566 934 τὸν
596 893 812 947 πατρίκιον
837 894 1149 936 Κωνσταντῒνον
1170 894 1241 936 τὸν
1262 894 1533 950 Δαλασσηνὸν
1555 895 1620 937 ἐπὶ
1640 900 1716 950 μιᾷ
1736 898 1821 937 τῶν

328 962 578 1015 θυγατέρων
609 962 814 1016 κηδεστὴν
856 963 1114 1016 ποιήσασθαι
1151 963 1222 1004 καὶ
1259 968 1331 1018 τῆς
1367 963 1574 1018 βασιλείας
1611 964 1820 1018 διάδοχον,
1834 966 1881 1003 10

328 1030 400 1071 καὶ
431 1030 580 1071 στέλλει
610 1030 681 1072 τὸν
714 1030 841 1071 αὐτὸν
872 1032 1036 1079 ἄξοντα,
1081 1032 1124 1073 ἒν
1155 1037 1216 1086 τῷ
1246 1036 1330 1074 τῶν
1355 1032 1642 1086 Ἀρμενιακῶν
1672 1033 1822 1086 θέματι

211 1104 242 1139 Β
272 1105 314 1140 19
329 1098 402 1153 τὴν
432 1099 647 1140 κατοικίαν
677 1099 950 1153 ποιούμενον·
985 1099 1087 1140 ἀλλὰ
1117 1101 1251 1154 μήπω
1282 1104 1356 1142 τοῦ
1379 1100 1534 1155 ἀνδρὸς
1556 1100 1714 1142 ἐκείνου
1737 1101 1819 1155 ἀφ-

329 1168 528 1222 ικομένου
561 1169 703 1222 ἑτέρας
735 1168 882 1222 γίνεται
914 1169 1087 1223 γνώμης
1118 1170 1142 1210 ὁ
1178 1169 1489 1216 Κωνσταντῒνος
1519 1170 1593 1211 καί
1619 1186 1705 1212 τινα
1736 1173 1822 1212 τῶν

329 1237 373 1277 ἒν
403 1236 504 1277 τέλει
535 1237 669 1290 ἄνδρα
701 1237 914 1291 εὖγενέτην
944 1253 985 1278 τε
1016 1237 1064 1278 τὰ
1097 1238 1142 1286 ἐξ
1177 1239 1351 1292 αἳματος
1387 1239 1457 1280 καὶ
1495 1239 1728 1293 ἀνηγμένον
1765 1240 1821 1285 εἷς

328 1304 402 1358 τὴν
445 1309 517 1346 τοῦ
562 1306 749 1360 ἐπάρχου
794 1306 929 1360 ἀρχὴν
973 1307 1077 1360 αἴρει
1112 1306 1221 1360 πρὸς
1256 1306 1330 1361 τὴν
1369 1307 1569 1362 διαδοχὴν
1607 1307 1677 1349 καὶ
1712 1306 1821 1361 πρὸς
1836 1312 1880 1347 15

269 1379 315 1413 20
329 1374 461 1428 κῆδος
491 1377 576 1415 τῶν
607 1374 856 1428 θυγατέρων
891 1378 1000 1428 μιᾶς.
1063 1373 1148 1416 ἀλλ’
1183 1375 1266 1429 εἶχέ
1295 1392 1329 1416 τι
1359 1375 1467 1430 πρὸς
1498 1377 1668 1430 ἔκβασιν
1698 1378 1724 1431 ἡ
1757 1378 1819 1418 αἴ-

330 1458 439 1495 ρεσις
469 1442 716 1496 πρόσαντες·
751 1443 912 1497 γυναικὶ
941 1443 1020 1497 γὰρ
1043 1444 1067 1485 ὁ
1088 1443 1281 1498 λαμπρὸς
1302 1445 1458 1491 ἐκεῖνος
1480 1444 1672 1500 συνεβίου
1695 1445 1820 1500 ἀνήρ·

269 1515 312 1550 21
331 1510 380 1565 ἦν
413 1510 450 1551 δ’
484 1509 607 1557 οὗτος
638 1512 662 1553 ὁ
693 1511 799 1553 κατὰ
835 1511 931 1558 τοὺς
957 1512 1187 1566 Ἀργυροὺς
1213 1512 1440 1567 Ῥωμανός.
1502 1513 1540 1553 τί
1574 1516 1676 1567 γοῦν
1713 1512 1821 1567 πρὸς

327 1652 350 1686 8
374 1651 453 1697 περὶ
479 1657 539 1688 τοῦ
565 1652 795 1697 Δαλασσηνοῦ
821 1652 855 1687 A
1029 1653 1074 1688 12
1099 1655 1195 1692 ὅπως
1220 1653 1278 1688 τὸν
1299 1653 1566 1699 Ἀργυρόπωλον
1591 1633 1752 1700 (εἰργυροπ
1752 1619 1819 1699 λΟ)

323 1700 507 1744 εΡωμανὸν
538 1700 695 1746 γαμβρὸν
727 1701 776 1739 εἰς
808 1700 870 1746 τὴν
902 1701 1078 1745 θυγατέρα
1110 1702 1130 1736 ὁ
1157 1701 1320 1747 βασιλεὺς
1353 1702 1547 1747 ἐποιήσατο,
1586 1702 1648 1747 τὴν
1683 1702 1819 1737 ἐκείνου

327 1747 478 1792 σύμβιον
504 1748 726 1793 ἄποκαρῆναι
750 1762 900 1794 ποιησας
934 1748 1203 1794 (τὴν-ποιήσας
1232 1760 1305 1784 om.
1334 1749 1390 1793 E),
1429 1764 1489 1784 και
1514 1751 1676 1795 Καισαρα
1701 1755 1821 1786 τοῦτον

328 1798 417 1837 (0111.
445 1795 491 1839 E)
518 1796 634 1830 ἀνεῖπε
662 1795 724 1832 ΟΕ
749 1810 809 1831 και
835 1797 1000 1841 διάδοχον
1026 1802 1085 1842 τῆς
1110 1797 1284 1842 βασιλειας
1310 1797 1492 1832 κατέλιπεν
1520 1797 1548 1833 C

397 1914 419 1949 2
437 1915 571 1950 στόλων
584 1915 615 1950 Ε
713 1915 735 1950 3
752 1915 1043 1950 ἐκπεπλευκότων
1057 1916 1087 1950 Ε
1172 1915 1195 1950 4
1212 1930 1334 1961 κατηγ.
1350 1916 1535 1961 στρατηγὸς
1551 1916 1581 1952 O
1662 1917 1684 1951 6
1705 1916 1766 1961 εἷς]
1785 1918 1820 1955 ἐς

397 1961 554 2008 EwpDi
662 1963 685 1998 8
710 1964 961 2007 διαδεξαμένου
988 1963 1018 1997 Β
1134 1963 1178 1998 10
1201 1964 1318 2009 ποιήσ.
1345 1963 1519 2010 κηδεστὴν
1546 1964 1577 2000 Ο
1680 1964 1723 1998 11
1750 1969 1820 1999 τῶν

398 2021 472 2045 om.
488 2010 524 2044 D
625 2010 668 2045 13
693 2010 856 2056 βασιλεὺς
875 2011 905 2046 O
1005 2010 1050 2045 14
1075 2011 1219 2056 εὗγενὴν
1238 2012 1279 2055 Ε,
1305 2011 1426 2057 εὐγενῆ
1444 2022 1505 2057 wp
1606 2011 1649 2047 15
1674 2012 1819 2056 αἱρεῖται

397 2057 496 2103 pr
596 2058 641 2093 16
666 2058 721 2093 ἐπὶ
743 2063 809 2103 μιᾶ
833 2058 864 2094 O
963 2059 1006 2094 17
1034 2060 1184 2105 συνεβίω
1213 2059 1308 2105 Ewp

325 2176 411 2222 ipse
432 2177 662 2232 imperavit,
689 2178 841 2213 tributa
866 2177 1232 2213 immisericorditer
1250 2179 1399 2224 exegit,
1427 2178 1611 2223 quamvis
1630 2181 1713 2213 toto
1733 2179 1819 2213 eius

325 2225 442 2270 regni
468 2229 648 2270 tempore
675 2235 876 2271 pauperes
904 2236 955 2260 cx
981 2235 1132 2271 magna
1158 2226 1336 2261 siccitate
1362 2226 1499 2271 inopia
1529 2229 1817 2270 piwemeientur

267 2270 311 2305 16
326 2271 500 2307 Classem
538 2271 821 2318 Agarenorum
860 2276 1002 2307 contra
1039 2272 1236 2318 Cycladas
1274 2273 1435 2317 insulas,
1477 2283 1582 2318 quae
1619 2273 1819 2314 dicuntur,

325 2320 486 2354 missam
504 2318 612 2356 Sami
632 2320 715 2355 dux
735 2321 894 2364 devicit,
922 2320 1134 2356 duodecim
1153 2321 1327 2355 navibus
1345 2331 1428 2356 una
1454 2331 1544 2355 cum
1564 2321 1659 2355 viris
1679 2321 1817 2366 captis,

324 2366 489 2412 reliquis
516 2367 729 2413 dissipatis.

266 2413 310 2448 17
443 2414 668 2460 Imperator
705 2419 840 2451 autem
875 2416 954 2450 iam
989 2426 1090 2461 prrox
1094 2419 1208 2451 ectae
1241 2416 1384 2450 aetatis
1414 2419 1574 2460 pr·aete1
1600 2415 1818 2450 senectutis

325 2462 457 2497 tabem
486 2463 563 2498 alio
591 2473 753 2508 quoque
779 2463 919 2498 morbo
947 2463 1116 2499 affectus
1144 2463 1192 2498 de
1216 2473 1448 2498 successore
1466 2463 1582 2507 regni
1602 2462 1816 2507 deligendo

267 2507 310 2542 18
326 2509 565 2554 deliber‚ans
608 2511 648 2545 in
693 2511 826 2546 animo
869 2511 1045 2546 habebat
1082 2511 1295 2556 patiicium
1334 2510 1640 2546 Constantinum
1680 2509 1818 2545 Dalas-

325 2567 477 2600 senum,
517 2558 718 2603 desponsa
755 2558 846 2601 filia,
884 2561 923 2593 et
954 2568 1150 2604 generum
1185 2559 1382 2593 asciscere
1419 2561 1458 2593 et
1490 2568 1626 2601 regem
1661 2567 1816 2601 creareg

324 2604 442 2639 mittit
468 2605 603 2650 igitur,
632 2606 700 2650 qui
720 2616 811 2640 eum
830 2615 882 2641 ex
900 2604 1143 2640 Armeniaca
1162 2606 1381 2651 provincia,
1408 2605 1477 2639 ubi
1505 2606 1628 2639 vitam
1655 2606 1815 2650 agebat,

266 2649 310 2685 19
325 2656 558 2687 arcesseret
609 2651 688 2688 Sed
715 2656 808 2687 ante
835 2653 921 2688 eius
953 2653 1172 2688 adventum
1200 2652 1485 2688 Constantinus
1510 2653 1708 2687 sententia
1734 2662 1817 2687 mu-

326 2702 410 2733 tata
451 2699 651 2744 quendam
691 2701 820 2734 virum
855 2701 1090 2745 primarium
1121 2700 1327 2745 nobilique
1358 2710 1509 2745 genere
1543 2703 1673 2734 ortum
1700 2703 1738 2735 et
1764 2699 1816 2734 ad

325 2747 519 2791 plaefccti
547 2747 785 2792 dignitatem
812 2752 997 2783 evectum
1025 2750 1105 2782 tam
1132 2758 1415 2790 successorem,
1455 2757 1586 2802 quam·
1606 2747 1711 2781 filiae
1737 2757 1816 2781 ma·

265 2792 312 2826 20
325 2794 446 2828 11111111
485 2794 609 2840 eligit.
660 2794 739 2830 Sed
775 2805 865 2830 cum
899 2805 964 2830 res
999 2795 1270 2830 difficultatem
1306 2795 1481 2837 haberet,
1521 2795 1615 2839 quia
1653 2795 1816 2828 illustris

265 2839 309 2873 21
325 2840 390 2874 ille
409 2841 470 2875 vir
488 2841 694 2876 Romanus
714 2841 900 2887 Argyrus
918 2853 1085 2877 uxorem
1106 2842 1292 2886 habebat,
1319 2842 1415 2887 quid
1441 2842 1694 2876 machinatur
1717 2841 1816 2876 rex?

325 2887 430 2922 Iram
456 2890 738 2934 glavissimam
766 2893 804 2925 et
830 2891 1089 2936 piaecipitem
1117 2892 1257 2925 contra
1284 2889 1482 2924 hominem
1509 2889 1669 2924 simulat
1694 2892 1734 2924 et
1758 2899 1817 2924 sa-
