2054 3282
483 262 831 303 PERSTHLABA
856 261 1040 302 CAPTA.
1089 259 1453 301 DOROSTOLVM.
1648 260 1720 299 529

222 386 362 441 πάσης
396 391 470 442 τῆς
508 390 698 442 στρατιᾶς
739 386 951 441 ἐλθόντος,
994 385 1355 440 ἐρρωμενέστερον
1385 384 1410 426 ὁ
1440 382 1633 439 βασιλεὺς
1669 387 1720 439 τῇ

223 455 444 510 πολιορκίᾳ
481 456 782 510 ἐπικεχείρηκε·
827 455 902 497 καί
936 470 1039 501 τινες
1072 453 1139 496 aad
1170 453 1391 507 κλιμάκων
1422 453 1480 499 εἰς
1510 451 1558 494 τὸ
1587 456 1721 506 τεῖχος
1733 455 1779 491 27

224 523 511 578 ἀναβεβήκασι
541 523 613 565 καὶ
642 523 740 570 τοὺς
770 524 859 566 ἐκεῖ
884 527 970 565 τῶν
997 522 1233 578 βαρβάρων
1252 521 1600 576 καταληφθέντας
1621 536 1719 575 συγ-

224 591 434 645 κόψαντες
472 592 605 646 ξίφεσι
641 591 714 638 τάς
743 591 878 638 πύλας
909 592 1100 646 ἠνέῳξαν
1130 589 1201 632 καὶ
1231 594 1280 645 τῇ
1307 588 1524 644 Ῥωμαϊκῇ
1555 593 1722 643 στρατιᾷ

187 660 338 714 ὀπάσῃ
371 660 523 714 ῥᾳδίαν
551 661 766 715 παρέσχον
800 659 875 714 τὴν
913 660 1087 701 εἴσοδον.
1148 658 1220 700 καὶ
1263 659 1400 704 οὕτως
1440 658 1520 712 μὲν
1561 657 1608 699 τὸ
1650 662 1723 712 τῆς
1735 661 1782 696 28

20 723 82 776 ij
101 727 513 783 Ν98Περσθλάβας
555 729 656 770 ἄστυ
691 728 913 782 Ῥωμαίοις
955 728 1128 782 κατέστη
1173 726 1402 781 ἁλώσιμον,
1446 726 1552 768 ἔνθα
1590 726 1662 768 καὶ
1697 725 1723 768 ὁ

20 794 27 823 ,1
225 800 311 839 τῶν
332 796 597 851 Βουλγάρων
621 797 813 852 βασιλεὺς
835 797 858 838 ὁ
880 796 1066 851 Βορίσης
1096 796 1227 838 ἑάλω·
1260 794 1299 850 ᾧ
1330 795 1402 838 καὶ
1431 799 1532 837 πᾶσι
1563 795 1609 837 δὲ
1638 798 1782 842 tols-29

226 865 490 919 Βουλγάροις
520 866 712 911 ἐπιεικῶς
743 865 768 906 ὁ
799 865 1076 919 αὐτοκράτωρ
1108 865 1328 919 ἐχρήσατο,
1369 865 1540 910 ἀνέτους
1571 863 1724 910 αὐτοὺς

226 934 373 988 ἀφιείς,
407 934 458 975 οὐ
490 933 596 975 κατὰ
629 934 893 987 Βουλγάρων
924 933 1059 987 λέγων
1089 933 1275 987 ἄρασθαι
1307 933 1428 980 ὅπλα,
1461 931 1568 974 κατὰ
1601 932 1649 974 δέ
1679 947 1724 986 γε

166 1009 213 1044 10
224 1005 310 1043 τῶν
326 1002 445 1049 Ῥῶς.
488 1002 658 1044 πολλῶν
680 1002 725 1043 δὲ
746 1002 939 1043 Σκυθῶν
961 1002 1018 1048 εἷς
1039 1001 1248 1056 ὄχύρωμά
1270 1017 1305 1042 τι
1324 1000 1723 1055 προσπεφευγότων,
1737 1005 1785 1041 30

225 1070 374 1118 ἐξελεῖν
412 1070 484 1111 καὶ
517 1074 638 1112 τοῦτο
670 1070 694 1111 ὁ
725 1070 916 1123 βασιλεὺς
947 1070 1173 1112 ἐκέλευσεν.
1236 1070 1276 1110 οἱ
1308 1069 1353 1111 δὲ
1382 1073 1625 1123 στρατιῶται
1657 1068 1723 1111 διὰ
1737 1073 1782 1109 31
1810 1072 1841 1108 Β

224 1138 272 1180 τὸ
302 1142 376 1180 τοῦ
407 1139 539 1180 τόπου
572 1139 814 1180 δυσάλωτον
842 1138 949 1193 ἦσαν
970 1138 1227 1192 ἀπρόθυμοι.
1289 1138 1313 1179 ὃ
1335 1137 1460 1191 γνοὺς
1480 1137 1505 1179 ὁ
1524 1136 1725 1192 Ἰωάννης
1737 1141 1784 1177 32

226 1206 353 1253 αὐτὸς
382 1206 467 1261 πρὸ
498 1210 583 1248 τῶν
613 1206 754 1248 ἄλλων
784 1207 911 1256 πεζὸς
942 1207 1065 1262 ἀπῄει
1094 1206 1204 1261 πρὸς
1230 1205 1277 1247 τὸ
1299 1205 1522 1260 ὀχύρωμα,
1553 1205 1723 1247 κάντεῦ-

226 1275 304 1317 θεν
334 1275 423 1317 ἒκεῒ
448 1276 650 1317 συνέθεον
680 1276 874 1322 ἅπαντες’
906 1275 978 1316 καὶ
1008 1274 1099 1330 ἥλω
1130 1274 1339 1316 κάκείνων
1370 1275 1535 1330 σπουδῇ
1556 1273 1603 1316 τὸ
1624 1274 1724 1328 ὀχύ-

167 1351 212 1388 15
226 1358 354 1399 ρωμα
386 1343 457 1385 καὶ
484 1347 569 1385 τῶν
590 1344 634 1385 ἐν
655 1344 771 1397 αὐτῷ
793 1344 834 1385 οἱ
852 1343 931 1397 μὲν
954 1343 1259 1398 διεφθάρησαν,
1291 1343 1390 1384 ἔνιοι
1413 1342 1459 1384 δὲ
1478 1342 1550 1384 καὶ
1573 1342 1726 1384 ἁλωτοὶ

221 1411 445 1467 Ῥωμαίοις
472 1412 675 1466 ἐγένοντο.
737 1412 873 1466 τούτῳ
903 1411 982 1466 μὲν
1013 1410 1089 1453 οὖν
1119 1416 1180 1466 τῷ
1211 1411 1320 1452 ἄστει
1351 1410 1547 1466 φρουρὰν
1578 1411 1785 1465 ἐγκατ-33

227 1560 292 1643 16).
301 1560 487 1645 πολιοριέία
520 1564 581 1596 τοῦ
605 1560 826 1604 Δοροστόλου
857 1560 932 1606 ἤτοι
959 1564 1019 1605 τῆς
1044 1561 1215 1604 Δρίστρας
1243 1558 1305 1596 CE
1331 1559 1390 1594 καὶ
1416 1559 1513 1598 ὅπως
1539 1559 1676 1604 γέγονεν
1700 1558 1723 1605 ἡ

225 1622 273 1643 πο
293 1622 411 1654 ιορκια

301 1746 320 1782 1
347 1745 509 1785 ἐλθόντος
534 1750 630 1782 ante
654 1750 713 1791 τῆς
740 1745 772 1781 Ο
902 1745 1204 1791 ἐρρωμενέστερος
1232 1743 1261 1779 Ε
1391 1744 1425 1780 2.
1451 1743 1475 1779 3
1500 1748 1561 1780 τοῦ
1587 1743 1722 1789 τείχους

299 1793 530 1840 ἕπιβεβὴκασι
557 1793 589 1829 Ο
685 1794 709 1829 3
733 1794 1029 1839 καταλειφθέντας
1054 1791 1122 1828 CD
1219 1791 1242 1826 4
1266 1791 1424 1834 ἀνέωξαν
1450 1791 1482 1827 O
1580 1791 1603 1827 5
1626 1792 1722 1837 πάσῃ

302 1852 378 1877 om.
404 1841 437 1877 O
534 1842 627 1876 οὕτω
654 1839 912 1888 BSDEwpDi,
939 1851 976 1876 v.
995 1840 1045 1876 ad
1065 1840 1161 1876 XIII
1179 1841 1212 1884 6,
1235 1840 1277 1875 16
1375 1840 1396 1875 7
1421 1839 1513 1884 ἑάλῳ
1541 1838 1588 1885 p*
1685 1838 1724 1873 δὲ

303 1899 378 1924 om.
403 1888 501 1935 pr
622 1889 655 1925 7.
681 1889 704 1924 8
727 1893 811 1924 πᾶσι
838 1894 927 1935 post
952 1889 1070 1934 βουλγ.
1098 1887 1128 1922 Β
1249 1887 1272 1922 9
1299 1887 1402 1932 ἀφεὶς
1428 1886 1464 1921 D
1583 1887 1628 1922 10
1651 1885 1724 1932 ῥὼς

302 1934 425 1982 wpDi
450 1937 587 1972 invitis
610 1936 682 1972 AR
793 1937 848 1982 ὀχ.
874 1935 918 1982 τι]
945 1936 1148 1981 ὀχυρώματι
1176 1934 1212 1970 D
1308 1935 1650 1980 προσπεφευγόντων
1676 1934 1723 1980 p*

305 1986 345 2019 11
372 1984 532 2019 ἐκέλευεν
549 1983 580 2019 Β
678 1984 724 2020 12
748 1989 809 2019 τοῦ
833 1995 908 2020 om.
927 1983 1007 2027 CD,
1033 1983 1125 2018 add.
1145 1982 1205 2020 Cw
1316 1982 1360 2017 13
1384 1980 1465 2027 πρὸ]
1482 1982 1570 2027 πρὸς
1588 1982 1630 2026 E,
1654 1981 1724 2026 πρὸ

304 2042 355 2067 ex
380 2031 469 2077 πρὸς
494 2042 595 2068 corr.
622 2031 690 2070 Dw
821 2032 875 2067 13.
897 2032 941 2067 14
965 2031 1157 2067 κάντεῦθεν
1182 2030 1259 2066 ἐκεῖ
1280 2030 1448 2065 συνέθεον
1472 2031 1637 2068 ἅπαντες·
1663 2029 1724 2064 καὶ

302 2079 379 2125 ἥλω
404 2079 559 2115 κάκείνω
586 2081 703 2124 (corr.
722 2078 792 2124 Dt')
819 2080 956 2125 σπουδῇ
981 2078 1018 2114 τὸ
1043 2079 1215 2124 ὀχύρωμα
1242 2077 1287 2122 Α,
1314 2077 1373 2112 καί
1398 2078 1492 2112 οὕτω
1518 2077 1724 2115 καταιδέσας

303 2126 383 2166 τοὺς
417 2127 628 2173 στρατιώτας
657 2128 757 2173 ἔσχεν
786 2128 976 2172 ἑπομένους
1007 2126 1104 2170 αὐτῷ
1135 2126 1195 2161 καὶ
1221 2126 1297 2171 ἥλω
1323 2124 1361 2160 τὸ
1386 2125 1558 2170 φρούριον
1583 2123 1724 2170 Bpr,

304 2185 380 2211 om.
407 2173 476 2210 DE
502 2176 553 2217 (v.
582 2176 724 2221 praef.)

234 2318 358 2364 portis
384 2322 478 2353 sunt
504 2318 667 2354 obsessi.
717 2317 916 2354 Postridie
939 2327 1028 2353 cum
1049 2316 1230 2358 Basilius,
1257 2316 1431 2351 cubiculi
1459 2315 1725 2361 praepositus,
1739 2314 1785 2350 96

233 2376 323 2401 eum
353 2370 436 2401 toto
463 2367 645 2401 exercitu
670 2366 912 2409 advenisset,
948 2376 1046 2410 rege
1073 2364 1418 2410 oppugnationem
1450 2363 1726 2398 vehementius

233 2419 418 2459 urgente,
445 2414 607 2459 quidam
622 2413 739 2449 scalis
754 2423 922 2448 ascenso
941 2422 1055 2447 muro
1072 2412 1268 2447 barbaros
1286 2411 1440 2455 aliquot
1454 2410 1726 2456 deprehensos
1739 2409 1785 2446 27

234 2461 289 2496 ibi
322 2461 556 2497 ceciderunt
583 2462 815 2507 apertisque
842 2461 966 2506 portis
997 2461 1068 2495 toti
1103 2459 1375 2494 Romanorum
1411 2458 1606 2493 exercitui
1633 2458 1727 2493 faei-

234 2508 309 2544 lum
336 2510 562 2554 ingressum
595 2511 884 2554 patefecerunt.
934 2507 1171 2542 l’ersthlaba
1197 2507 1254 2541 sic
1280 2509 1528 2551 expugnata,
1567 2504 1726 2540 Borises
1739 2504 1786 2540 28

234 2566 409 2601 quoque,
432 2555 700 2600 Bulgzn·0rum
717 2566 801 2598 rex,
828 2560 970 2601 captus
989 2560 1059 2598 est,
1089 2564 1207 2600 quem
1226 2563 1315 2588 cum
1336 2553 1522 2588 omnibus
1540 2552 1786 2598 Bulgaris29

235 2605 452 2648 imperator
471 2603 698 2639 humaniter
716 2609 930 2639 tractatum
951 2602 1115 2645 (Ιίιιιίκίῑς
1153 2601 1313 2636 dicebat
1340 2602 1446 2635 enixu
1470 2611 1513 2635 se
1538 2610 1619 2635 non
1639 2599 1727 2635 Bul-

234 2652 345 2696 gnris
374 2652 554 2687 intulisse
582 2651 739 2695 benum,
765 2651 836 2687 sed
864 2650 1012 2685 nussia.
1062 2650 1160 2684 Cum
1187 2652 1324 2683 autem
1350 2648 1463 2683 multi
1482 2646 1656 2692 Scythae
1686 2647 1788 2683 in30

236 2698 496 2734 munitionem
523 2698 725 2744 quandam
754 2699 1043 2742 confugissent,
1083 2707 1152 2731 rex
1181 2706 1269 2731 mun
1301 2705 1464 2740 quoque
1497 2696 1726 2740 expugnari

237 2746 360 2781 iussit.
411 2748 513 2788 Quia
541 2756 637 2782 vero
665 2746 837 2782 loannes
863 2746 1006 2780 milites
1031 2745 1083 2778 ab
1103 2744 1407 2789 oppugnatione.
1427 2743 1479 2777 ob
1506 2743 1623 2778 situm
1651 2742 1785 2778 loci3l

236 2793 382 2828 difficiii
410 2794 628 2829 abhorrere
656 2794 831 2836 videbat,
859 2794 943 2838 ipse.
972 2793 1122 2837 primus
1140 2791 1346 2826 castellum
1373 2789 1542 2835 pedibus
1561 2789 1728 2825 adortuu
1741 2790 1788 2825 32

237 2841 381 2882 effecit,
419 2846 463 2876 ut
495 2842 639 2876 milites
673 2841 778 2876 hunc
805 2842 843 2875 in
880 2841 1008 2874 {ocum
1046 2842 1336 2874 concursurum
1374 2843 1413 2872 ct
1449 2842 1559 2872 tanto
1594 2837 1727 2873 studio

253 2893 480 2934 »ug-natent,
505 2894 550 2924 ιιι
575 2889 780 2924 castellum
808 2892 1033 2933 caperetur,
1059 2886 1146 2921 aliis
1165 2887 1302 2928 caesis,
1329 2885 1416 2920 aliis
1440 2885 1579 2930 captis.
1631 2884 1788 2921 Urbi33

271 2935 498 2972 ersthlabae
523 2936 659 2972 valido
686 2935 888 2983 praesidio
915 2935 1111 2981 imposito,
1149 2933 1415 2977 Dorostonuu,
1447 2942 1552 2978 quam
1578 2936 1618 2969 et
1643 2932 1729 2968 Dri-

310 3006 466 3037 Zonarae
487 3006 636 3044 Epitome
657 3006 715 3036 111.
1482 2992 1528 3029 34
