1968 3302
332 211 377 254 18
714 207 895 253 zoNAR.
924 210 1054 252 ΕΡΙΤ.
1082 214 1178 251 xm
1203 214 1236 259 3,
1263 204 1391 259 23-4,
1417 206 1449 250 ρ’.

329 339 422 382 ναοὶ
463 339 508 381 δὲ
549 340 592 381 ἓν
632 339 746 394 αὐτῇ,
773 336 872 392 παρ’
915 338 1043 379 αὐτοῦ
1082 336 1410 391 καθιδρύθησαν
1446 335 1517 377 καὶ
1552 335 1684 378 πολλὰ
1723 334 1832 391 πρὸς

269 412 316 447 24
329 408 492 461 κόσμον
523 408 674 461 ταύτης
700 407 927 460 γεγόνασιν,
962 406 1027 447 ἐπὶ
1058 408 1157 446 πᾶσι
1190 405 1235 446 δὲ
1266 405 1337 446 καὶ
1358 405 1382 446 ὁ
1404 405 1658 459 κυκλοτερὴς
1679 406 1785 447 κίων
1806 406 1831 447 ὁ

328 480 592 530 πορφυροῦς,
617 477 666 516 ὃν
683 476 729 517 ἔκ
747 475 926 529 Ῥώμης,
950 475 1012 520 ὡς
1027 474 1164 527 λόγος,
1188 473 1441 527 κομισθέντα
1459 473 1564 514 κατὰ
1582 473 1655 527 τὴν
1672 473 1832 527 ἀγορὰν

328 546 508 599 ἔστησεν,
541 546 566 598 ἣ
590 544 870 597 κατέστρωται
891 543 1064 587 λιθίναις
1094 542 1254 595 πλαξίν,
1278 539 1352 596 ἀφ’
1377 540 1440 583 ὧν
1461 540 1701 582 ῙΙλακωτὸν
1720 557 1829 596 παρ-

329 613 586 667 ωνόμασται·
637 611 708 653 καὶ
740 608 802 652 ἐπ’
837 611 966 652 aino&
998 611 1177 664 χάλκεον
1209 610 1419 664 ἒνίδρυσεν
1451 610 1631 663 ἄγαλμα,
1679 610 1866 664 θαῦμαὸ

268 687 314 723 25
329 681 493 722 ἰδέσθαι
526 680 592 722 διά
624 696 665 721 τε
696 679 770 733 τὴν
800 681 947 733 τέχνην
986 679 1051 720 διά
1083 695 1124 720 τε
1155 679 1201 720 τὸ
1233 679 1426 732 μέγεθος.
1487 678 1534 719 τὸ
1554 678 1633 732 μὲν
1655 678 1734 733 γὰρ
1754 695 1827 720 πε-

327 749 483 803 λώριον
527 748 591 803 ἦν,
641 749 666 802 ἡ
713 748 758 789 δὲ
805 748 1020 801 ἀκρίβειαν
1067 747 1228 788 ἐδείκνυ
1272 746 1410 801 χειρὸς
1453 747 1630 801 ἀρχαίας
1672 751 1828 802 μικροῦ

326 817 585 871 πλαττούσης
614 816 685 857 καὶ
707 817 887 870 ἔμπνοα·
921 815 1076 869 λέγεται
1109 816 1154 857 δὲ
1185 820 1257 857 τοῦ
1275 815 1540 862 ’Λπόλλωνος
1571 814 1671 857 εἶναι
1702 816 1827 871 στήλη

143 893 174 929 Ρ
191 885 373 929 ΙΙ8Ατό
411 885 578 939 ἄγαλμα
615 884 686 925 καὶ
723 884 1021 938 ,μετενεχθῆναι
1059 884 1143 926 ἀπὸ
1180 889 1252 939 τῆς
1293 885 1336 926 ἓν
1376 889 1425 939 τῇ
1463 884 1627 938 Φρυγίᾳ
1663 884 1829 931 πόλεως

268 962 313 997 26
326 957 399 995 τοῦ
434 953 569 994 Ἰλίου.
646 953 670 993 ὁ
709 953 753 994 δὲ
797 953 1011 999 θειότατος
1055 954 1331 1007 αὐτοκράτωρ
1377 954 1533 999 ἐκεῖνος
1576 954 1632 998 εἷς
1675 954 1828 995 οἰκεῖον
1842 960 1890 996 10

327 1022 463 1075 ὄνομα
501 1021 547 1063 τὸ
587 1021 755 1075 ἄγαλμα
794 1022 949 1075 ἔστησε,
988 1026 1037 1076 τῇ
1074 1022 1238 1076 κεφαλῇ
1276 1023 1424 1063 τούτου
1456 1021 1567 1067 τινὰς
1597 1025 1682 1063 τῶν
1712 1022 1878 1076 ἥλωνῙ)
1897 1026 1956 1061 ΙΙΙ

327 1090 682 1144 ἕναρμοσάμενος,
722 1091 765 1131 oi·
796 1089 843 1130 τὸ
878 1094 1003 1144 σῶμα
1035 1095 1109 1132 τοῦ
1141 1091 1290 1144 κυρίου
1322 1091 1737 1145 προσεπαττάλευσαν
1766 1095 1829 1145 τῷ

327 1159 525 1213 σωτηρίῳ
557 1164 744 1213 σταυρῷ·
778 1160 802 1200 ὃ
834 1159 905 1200 καὶ
935 1160 1082 1213 μέχρις
1113 1160 1238 1213 ἡμῶν
1269 1160 1484 1214 διήρκεσεν
1506 1159 1571 1200 ἐπὶ
1591 1163 1665 1201 τοῦ
1686 1159 1828 1206 κίονος

267 1237 312 1272 27
326 1227 510 1282 ἕστηκός.
579 1228 776 1269 πέπτωκε
822 1228 867 1269 δὲ
910 1228 1201 1282 βασιλεύοντος
1238 1228 1420 1276 Ἀλεξίου
1463 1232 1537 1269 τοῦ
1582 1229 1826 1283 Κομνηνοῢ,

327 1296 486 1350 ἀνέμου
523 1296 777 1343 πνεύσαντος
808 1297 946 1351 βιαίου
978 1313 1019 1338 τε
1051 1296 1122 1338 καὶ
1153 1297 1363 1351 σφοδροῦ·
1414 1297 1583 1339 κάκεῖνό
1613 1313 1656 1338 τε
1687 1297 1826 1339 συντέ-
1843 1301 1888 1337 15

267 1375 313 1410 28
326 1381 467 1419 τριπτο
505 1365 576 1406 καὶ
615 1364 796 1411 πολλοὺς
838 1369 924 1406 τῶν
968 1365 1056 1406 ἐκεῖ
1093 1365 1423 1419 παρατυχόντων
1467 1366 1695 1420 συνέτριψε.
1757 1366 1828 1407 καὶ

326 1433 373 1476 τὸ
404 1433 649 1476 Παλλάδιον
681 1434 727 1476 δὲ
758 1434 843 1476 ἀπὸ
873 1438 946 1489 τῆς
985 1434 1139 1489 Τροίας
1175 1435 1400 1488 μετήνεγκε
1436 1433 1507 1476 καὶ
1547 1434 1590 1475 ἔν
1626 1439 1676 1490 τῇ
1707 1434 1826 1476 Πλα-

328 1506 447 1558 κωτῇ
478 1502 550 1544 καὶ
581 1506 703 1545 τοῦτο
735 1504 902 1558 ἔστησεν
934 1503 1080 1558 ἀγορᾷ.

328 1633 373 1669 18
397 1633 477 1679 περὶ
502 1638 563 1670 τοῦ
588 1638 845 1679 πατριαρχικοῢ
871 1634 1004 1679 θρόνου
1030 1638 1091 1680 τῆς
1115 1633 1192 1672 νέας
1214 1633 1356 1679 Ῥώμης
1383 1633 1411 1669 C

401 1754 419 1788 1
444 1752 529 1799 παρ’
556 1753 663 1789 αὐτοῦ
684 1754 721 1789 ἐν
738 1753 827 1800 αὐτῇ
853 1753 950 1800 pr
1049 1754 1071 1789 2
1096 1754 1157 1790 καὶ
1184 1765 1258 1790 om.
1278 1753 1309 1789 B
1407 1754 1429 1788 4
1456 1757 1546 1800 post
1572 1753 1623 1789 ὧν
1648 1754 1741 1790 add.
1766 1754 1827 1790 καὶ

399 1801 497 1847 pr
613 1806 707 1838 ante
731 1802 920 1837 πλακωτὸν
945 1802 1036 1837 add.
1064 1803 1085 1836 ὁ
1109 1802 1144 1837 D
1259 1803 1508 1847 κατωνόμασαι
1536 1801 1622 1846 (Sic)
1650 1802 1698 1847 D,
1725 1813 1827 1838 corr.

398 1849 466 1887 Dw
543 1849 566 1885 5
591 1850 653 1885 καὶ
673 1861 746 1885 0111.
763 1850 794 1884 Β
867 1850 1062 1895 παράὐτῶ
1081 1850 1129 1895 D,
1157 1861 1257 1886 corr.
1274 1851 1342 1888 Dw
1417 1851 1437 1885 6
1463 1851 1639 1895 πελώριον
1653 1849 1827 1896 prDi,

396 1897 568 1932 πελώνιον
581 1897 617 1933 Α
691 1899 713 1933 8
737 1899 954 1943 πλαττούσης
972 1897 1120 1943 Asswp‚
1145 1899 1342 1943 πλατούσης
1361 1897 1408 1942 D,
1433 1899 1741 1943 παραλλαττούσης
1758 1897 1827 1937 Dw

444 1950 506 1980 τοῦ
520 1945 602 1991 AR,
628 1946 688 1981 καὶ
703 1946 805 1991 pr
904 1947 1033 1991 στήλην
1053 1944 1215 1991 prDz'
1312 1946 1334 1981 9
1360 1951 1401 1991 τῇ
1427 1956 1501 1981 om.
1518 1946 1553 1980 D
1642 1946 1688 1981 10
1711 1946 1825 1991 Ἰλίου]

391 1993 516 2028 ‘HI-lov
549 1995 778 2039 suspicatur
810 1993 1052 2029 Lambecius
1085 1994 1137 2028 ad
1165 1993 1303 2029 Codin.
1339 1994 1389 2028 de
1424 1995 1575 2039 antiqu.
1604 1993 1828 2030 Constanti-

397 2041 532 2087 nopol.
559 2053 596 2087 p.
622 2041 680 2086 41,
709 2041 772 2086 103
810 2041 882 2077 sed
908 2053 944 2076 v.
973 2041 1104 2077 Malal.
1131 2053 1168 2087 p.
1195 2042 1275 2086 320,
1305 2041 1349 2076 12
1364 2052 1392 2076 s.
1546 2041 1590 2076 14
1615 2041 1654 2076 δὲ
1678 2041 1827 2088 Apr,

397 2088 463 2134 γὰρ
489 2088 521 2123 Β
621 2089 666 2125 18
691 2090 838 2134 ἔστηκεν
864 2089 895 2124 Ε

264 2220 310 2256 23
323 2221 449 2257 multo
475 2222 671 2258 maiorem
698 2232 787 2258 eam
813 2221 1000 2258 reddidit.
1051 2222 1112 2258 Ita
1139 2222 1288 2268 templa
1313 2221 1590 2257 inaedificavit
1622 2224 1660 2257 et
1691 2221 1827 2257 multis

265 2268 312 2303 24
324 2269 447 2305 rebus
471 2270 614 2305 urbem
630 2270 859 2314 adornavit,
887 2270 1062 2316 denique
1089 2273 1257 2306 teretem
1280 2270 1387 2305 illam
1406 2270 1632 2304 columnam
1653 2270 1826 2316 porphy-

324 2318 492 2353 reticam
509 2316 649 2362 Roma,
676 2321 722 2353 ut
742 2318 890 2362 ferunt,
918 2318 1079 2353 allatam
1099 2320 1139 2353 in
1159 2319 1247 2354 foro
1269 2318 1438 2363 lapideis
1461 2317 1618 2352 laminis
1643 2318 1824 2361 instrato,

323 2365 434 2401 unde
453 2365 648 2401 Placoton
673 2367 926 2401 nominatum
953 2370 1023 2411 est,
1051 2367 1185 2411 posuit
1212 2370 1251 2401 et
1277 2367 1318 2400 111
1346 2376 1394 2400 ea
1420 2365 1680 2400 simulacrum
1709 2365 1826 2400 collo-

325 2413 434 2448 cavit
461 2417 634 2449 aeneum
661 2414 930 2449 admiratione
957 2414 1126 2459 dignum
1153 2417 1191 2450 et
1219 2414 1269 2449 de
1295 2416 1382 2448 arte
1403 2418 1441 2448 et
1463 2413 1512 2447 de
1530 2413 1824 2458 magnitudine.

264 2459 310 2494 25
324 2460 424 2497 Nam
443 2461 542 2496 illud
560 2464 600 2496 et
619 2465 706 2497 erat
725 2462 964 2497 colossieum
983 2465 1022 2497 et
1040 2472 1106 2497 ars
1125 2462 1342 2497 sollertiam
1362 2461 1667 2496 demonstrabat
1681 2471 1824 2495 manus

325 2509 517 2554 antiquae
535 2519 667 2555 paene
686 2510 950 2555 exprimentis
965 2510 1082 2544 etiam
1099 2510 1296 2550 viventia;
1316 2509 1463 2543 dicitur
1477 2511 1613 2543 autem
1627 2507 1824 2554 Apollinis

325 2567 412 2591 csse
438 2560 573 2592 statua
600 2557 676 2592 hoc
702 2557 962 2593 simulacrum
987 2558 1038 2592 ab
1058 2557 1130 2592 llio
1147 2557 1351 2602 Phrygiae
1371 2557 1473 2591 urbe
1492 2558 1821 2601 transportatum.

264 2602 310 2637 26
325 2603 404 2639 Sed
427 2604 588 2640 divinus
614 2606 834 2651 imperator
859 2605 924 2640 ille
950 2615 1068 2640 suum
1101 2605 1155 2639 illi
1185 2615 1333 2639 nomcn
1365 2604 1510 2638 indidit
1543 2604 1663 2649 capiti
1697 2604 1822 2639 clavis

326 2652 568 2696 quibusdam
586 2653 758 2697 insertis,
785 2653 854 2698 qui
873 2663 1020 2698 corpus
1041 2653 1189 2688 domini
1209 2652 1443 2687 salutiferae
1462 2652 1573 2687 cruci
1591 2651 1820 2696 affixerant;

324 2699 425 2734 haec
451 2702 586 2735 statua
613 2701 733 2736 etiam
759 2711 890 2746 usque
917 2700 968 2735 ad
995 2703 1133 2736 nostra
1159 2703 1342 2745 tempora
1368 2700 1588 2745 permansit
1609 2699 1820 2734 columnae

264 2745 310 2780 27
325 2747 524 2782 insistens.
577 2746 655 2782 Sed
675 2749 750 2783 sub
769 2747 912 2783 Alexio
932 2747 1149 2792 Comneno,
1178 2757 1268 2782 cum
1287 2752 1433 2782 ventus
1457 2747 1593 2781 flasset
1619 2747 1821 2782 violentus

325 2803 374 2828 ac
407 2794 637 2839 vehemens,
677 2796 838 2840 cecidit3
877 2806 1011 2841 neque
1049 2797 1137 2841 ipsa
1179 2795 1307 2830 solum
1346 2795 1592 2829 comminuta
1627 2797 1714 2829 erat
1749 2795 1820 2829 sed

264 2840 311 2876 28
326 2842 446 2876 etiam
480 2842 637 2886 multos,
674 2844 742 2889 qui
778 2844 881 2880 forte
915 2844 971 2879 ibi
1005 2843 1186 2888 aderant,
1221 2843 1465 2878 comminuit.
1516 2842 1564 2878 Et
1594 2841 1820 2878 Palladium

325 2887 447 2927 Troia
474 2891 679 2928 transtulit
705 2894 828 2940 atque
854 2892 895 2928 in
922 2891 1088 2930 Placoto
1114 2892 1202 2928 foro
1230 2891 1306 2927 hoc
1332 2900 1495 2938 quoque
1522 2890 1667 2939 posuit.
