2054 3282
344 202 416 240 500
705 201 887 241 ZONAR.
914 201 1045 239 ΕΡΙΤ.
1072 200 1163 239 XVI
1189 200 1246 247 24,
1275 199 1425 248 18-25,
1451 200 1485 238 2.

297 325 462 379 Βᾶγίου
494 325 789 379 βαπτίσματος,
822 324 892 365 καὶ
924 323 1065 378 ἀπῄτει
1098 323 1121 363 ὁ
1152 323 1410 378 πατριάρχης
1441 325 1467 378 ἢ
1501 323 1741 379 διαζυγῆναι
1766 329 1838 380 τῆς

283 399 328 433 19
341 393 579 447 βασιλίσσης
609 395 635 447 ἢ
666 393 818 447 πόρρω
851 391 950 433 εἶναι
987 395 1073 432 τῶν
1118 393 1254 444 ἱερῶν.
1317 391 1403 432 ἀλλ’
1438 391 1594 438 ἐκεῖνος
1623 397 1695 447 τῆς
1730 392 1836 435 Θεο-

342 464 505 515 φανοῦς
537 461 615 501 οὐκ
648 460 855 514 ἀπείχετο’
889 460 943 500 ἔτι
975 457 1054 513 γὰρ
1088 459 1112 499 ὅ
1142 459 1293 513 ταύτης
1324 460 1435 514 ἔρως
1458 460 1716 515 ἐφλέγμαινε,
1749 477 1836 503 κοι-

341 533 482 570 νοῦται
513 528 649 570 τοίνυν
680 531 764 573 τοῖς
794 530 976 580 παροῦσι
1006 530 1091 569 τῶν
1123 527 1353 582 ἀρχιερέων
1383 528 1455 569 καὶ
1485 532 1570 575 τοῖς
1596 533 1669 583 τῆς
1691 545 1837 583 γερου-

280 603 326 638 20
340 597 430 643 σίας
472 596 735 650 λογιωτέροις
777 594 823 636 τὸ
868 596 1044 649 ζήτημα.
1109 596 1148 636 οἱ
1189 596 1235 637 δὲ
1270 595 1342 637 τὸν
1373 596 1469 651 περὶ
1498 596 1647 638 τούτου
1679 597 1874 639 κανόναῖ)

338 669 399 718 τῷ
432 664 721 718 Κοπρωνύμῳ
753 663 1079 718 ἐπιγραφόμενοι
1117 662 1177 717 μὴ
1218 663 1302 705 δεῖν
1339 664 1479 718 ἔλεγον
1517 664 1685 719 ἐνεργὸν
1727 665 1837 720 λογί-

340 734 485 781 ζεσθαι
515 732 679 773 τοιοῦδε
711 731 866 785 ἀνδρὸς
897 732 1185 786 νομοθέτημα,
1218 732 1290 773 καὶ
1314 733 1463 779 πάντες
1485 734 1601 787 αὐτῷ
1625 734 1839 789 ἔγγραφον

279 807 320 842 21
338 801 551 854 παρέσχον
593 800 666 854 τὴν
708 800 802 854 περὶ
841 800 990 841 τούτου
1032 801 1308 855 συγχώρησιν.
1371 802 1394 842 ὁ
1428 802 1475 843 δέ
1506 818 1550 856 γε
1580 803 1839 857 πατριάρχης

339 869 392 909 ἔτι
429 873 501 922 τῆς
540 868 694 914 οἰκείας
733 868 963 914 ἒνστάσεως
1007 870 1150 923 εἴχετο,
1195 870 1342 924 μέχρις
1386 868 1437 911 οὗ
1469 870 1493 911 ὁ
1523 874 1597 911 τοῦ
1634 870 1839 925 βασιλέως

337 936 474 990 πατὴρ
506 937 530 977 ὁ
556 936 724 990 Καῖσαρ
747 936 921 991 Βάρδας
953 937 1156 992 ἐνόρκους
1188 938 1306 992 αὐτῷ
1336 939 1486 984 πίστεις
1515 939 1745 993 παρέσχετο
1777 939 1839 984 ὡς
1855 946 1900 981 10

339 1004 389 1045 οὐ
423 1005 588 1058 γέγονεν
620 1005 645 1046 ὁ
675 1004 866 1059 βασιλεὺς
896 1008 981 1046 τῶν
1011 1011 1083 1060 τῆς
1120 1005 1370 1061 Θεοφανοῦς
1412 1007 1579 1048 παίδων
1618 1007 1838 1061 ἀνάδοχος,

337 1071 408 1114 καὶ
446 1073 471 1114 ὁ
507 1076 798 1128 πρωτοπαπᾶς
842 1073 887 1114 δὲ
925 1077 1010 1115 τῶν
1048 1075 1268 1128 βασιλείων
1304 1075 1546 1130 Στυλιανός,
1591 1076 1639 1121 ὃς
1682 1075 1839 1129 ἐλέγετο

296 1144 508 1196 Οπρῶτος
539 1143 676 1196 κῆρυξ
706 1145 778 1196 τῆς
809 1142 956 1196 φήμης
986 1143 1138 1197 ταύτης
1169 1144 1374 1198 γενέσθαι,
1420 1143 1485 1185 ἐπὶ
1524 1143 1705 1185 συνόδου
1742 1143 1838 1198 μήτ’

279 1216 325 1251 22
339 1209 438 1251 ἰδεῖν
476 1209 572 1264 μήτ’
607 1211 731 1251 εἰπεῖν
770 1209 864 1264 περὶ
902 1210 1050 1252 τούτου
1081 1211 1190 1266 πρός
1220 1228 1330 1258 τινας
1361 1211 1620 1267 ἐξωμόσατο.
1680 1212 1841 1254 τούτων

342 1278 387 1319 δὲ
419 1279 660 1332 γενομένων
691 1278 860 1326 ἐδέξατο
891 1278 963 1320 τὸν
994 1279 1249 1335 Νικηφόρον
1281 1281 1305 1322 ὁ
1336 1281 1605 1335 πατριάρχης.
1856 1288 1900 1323 15

280 1353 327 1389 23
463 1346 558 1387 Τῶν
599 1343 636 1387 δ’
676 1346 720 1387 ἔν
756 1346 925 1400 Σικελίᾳ
962 1347 1233 1403 Σαρακηνῶν
1277 1348 1441 1403 δασμὸν
1482 1349 1749 1403 πραττόντων
1791 1349 1839 1391 ἒκ

339 1418 425 1456 τῶν
451 1414 676 1469 Ῥωμαίων
713 1415 759 1456 ἔκ
796 1415 987 1457 παλαιῶν
1025 1417 1265 1471 συνθηκῶν,
1310 1417 1334 1459 ὁ
1365 1417 1556 1472 βασιλεὺς
1594 1415 1716 1463 οὗτος
1759 1419 1838 1460 οὐκ

341 1483 567 1538 ἀνασχετὸν
606 1484 713 1537 ᾤετο
745 1483 873 1525 αὐτοῦ
905 1484 1194 1538 βασιλεύοντος
1224 1490 1308 1531 τοῖς
1333 1486 1579 1540 Ἀγαρηνοῖς
1604 1486 1840 1540 Ῥωμαίους

282 1559 329 1595 24
342 1552 687 1607 φορολογεῒσθαι·
733 1551 797 1593 διὸ
836 1550 926 1593 κατ’
963 1553 1104 1594 αὐτῶν
1135 1553 1335 1608 ἐκπέμπει
1365 1554 1576 1609 ΙΙΙανουὴλ
1606 1555 1836 1610 πατρίκιον,
1852 1559 1888 1594 D
1908 1559 1960 1596 IV
1975 1560 2020 1596 79

344 1669 389 1704 16
412 1669 492 1715 περὶ
517 1673 588 1704 τῶν
615 1669 651 1705 ἐν
676 1670 822 1715 Σικελίᾳ
844 1670 1042 1716 Ἀγαρηνῶν
1070 1669 1131 1707 CE

414 1788 438 1823 4
462 1789 578 1824 τοίνυν
602 1787 720 1833 ACD,
748 1798 822 1824 om.
849 1789 893 1834 R,
920 1789 958 1825 δὲ
983 1789 1067 1836 W*p
1166 1791 1187 1826 7
1213 1790 1370 1826 τοιούτου
1395 1790 1425 1826 Β
1523 1792 1546 1828 8
1570 1792 1754 1839 περιέσχον
1776 1793 1782 1838 Ι
1804 1791 1840 1828 D

417 1843 462 1877 10
486 1842 613 1888 πατὴρ]
639 1837 712 1887 π’ῥῆ
741 1843 772 1878 Ε
870 1845 996 1889 καίσαρ
1014 1843 1162 1891 Apr,
1190 1843 1362 1880 eorr.Di
1459 1845 1505 1880 12
1529 1852 1766 1891 πρωτοπαπᾶς
1791 1848 1841 1883 al.

415 1900 520 1925 man.
549 1900 651 1925 corr.
679 1900 730 1925 ex
755 1891 995 1935 πρωτοπαπὰς
1021 1891 1064 1936 B,
1089 1892 1327 1936 πρωτοπαπὰς
1350 1893 1446 1939 Ewp
1544 1894 1723 1934 στυλιανὸς
1739 1893 1840 1931 ABC

419 1937 533 1973 Cedr.
553 1936 744 1984 (ScylitZ.)
763 1938 800 1973 II
825 1949 862 1984 p.
880 1938 952 1974 352
968 1939 1026 1983 20,
1052 1940 1249 1979 στυλειανὸς
1268 1940 1367 1986 pr
1466 1941 1521 1977 12.
1542 1942 1586 1977 13
1610 1946 1749 1987 πρῶτος
1773 1942 1841 1978 ἑλέ-

414 1999 492 2030 γετο
520 1984 548 2021 C
659 1985 704 2020 13
729 1986 846 2031 κήρυξ
872 1986 1018 2033 EBswp
1133 1988 1227 2034 μήτ’]
1253 1987 1326 2033 μέτ’
1356 1988 1386 2023 Ε
1495 1989 1550 2024 13.
1578 1989 1623 2024 14
1645 1989 1728 2036 μήτ’
1754 1990 1841 2025 ἰδεῖν

416 2043 491 2068 om.
519 2031 548 2068 C
708 2033 763 2069 15.
793 2034 837 2069 16
861 2035 1079 2080 πατριάρχης
1107 2062 1328 2071 ..........
1352 2036 1357 2080 1
1379 2040 1450 2071 τῶν
1476 2062 1483 2071 .
1501 2063 1509 2072 .
1525 2063 1556 2072 ..
1583 2037 1616 2072 δ’
1642 2037 1680 2072 ἓν
1703 2037 1777 2073 κτλ.
1804 2036 1839 2072 Α

417 2080 462 2116 16
488 2080 520 2115 δ’
548 2079 714 2126 ἓσιῙκελιά
740 2080 769 2117 C
869 2082 914 2117 18
939 2089 1150 2129 σαρακηνοΐς
1176 2083 1212 2118 D
1311 2084 1355 2119 19
1380 2083 1469 2119 κατὰ
1494 2083 1530 2118 D

345 2199 575 2245 patriarcha
607 2200 802 2237 ecelesiae
832 2201 1034 2237 liminibus
1067 2204 1126 2238 est
1156 2203 1382 2248 prohibitus
1414 2203 1654 2249 postulante,
1693 2207 1739 2240 ut
1770 2208 1841 2240 aut

288 2244 332 2279 19
346 2248 564 2283 divortium
595 2248 749 2284 faceret
781 2252 852 2284 aut
889 2250 1030 2295 procul
1065 2260 1089 2285 a
1121 2251 1246 2286 saeris
1284 2251 1512 2286 facesseret.
1562 2251 1704 2297 Neque
1742 2262 1840 2288 vero

345 2295 410 2330 ille
442 2294 745 2340 Theophanone
782 2297 987 2341 abstinuit,
1026 2297 1226 2344 flagrante
1259 2298 1393 2333 adhue
1424 2309 1572 2343 amore,
1610 2299 1682 2335 sed
1721 2309 1841 2345 quae-

286 2340 334 2374 20
346 2343 515 2378 stionem
541 2343 594 2378 ad
620 2353 795 2379 summos
821 2345 1051 2380 sacerdotes
1078 2348 1116 2381 et
1142 2349 1306 2381 senatus
1337 2347 1537 2392 principes
1569 2347 1733 2391 rettulit,
1771 2348 1840 2393 qui

346 2390 644 2436 responderunt
670 2401 762 2427 eum
789 2402 984 2428 canonem
1013 2403 1036 2427 a
1059 2392 1325 2439 Copronymo,
1352 2393 1511 2429 homine
1537 2395 1670 2440 impio,
1697 2395 1840 2430 eonsti-

346 2440 477 2473 tutum
504 2438 641 2474 valere
666 2449 748 2474 non
781 2442 979 2485 oportere,
1012 2441 1242 2486 scriptoque
1272 2444 1404 2476 ratum
1431 2441 1516 2476 eius
1542 2442 1840 2477 matrimonium

287 2482 331 2517 21
346 2485 588 2521 habuerunt.
639 2485 719 2522 Sed
751 2486 981 2532 patriarcha
1013 2498 1130 2523 suum
1165 2489 1415 2534 propositum
1452 2489 1670 2534 premebat,
1711 2489 1840 2525 donee

347 2533 456 2578 regis
494 2537 610 2578 pater
645 2533 794 2570 Caesar
829 2534 984 2571 Bardas
1020 2535 1284 2571 iureiurando
1321 2537 1489 2581 negavit
1527 2535 1839 2582 Theophanonis

347 2580 494 2616 liberos
521 2581 573 2616 ab
599 2581 665 2617 illo
693 2592 744 2618 ex
771 2582 1011 2628 baptismate
1038 2586 1247 2629 susceptos
1274 2593 1362 2619 esse
1388 2585 1427 2619 et
1453 2582 1668 2629 stylianus,
1701 2584 1840 2630 palatii

347 2630 585 2674 protopapa,
626 2630 692 2674 qui
725 2639 817 2665 eum
841 2639 1043 2666 rumorem
1071 2631 1222 2677 primus
1251 2631 1440 2676 vulgasse
1466 2631 1685 2676 ferebatur,
1722 2642 1765 2668 se
1791 2642 1840 2667 ea

349 2675 399 2710 de
416 2685 461 2711 re
482 2686 615 2721 neque
641 2677 790 2712 vidisse
816 2678 1032 2723 quicquam
1058 2688 1134 2713 nee
1160 2677 1309 2714 dixisse
1335 2678 1385 2713 ad
1414 2688 1655 2724 quemquam
1681 2680 1723 2714 in
1750 2689 1840 2715 eon-

289 2720 335 2755 22
350 2722 439 2758 cilio
472 2724 634 2760 iuravit.
683 2724 755 2759 His
788 2724 948 2760 demum
979 2726 1096 2761 factis
1125 2725 1355 2772 patriarcha
1381 2725 1650 2771 Nicephorum
1677 2728 1839 2773 recepit.

289 2768 336 2802 23
469 2770 566 2806 Cum
594 2776 729 2807 autem
748 2771 975 2808 Sicilienses
994 2772 1186 2809 Saraceni
1213 2782 1264 2808 ex
1291 2774 1466 2818 antiquis
1493 2774 1620 2819 pactis
1645 2775 1839 2810 tributum

350 2827 374 2851 a
406 2816 596 2853 Romanis
623 2819 883 2866 postularent,
918 2821 982 2856 hie
1006 2831 1079 2856 rex
1105 2831 1188 2856 non
1214 2821 1425 2856 ferendum
1453 2831 1540 2857 esse
1565 2824 1677 2857 ratus
1703 2831 1745 2857 se
1771 2823 1838 2856 im-

290 2862 337 2898 24
351 2869 518 2911 perante
544 2865 747 2903 Romanos
772 2868 848 2904 illis
874 2877 962 2904 esse
987 2868 1231 2914 tributarios,
1258 2867 1484 2904 Manuelem
1510 2870 1734 2915 patricium,
1772 2880 1839 2917 pa-
