2054 3282
552 238 838 280 CERTAMEN'
857 237 1040 281 SCLERI
1065 239 1132 280 ΕΤ
1156 238 1376 280 PHOCAE.
1641 241 1721 281 545·

219 366 433 419 τεροῦντες
470 365 511 407 οἱ
544 368 619 407 τοῦ
655 363 872 420 Σκληροῦ,
916 365 957 407 οἱ
999 365 1043 407 δὲ
1081 364 1175 420 περὶ
1210 363 1282 407 τὸν
1317 364 1479 407 Φωκᾶν
1515 365 1563 407 τὰ
1603 368 1715 407 νῶτα

220 433 461 487 ἐτρέψαντο.
522 433 594 475 καὶ
625 434 738 476 οὕτω
769 433 817 475 τὰ
848 437 921 489 τῆς
949 434 1091 489 μάχης
1120 434 1271 489 ταύτης
1291 434 1543 489 συμβέβηκε.
1604 438 1654 489 τῇ
1676 431 1776 476 δ’42

219 501 316 556 ἑξῆς
353 501 394 543 οἱ
428 505 514 543 τῶν
550 503 871 557 στρατευμάτων
914 502 1158 557 ἐξάρχοντες
1202 502 1319 544 αὐτοὶ
1360 501 1470 556 πρὸς
1511 501 1716 557 ἀλλήλους

217 570 486 624 μαχέσασθαι
516 570 673 612 εἴλοντο
703 570 774 612 καὶ
805 570 876 612 τὸν
907 571 1053 625 ἀγῶνα
1083 570 1156 612 τὸν
1186 570 1291 626 ὑπὲρ
1321 574 1395 612 τοῦ
1426 570 1581 618 παντὸς
1612 571 1713 612 ἀνα-

182 642 206 679 5
220 637 433 686 δέξασθαι.
501 638 688 693 ἐπῆλθον
724 638 801 680 οὖν
843 639 1052 694 ἀλλήλοις·
1097 639 1168 682 καὶ
1203 642 1374 693 πρῶτος
1409 640 1525 694 ἔφθη
1562 639 1715 686 παίσας
1727 643 1775 678 43

22 757 26 760 .
218 705 290 747 τὸν
326 705 487 748 Φωκᾶν
524 706 548 747 ὁ
585 706 794 761 Σκληρός,
839 707 902 754 ὡς
936 707 1015 761 μὲν
1053 708 1152 749 ἔνιοι
1188 707 1364 761 λέγουσι,
1408 707 1571 762 κορύνῃ
1608 707 1714 749 κατὰ

64 783 118 821 IV
138 784 206 820 109
217 778 290 829 τῆς
319 774 520 829 κεφαλῆς,
553 774 615 821 ὡς
646 772 684 816 δ’
717 776 860 829 ἕτεροι,
893 777 1013 830 ξίφος
1044 775 1317 818 ἐπανετείνετο
1348 773 1439 817 κατ’
1468 776 1609 824 αὐτοῦ,
1640 779 1714 818 τοῦ

220 842 266 885 δὲ
295 842 511 889 κλιθέντος
539 842 648 897 πρὸς
679 843 859 898 θάτερον
888 845 1020 898 μέρος
1049 843 1121 885 καὶ
1151 843 1225 898 τὴν
1254 843 1417 897 πληγὴν
1438 843 1713 898 ἐκκλίναντος,

219 911 383 965 ἔφθασε
418 910 466 953 τὸ
503 915 577 953 τοῦ
615 912 764 966 ξίφους
799 913 934 966 ἄκρον
972 912 1018 953 τὸ
1056 911 1131 958 οὗς
1162 912 1344 966 ἐκτεμεῖν
1374 915 1448 952 τοῦ
1480 913 1608 953 ἵππου
1640 916 1714 954 τοῦ

160 988 207 1024 10
217 983 291 1021 τοῦ
328 979 475 1021 Φωκᾶ.
537 979 562 1021 ὁ
594 980 642 1022 δέ
678 996 723 1035 γε
759 980 918 1027 Φωκᾶς
954 981 1178 1035 ἀντέπληξε
1214 979 1286 1021 τὸν
1316 979 1515 1035 Σκληρόν
1552 981 1774 1036 κορύνῃ44
1792 984 1823 1022 C

216 1047 322 1090 κατὰ
353 1052 426 1103 τῆς
455 1048 656 1103 κεφαλῆς,
689 1049 759 1090 καὶ
791 1049 815 1089 ὁ
845 1049 1013 1104 πληγεὶς
1044 1047 1357 1094 σκοτοδινιάσας
1387 1052 1448 1102 τῷ
1478 1052 1553 1090 τοῦ
1584 1049 1713 1090 ἵππου

215 1116 414 1171 τραχήλῳ
445 1116 659 1158 ἐπέπεσεν·
692 1118 740 1158 ὃν
772 1117 812 1157 οἱ
841 1117 935 1171 περὶ
966 1117 1093 1159 αὐτὸν
1122 1120 1270 1164 κακῶς
1282 1117 1438 1172 ’ἔχοντα
1459 1116 1714 1171 θεασάμενοι
1726 1123 1774 1158 45

216 1184 287 1226 καὶ
317 1189 379 1239 τῷ
409 1185 457 1226 ἐκ
479 1189 552 1240 τῆς
571 1185 733 1240 πληγῆς
754 1186 893 1239 αἷζιιατι
913 1187 1200 1241 πεφυρμένον,
1231 1185 1491 1239 περιστάντες
1512 1186 1714 1239 συνέσχον

217 1253 288 1295 καὶ
318 1253 530 1308 ἐπήγαγον
561 1254 618 1299 εἷς
647 1254 798 1308 πηγήν,
842 1254 1176 1309 ἀνακτησόμενοί
1203 1270 1245 1295 τε
1275 1254 1611 1309 λειποψυχοῦντα
1641 1252 1714 1295 τὸν

162 1328 204 1364 15
217 1321 351 1376 ἄνδρα
382 1327 444 1376 τῷ
474 1322 592 1363 ὕδατι
619 1322 690 1363 καὶ
710 1321 757 1363 τὸ
778 1326 1069 1377 καταρρεῦσαν
1088 1326 1162 1364 τοῦ
1184 1323 1359 1377 αἵματος
1380 1322 1713 1376 ἀπορρύψοντες,

217 1390 289 1432 καὶ
330 1393 404 1431 τοῦ
447 1391 576 1432 ἵππου
620 1391 778 1432 ἐκεῖνον
821 1391 1152 1446 ἀποβιβάσαντες
1195 1391 1365 1433 ἐποίουν
1406 1389 1455 1431 τὰ
1502 1390 1712 1445 εἰρημένα.

217 1459 262 1500 ἒν
291 1459 427 1513 τούτῳ
459 1456 496 1500 δ’
530 1459 554 1500 ὁ
586 1460 711 1505 ἵππος
742 1459 766 1501 ὁ
797 1463 871 1500 τοῦ
902 1459 1103 1514 Σκληροῦ
1137 1459 1209 1501 τὸν
1247 1460 1473 1514 κατέχοντα
1513 1458 1774 1513 ἒκφυγὼν46

217 1527 289 1569 καὶ
319 1527 628 1583 ἀποσκιρτήσας
657 1528 854 1582 ἕπιβάτου
876 1528 1009 1583 χωρὶς
1030 1528 1245 1583 ε’κρόαινεν
1266 1528 1345 1570 ἀνὰ
1366 1527 1413 1570 τὸ
1435 1526 1715 1582 στρατόπεδον

217 1597 358 1651 αἵματι
387 1596 462 1651 τὴν
492 1597 636 1651 χαίτην
668 1596 913 1651 διάβροχος·
946 1597 995 1638 ὃν
1026 1596 1166 1638 ἰδόντα
1198 1595 1246 1637 τὰ
1271 1600 1344 1637 τοῦ
1365 1595 1567 1650 Σκληροῦ
1589 1610 1712 1650 στρα-
1725 1601 1773 1638 47

217 1738 242 1775 5
276 1739 373 1779 ἅπως
404 1738 675 1784 ἕμονομάχησαν
699 1739 721 1773 ὅ
743 1737 909 1784 Σκληρὸς
940 1738 999 1774 καὶ
1028 1739 1049 1773 ὅ
1077 1738 1224 1777 Φωκεῖς·
1264 1737 1325 1773 καὶ
1354 1738 1452 1776 ὅπως
1483 1737 1518 1772 οἱ
1545 1736 1626 1782 περὶ
1656 1736 1715 1772 τὸν

218 1787 388 1833 Σκληρὸν
412 1786 610 1832 ἐτράπησαν
633 1787 682 1826 εἰς
707 1786 825 1832 φυγήν
850 1785 914 1822 ΟΕ

292 1918 308 1953 1
338 1922 450 1963 φωκᾶ
474 1917 510 1952 D
624 1917 664 1953 τὰ
691 1928 767 1954 om.
795 1916 826 1954 Ο
947 1917 970 1953 2
994 1917 1146 1963 ἔτρεψαν
1170 1915 1227 1952 Di
1347 1919 1442 1952 ante
1467 1915 1507 1952 τὰ
1532 1915 1624 1952 add.
1648 1915 1714 1961 μὲν

291 1964 450 2012 prDi
556 1965 580 2001 3
603 1965 692 2011 πρὸς
719 1976 794 2002 om.
820 1965 852 2001 Β
965 1965 999 2001 5.
1024 1966 1047 2001 6
1070 1967 1196 2004 παίσας
1221 1964 1349 2000 τὸν-7
1375 1964 1454 1999 κατ’
1479 1963 1599 2009 αὐτοῦ]
1626 1963 1713 1999 κατὰ

291 2018 352 2049 τοῦ
377 2018 488 2059 φωκᾶ
511 2014 533 2048 ὅ
553 2013 708 2059 σκληρὸς
732 2014 835 2059 ξίφος
859 2013 1148 2049 ἐπανατείνασθαι
1175 2012 1209 2047 R.
1306 2012 1327 2047 7
1353 2012 1590 2047 ἔπανετείνατο
1616 2011 1712 2057 Ewp

290 2061 314 2096 8
337 2061 562 2100 ἐκκλίναντος
580 2059 747 2107 prDi,
773 2061 972 2100 ἕκλίναντος
989 2060 1025 2096 Α
1121 2061 1144 2096 9
1170 2060 1207 2095 τὸ
1225 2059 1298 2105 τοῦ]
1326 2065 1376 2104 τῷ
1395 2064 1455 2095 τοῦ
1476 2059 1510 2093 D
1607 2059 1712 2103 ἅκρω

290 2108 327 2144 D
460 2108 493 2144 9.
522 2110 567 2144 10
594 2108 631 2144 τὸ
655 2109 717 2148 οὖς
741 2109 900 2155 ἐκτεμεῖν
925 2113 986 2145 τοῦ
1011 2110 1119 2144 ἵππου
1145 2113 1205 2143 τοῦ
1231 2113 1291 2143 τοῦ
1317 2108 1370 2151 (v.
1397 2106 1448 2142 ad
1475 2106 1567 2142 XIV
1593 2106 1649 2150 17,
1676 2107 1712 2150 9)

291 2161 403 2202 φωκᾶ
426 2155 508 2201 ΑΕ,
545 2162 605 2193 τοῦ
630 2158 738 2192 ἵππου
763 2162 823 2193 τοῦ
848 2162 962 2203 φωκᾶ
986 2156 1024 2192 τὸ
1049 2156 1109 2195 οὖς
1134 2156 1292 2200 ἐκτεμεῖν
1319 2155 1363 2199 Ο,
1402 2154 1440 2189 τὸ
1465 2154 1525 2193 οὖς
1554 2154 1713 2198 ἐκτεμεῖν

287 2209 348 2240 τοῦ
373 2205 480 2239 ἵππου
506 2210 565 2240 τοῦ
591 2209 703 2250 φωκᾶ
728 2204 812 2251 w*p
938 2204 981 2240 13
1004 2204 1221 2250 πεφυρμένω
1249 2203 1284 2238 Ι)
1410 2202 1454 2236 14
1478 2202 1652 2247 ἐπήγαγον
1677 2202 1713 2236 Α

291 2252 364 2294 (ἐπί
397 2266 472 2287 τινα
507 2251 624 2298 πηγὴν
661 2252 783 2297 ἄγουσι
823 2251 939 2289 Cedr.
965 2251 1155 2297 (Scylitz.)
1184 2251 1218 2285 II
1255 2262 1292 2296 p.
1317 2250 1398 2294 432,
1427 2250 1496 2293 18),
1534 2249 1712 2294 ἀπήγαγον

290 2298 448 2346 prDi
535 2301 807 2345 ἀνακτισάμενοί
823 2300 854 2335 Ε
954 2301 997 2335 15
1014 2299 1282 2344 ἀπορρύψαντες
1301 2298 1396 2344 Ewp
1496 2297 1538 2332 17
1558 2297 1711 2332 τοσούτω

291 2346 327 2382 D
424 2351 550 2393 φυγῶν
576 2347 605 2384 C
705 2349 750 2385 18
774 2348 943 2394 ἒκρόανεν
970 2347 1053 2393 w*p
1082 2347 1217 2382 invitis
1246 2346 1315 2381 Al<
1410 2343 1499 2380 κατὰ
1528 2344 1562 2378 D

220 2483 419 2521 Postridie
456 2484 580 2521 duces
618 2486 870 2522 exercituum
905 2484 1125 2520 decrevere
1158 2483 1231 2530 ipsi
1266 2482 1485 2518 certamine
1516 2481 1710 2526 congredi
1724 2480 1771 2516 42

220 2533 352 2578 deque
382 2542 537 2568 summa
563 2543 696 2568 rerum
723 2533 952 2569 decernere.
1002 2531 1104 2567 Tum
1132 2530 1291 2567 Seuerus
1319 2530 1437 2576 prior,
1477 2535 1520 2564 ut
1547 2528 1771 2574 quidam43

221 2580 397 2624 tradunt,
424 2580 580 2616 clavam
607 2582 646 2616 in
672 2580 832 2616 Phocae
859 2584 981 2626 caput
1006 2580 1183 2625 impegit,
1212 2583 1255 2613 ut
1281 2578 1358 2620 alii,
1391 2587 1525 2612 ensem
1552 2578 1592 2611 in
1619 2586 1708 2611 euin

221 2629 402 2673 libravit3
441 2629 508 2674 qui
541 2638 632 2664 cum
663 2629 785 2664 ictum
818 2628 1068 2668 declinasset,
1108 2630 1288 2661 extremo
1321 2634 1417 2660 cnse
1443 2634 1582 2660 aurem
1617 2625 1710 2669 equi

220 2675 381 2711 Phocae
413 2677 597 2711 resecuit.
647 2675 699 2711 At
732 2676 886 2711 Phocus
918 2680 1059 2710 contra
1092 2673 1214 2710 Scleri
1249 2672 1369 2717 capiti
1402 2671 1557 2706 clavam
1590 2671 1645 2706 ita
1671 2670 1771 2706 {1-44

221 2724 309 2767 nsit,
336 2728 381 2759 ut
407 2723 550 2759 oborta
575 2724 775 2770 vertigine
800 2725 839 2759 in
866 2723 958 2768 equi
979 2722 1122 2757 collum
1142 2721 1371 2767 prolapsum
1392 2724 1431 2754 ct
1457 2722 1710 2754 cruentatum

220 2770 411 2806 satellites
429 2772 632 2817 eriperent
649 2781 698 2807 ac
717 2772 869 2806 viribus
888 2770 1122 2805 destitutum
1140 2778 1245 2813 equo
1265 2767 1491 2813 depositum
1510 2776 1583 2802 san
1619 2766 1710 2801 uine
1724 2766 1770 2801 45

220 2818 403 2854 absterso
430 2818 481 2854 ad
509 2820 659 2854 fontem
686 2822 928 2854 recrearent.
981 2817 1139 2851 Interea
1166 2817 1251 2851 eius
1279 2824 1421 2860 equus,
1448 2814 1543 2850 dum
1562 2814 1586 2849 ii
1606 2815 1615 2849 i
1636 2814 1711 2849 lmc
1723 2814 1771 2849 46

221 2875 319 2901 cura
351 2871 615 2912 occupantur,
653 2866 814 2913 elapsus
848 2867 934 2901 eius
965 2865 1163 2906 manibuS,
1202 2873 1226 2898 n
1253 2873 1333 2908 quo
1361 2862 1586 2906 tenebatur,
1624 2862 1711 2897 sine

220 2923 378 2950 sessore
412 2915 452 2950 in
487 2915 629 2950 castris
660 2914 757 2950 iuba
787 2914 987 2959 uniigliinc
1021 2915 1208 2947 manante
1242 2910 1450 2946 exsultans
1484 2909 1628 2954 effecit,
1666 2912 1710 2945 ut
1723 2908 1770 2946 47

293 2984 449 3015 Zonarae
470 2984 619 3021 Epieome
639 2984 698 3014 111.
1464 2970 1510 3013 3¹)
