2054 3282
375 234 444 272 374
776 231 957 272 ZONAR.
986 234 1113 270 EPIT.
1141 233 1213 271 XV
1238 232 1294 280 28,
1321 234 1471 272 30—38.

375 361 615 412 περιχαρῶς
647 357 801 412 ἐδέχθη
834 356 949 411 παρὰ
981 361 1054 398 τοῦ
1086 357 1398 411 αὐτοκράτορος
1429 357 1500 399 καὶ
1529 358 1753 412 μάγιστρος
1789 360 1864 402 αὗ-

94 427 167 464 PII
180 428 287 465 150A
316 431 358 466 31
375 427 465 468 τίκα
487 428 687 481 τετίμητο·
741 426 811 467 καὶ
833 427 880 467 ἐκ
902 430 974 467 τοῦ
998 426 1117 479 ἁγίου
1149 426 1432 479 βαπτίσματος
1462 426 1533 468 τὸν
1563 432 1636 469 τοῦ
1663 428 1867 483 βασιλέως
2053 481 2054 484 ¹

376 495 467 536 υἱὸν
498 495 668 549 ,Μιχαὴλ
702 492 884 547 ἓδέξατο,
930 495 978 536 ὃν
1018 495 1041 536 ὁ
1072 494 1209 549 πατὴρ
1247 494 1318 535 καὶ
1357 495 1577 550 διαδήματι
1615 497 1759 551 &omps
1796 497 1867 539 καὶ
2053 489 2054 539 }

376 564 545 618 βασιλέα
572 563 797 617 Ῥωμαίων
828 564 977 604 ἀνεῖπε.
2053 560 2054 575 ³

317 636 364 672 32
503 633 589 673 Τοῦ
616 632 876 685 πατριάρχου
910 631 954 673 δὲ
980 631 1204 673 Ἀντωνίου
1236 631 1309 687 τὴν
1342 631 1459 687 ζωὴν
1489 636 1902 690 καταστρέψαντος,5

376 702 422 746 ὃς
453 701 520 754 ἔτη
552 704 624 754 τῆς
657 699 878 754 ἐκκλησίας
910 700 1111 755 ἐκράτησε
1144 700 1350 754 δεκατρία,
1377 701 1589 758 Ἰωάννης,
1622 704 1671 745 ὃν
1698 704 1723 746 ὁ
1743 704 1868 759 λόγος

374 769 455 822 ἤδη
487 769 712 822 προείρηκε
745 768 998 810 διδάσκαλον
1029 770 1222 823 γενέσθαι
1252 774 1325 812 τοῦ
1363 769 1573 825 Θεοφίλου
1613 772 1685 813 καὶ
1725 788 1865 815 συναι-

374 838 587 891 ρεσιώτην,
620 837 919 891 προχειρίζεται
949 838 1219 893 πατριάρχης,
1254 840 1302 880 ὃν
1333 839 1404 880 καὶ
1429 839 1590 895 Ἰαννῆν
1622 841 1800 883 ἐκάλουν
1829 842 1868 883 οἱ

373 905 474 953 τότε,
518 905 588 946 καὶ
633 905 697 947 διὰ
742 905 816 959 τὴν
860 907 1014 959 αἳρεσιν
1052 907 1121 948 καὶ
1164 906 1230 948 διὰ
1268 907 1472 962 γοητείας·
1517 908 1569 963 ἦν
1606 909 1686 963 γὰρ
1726 911 1868 957 αὐτοῖς

317 976 363 1012 33
377 974 575 1028 ἐντριβής.
637 974 709 1016 τὸν
753 974 798 1016 δὲ
842 975 1065 1029 ἱερώτατον
1098 975 1332 1029 λῚΙεθόδιον,
1379 977 1426 1022 ὃς
1469 978 1641 1031 ὕστερον
1684 978 1755 1020 καὶ
1797 977 1868 1020 τὸν
1885 983 1929 1018 10

329 1043 674 1097 Βπατριαρχικὸν
707 1043 916 1097 ἐκόσμησε
947 1043 1120 1097 θρόνον,
1164 1044 1224 1098 μὴ
1263 1045 1517 1099 πειθόμενον
1555 1046 1787 1088 συνθέσθαι
1819 1052 1868 1102 τῇ

374 1112 607 1165 κακοδοξίᾳ
651 1113 792 1164 αὐτοῦ,
837 1111 939 1166 μετὰ
983 1115 1188 1167 μαστίξεις
1225 1113 1382 1160 πολλὰς
1422 1114 1492 1155 καὶ
1535 1118 1620 1156 τῶν
1661 1115 1870 1170 σιαγόνων

375 1180 503 1222 αὐτοῦ
537 1180 762 1222 σύνθλασιν
793 1181 864 1222 καὶ
894 1185 980 1222 τῶν
1013 1181 1200 1223 ὀδόντων
1234 1182 1467 1236 ἓκρίζωσιν,
1501 1185 1557 1230 εἰς
1590 1183 1664 1238 τὴν
1694 1183 1867 1239 Πάνορ-

373 1264 458 1302 μον
488 1254 628 1303 νῆσον,
660 1251 686 1304 ἢ
719 1253 794 1291 νῦν
824 1254 898 1291 τοῦ
925 1249 1161 1303 Ἀντιγόνου
1194 1250 1384 1298 καλεῖται,
1418 1251 1442 1292 ὁ
1478 1251 1684 1306 δυσσεβὴς
1715 1253 1868 1306 ὑπερο-

375 1317 476 1370 ρίζει
512 1317 719 1371 Θεόφιλος
750 1318 820 1359 καὶ
853 1317 967 1364 ἐντὸς
998 1319 1267 1372 καθείργνυσι
1299 1320 1518 1374 μνήματος
1547 1321 1649 1374 μετὰ
1683 1321 1761 1362 δύο
1797 1321 1868 1375 λῃ-
1886 1325 1930 1361 15

315 1388 362 1423 34
376 1389 502 1427 στῶν·
543 1383 606 1427 ὧν
636 1390 709 1427 τοῦ
742 1386 834 1432 ἑνὸς
866 1387 1084 1438 θανόντος,
1123 1387 1226 1441 ὅσην
1257 1388 1281 1428 ὁ
1314 1389 1429 1441 ἅγιος
1459 1390 1506 1429 ἐκ
1543 1393 1615 1443 τῆς
1648 1389 1870 1436 δυσώδους

374 1458 448 1495 τοῦ
479 1455 708 1502 τεθνεῶτος
735 1455 959 1509 ἀποφορᾶς
990 1456 1197 1510 ὕπήνεγκε
1225 1457 1320 1510 βίαν
1349 1456 1420 1498 καὶ
1446 1457 1595 1512 ἀηδίαν
1625 1458 1705 1500 οὐκ
1734 1459 1786 1500 ἄν
1813 1475 1871 1505 τις

375 1607 397 1643 5
421 1607 502 1652 περὶ
525 1613 752 1653 πατριαρχῶν
779 1609 1010 1654 (πατριάρχου
1038 1610 1082 1652 Ε)
1111 1609 1173 1646 ΟΕ
1336 1611 1381 1646 10
1406 1612 1455 1646 ὅτι
1482 1611 1540 1646 τὸν
1567 1611 1660 1656 ἱερὸν
1684 1612 1870 1647 ᾹῙεθόδιον

374 1656 570 1700 ὑπερώρισε
592 1656 653 1691 καὶ
678 1658 741 1692 ὅσα
766 1657 949 1702 ὑπέμεινεν
977 1657 1039 1693 CE

447 1804 468 1840 6
494 1805 551 1850 ἔτη
581 1816 655 1841 om.
684 1805 715 1840 Ο
852 1805 1046 1850 ἐκράτησεν
1071 1806 1124 1841 ἐπ’
1150 1807 1208 1851 ἔτη
1235 1808 1458 1850 τριςκαίδεκα
1485 1807 1516 1843 Ο
1658 1807 1771 1853 λόγος]
1798 1808 1871 1844 XV

447 1852 503 1895 26,
534 1852 576 1888 19
708 1853 729 1888 7
753 1855 947 1898 προείρηκε
974 1852 1142 1898 prDi‚
1167 1856 1379 1899 προείρηκεν
1405 1854 1451 1898 Α,
1478 1867 1514 1890 V.
1543 1855 1593 1890 ad
1620 1855 1715 1890 XIII
1745 1857 1774 1898 1,
1801 1856 1823 1891 5

447 1900 469 1935 8
495 1899 614 1945 ιάννὴν
637 1901 716 1944 Ew,
744 1901 844 1945 ἷανὴν
871 1901 917 1945 D,
945 1901 1064 1946 ἶαννῆν
1090 1901 1161 1936 AR
1187 1901 1239 1945 (v.
1265 1902 1381 1937 Cedr.
1410 1901 1598 1947 (Scylitz.)
1626 1903 1661 1938 11
1690 1915 1725 1948 p.
1742 1904 1822 1946 129,
1836 1903 1869 1938 6.

449 1947 527 1993 142,
555 1948 609 1983 19.
639 1948 717 1992 143,
744 1948 777 1992 4,
805 1948 949 1984 Genes.
978 1960 1014 1994 p.
1040 1949 1096 1987 27,
1125 1950 1179 1984 10.
1207 1949 1263 1992 75,
1290 1950 1322 1993 5,
1362 1951 1384 1984 ‘2
1410 1950 1580 1985 Timoth.
1607 1951 1639 1995 3,
1665 1951 1698 1995 8,
1727 1952 1868 1986 Euseb.

447 2006 584 2040 praep.
612 2006 759 2042 evang.
786 1996 818 2040 9,
846 1997 878 2037 8,
907 1996 1047 2031 Zonar.
1075 1997 1165 2031 XVI
1194 1998 1223 2041 1,
1253 1998 1310 2038 18)
1334 1998 1470 2043 Ἰάννην
1497 1998 1601 2043 ρ’*ὒὶ
1722 1999 1762 2033 11
1789 1998 1869 2033 ἑκό-

448 2057 580 2088 σμησεν
600 2044 706 2088 Ewp‚
734 2055 770 2078 V.
787 2044 839 2078 ad
853 2044 949 2078 XIII
967 2044 997 2088 1,
1012 2045 1034 2079 5
1144 2044 1189 2078 12
1213 2045 1342 2083 πολλὰς
1359 2046 1475 2084 αἰκίας
1502 2045 1598 2091 pr
1705 2046 1748 2081 14
1777 2050 1871 2081 ante

446 2096 553 2135 νῆσον
580 2091 671 2125 add.
698 2092 918 2136 καλουμένην
946 2091 976 2127 O
1090 2092 1338 2136 ἐπονομάζεται
1365 2092 1395 2128 Ο
1519 2094 1573 2128 16.
1603 2094 1646 2129 17
1671 2094 1712 2128 ἐκ
1738 2099 1799 2139 τῆς
1827 2113 1869 2119 -

447 2138 634 2184 ἀποφορᾶς
661 2149 736 2174 om.
764 2138 806 2183 O,
828 2150 864 2174 v.
884 2138 990 2185 Sym.
1010 2150 1116 2185 mag.
1143 2151 1179 2185 p.
1207 2140 1287 2184 644,
1313 2141 1335 2174 4

316 2284 361 2319 31
377 2290 517 2332 ceptus
544 2288 595 2322 ab
621 2288 863 2332 imperatore
890 2289 1105 2333 statimque
1123 2290 1305 2333 magistri
1324 2290 1476 2324 honore
1496 2293 1678 2334 ornatus3
1706 2292 1744 2324 et
1762 2290 1870 2334 regis

375 2334 499 2368 filium
524 2335 757 2370 Michaelem
785 2346 806 2370 e
833 2346 948 2371 sacro
974 2337 1215 2381 baptismate
1243 2338 1430 2381 suscepit,
1459 2347 1575 2381 quem
1603 2343 1718 2381 pater
1737 2337 1870 2372 diade-

374 2385 482 2416 mate
509 2383 635 2417 cinxit
661 2386 701 2418 et
727 2383 1000 2418 Romanorum
1027 2394 1163 2428 regem
1193 2384 1425 2419 declaravit.

315 2427 362 2462 32
494 2429 670 2465 Antonio
695 2431 926 2475 patriarcha
951 2435 1121 2474 mortuo,
1150 2441 1239 2466 cum
1265 2431 1361 2465 XIII
1388 2442 1515 2466 annos
1542 2431 1735 2466 eeclesiae
1757 2442 1870 2476 prae-

375 2477 527 2518 fuisset,
554 2477 738 2519 Ioannes,
767 2488 1035 2523 quemsupra
1064 2479 1237 2513 diximus
1264 2479 1473 2523 Theophili
1501 2483 1802 2523 praeceptorem
1830 2485 1870 2514 et

375 2524 684 2570 suffragatorem
729 2526 864 2568 fuisse,
908 2526 1137 2570 patriarcha
1177 2526 1423 2571 designatur,
1468 2537 1585 2571 quem
1626 2532 1665 2561 et
1702 2526 1868 2561 Iannem

375 2572 590 2616 vocabant,
629 2576 713 2607 tum
749 2573 799 2608 ob
832 2573 1028 2614 haeresin,
1068 2576 1149 2607 tum
1178 2578 1342 2618 propter
1368 2574 1618 2618 praestig-ias,
1655 2575 1692 2607 in
1722 2574 1869 2618 quibus

315 2616 361 2652 33
375 2620 627 2655 versabatur.
678 2619 980 2655 Sanctissimum
1008 2631 1105 2655 vero
1134 2620 1389 2663 Methodium,
1427 2622 1493 2666 qui
1526 2621 1671 2655 deinde
1703 2622 1869 2666 patriar-

375 2666 527 2701 chieam
547 2669 706 2702 ornavit
725 2668 871 2707 sedem,
899 2678 1116 2712 perversae
1136 2668 1243 2713 regis
1270 2669 1447 2713 opinioni
1476 2670 1749 2711 refragantem
1778 2673 1868 2713 post

374 2714 519 2748 multos
554 2716 757 2750 cruciatus
791 2715 1068 2760 malarumque
1102 2716 1378 2750 contusionem
1413 2719 1452 2750 et
1485 2716 1663 2750 dentium
1695 2716 1868 2751 evulsio-

375 2770 466 2795 nem
492 2762 532 2795 in
560 2762 730 2796 insulam
759 2762 1012 2806 panormum,
1046 2773 1150 2808 quae
1176 2774 1285 2797 nune
1309 2763 1502 2808 Antigoni
1529 2763 1685 2806 dicitur,
1723 2764 1868 2807 impius

375 2808 531 2852 relegat
548 2809 794 2854 Theophilus
821 2814 860 2845 et
886 2811 991 2844 intra
1019 2813 1317 2845 monumentum
1347 2821 1436 2845 cum
1465 2811 1624 2845 duobus
1642 2811 1867 2845 latronibus

315 2853 361 2887 34
375 2855 594 2899 conoludit3
634 2867 804 2901 quorum
833 2858 960 2892 altero
990 2860 1160 2901 mortuo,
1201 2861 1391 2902 quantam
1427 2858 1656 2892 violentiam
1685 2861 1724 2892 et
1750 2858 1868 2892 mole-

374 2903 490 2938 stiam
529 2904 590 2939 vir
627 2908 792 2940 sanetus
831 2916 880 2941 ex
920 2906 1149 2941 taeterrimo
1189 2905 1400 2941 cadaveris
1436 2908 1588 2941 foetore
1622 2906 1868 2950 toleraverit,
