2054 3282
366 205 436 244 242
728 202 909 243 ZONAR.
937 201 1066 240 EPIT.
1093 200 1184 239 XIV
1210 200 1266 247 ⁶25,
1293 200 1444 248 22-26,
1471 200 1503 239 5.

365 330 538 384 μήνυτο,
583 329 606 370 ὁ
642 326 832 382 βασιλεὺς
873 325 1139 379 ὑποτοπήσας
1178 325 1390 378 συμβῆναί
1424 341 1458 366 τι
1497 325 1732 380 φερόμενον
1768 323 1858 367 κατ’

367 398 508 445 αὐτοῦ,
541 398 762 450 ἐξώρμησε
788 399 860 449 τῆς
886 393 1140 441 Βυζαντίδος
1170 392 1241 433 καὶ
1272 393 1355 438 ἕως
1375 393 1576 448 Σινώπης
1607 394 1747 436 ἐλθὼν
1778 395 1861 449 ὁρᾷ

307 470 353 506 23
366 466 437 507 τὸν
468 465 613 507 στόλον
644 464 749 504 εὐθὺ
780 467 851 517 τῆς
881 462 1046 507 πόλεως
1066 460 1361 515 πλοϊζόμενον·
1395 462 1541 502 αὐτίκα
1563 462 1698 504 τοίνυν
1720 463 1862 517 γέγονε

307 539 354 574 24
366 534 436 575 καὶ
483 533 607 578 αὐτὸς
654 531 977 584 ὀπισθόρμητος.
1054 533 1127 570 τοῦ
1176 529 1220 570 δὲ
1260 529 1508 571 Φιλιππικοῦ
1555 530 1862 585 εὐπλοήσαντος

324 602 435 643 Οκαὶ
466 599 862 655 προκαταλαβόντος
892 597 966 651 τὴν
996 597 1287 651 μεγαλόπολιν,
1320 598 1477 643 ἐκεῖνος
1498 598 1542 639 ἐν
1562 603 1623 651 τῷ
1644 598 1896 653 Δαματρύϊ5

307 676 353 711 25
366 671 593 724 ἐσκήνωσε.
655 668 763 720 πρὸς
803 668 850 707 ὃν
890 666 913 707 ὁ
945 667 1163 719 εἰρημένος
1193 665 1334 711 Ἠλίας
1377 666 1620 712 ἀποσταλεὶς
1663 667 1858 723 ἠδυνήθη

364 742 499 779 πεῖσαι
530 737 575 777 τὸ
606 736 708 789 μετὰ
730 734 1018 776 Ἰουστινιανοῦ
1047 733 1340 788 στρατιωτικὸν
1371 735 1597 790 ἀποστῆναι
1628 736 1757 777 αὐτοῦ
1788 736 1860 778 καὶ

306 814 352 848 ‘26
365 810 625 860 προσρυῆναι
662 803 909 856 Φιλιππικῴ.
971 803 1262 856 καταλειφθεὶς
1299 804 1436 844 τοίνυν
1472 804 1587 858 παρὰ
1619 808 1704 846 τῶν
1735 820 1857 859 στρα-
1872 809 1908 844 D
1927 809 2054 846 111334

364 877 524 915 τιωτῶν
562 871 849 918 Ἰουστινιανὸς
894 875 1100 926 χειροῦται
1146 872 1216 912 καὶ
1262 872 1401 926 χερσὶν
1448 873 1615 918 οἰκείαις
1661 873 1791 919 εὐθὺς
1835 873 1859 914 ὁ

306 951 350 986 ‘27
363 941 505 987 “Ηλίας
537 941 678 996 ἀφεῖλε
708 940 782 994 τὴν
814 940 942 981 αὐτοῦ
974 940 1176 994 κεφαλήν.
1239 940 1263 981 ὁ
1296 940 1340 982 δὲ
1371 941 1519 982 τούτου
1557 945 1654 988 παῖς
1685 941 1709 983 ὁ
1743 941 1858 997 Τιβὲ-
1874 947 1920 982 10

364 1026 453 1064 ριος
483 1009 586 1064 μετὰ
618 1014 689 1064 τῆς
719 1008 827 1063 πρὸς
857 1008 1016 1063 μητρὸς
1045 1009 1226 1063 μάμμης
1241 1009 1509 1055 Ἀναστασίας
1543 1009 1584 1065 (ἡ
1619 1009 1698 1065 γὰρ
1719 1012 1858 1066 μήτηρ

363 1079 492 1120 αὐτοῦ
530 1078 738 1130 Θεοδώρα
770 1078 884 1132 ἔφθη
918 1077 1077 1131 θανεῖν)
1116 1083 1177 1132 τῷ
1215 1078 1258 1119 ἒν
1290 1078 1548 1132 Βλαχέρναις
1591 1084 1684 1133 ναῷ
1725 1095 1858 1134 προσ-

363 1147 515 1201 φυγὼν
553 1147 687 1188 εἶσέδυ
718 1146 765 1188 τὸ
797 1148 915 1188 θεῖον
945 1147 1242 1201 θυσιαστήριον
1273 1147 1343 1188 καὶ
1374 1146 1457 1188 ὑπὸ
1488 1146 1563 1201 τὴν
1592 1152 1760 1204 παναγῆ
1791 1165 1857 1202 γε-

362 1216 539 1270 νόμενος
574 1215 795 1269 τράπεζαν,
840 1214 933 1261 ἑνὸς
963 1218 1049 1256 τῶν
1078 1215 1230 1269 ταύτην
1262 1215 1497 1269 ἀνεχόντων
1529 1216 1758 1258 στυλίσκων
1790 1217 1855 1258 δε-

242 1292 277 1327 D
303 1293 350 1328 28
364 1285 599 1339 δραγμένος
638 1285 790 1325 ἱκέτευε
828 1282 887 1338 μὴ
932 1283 1087 1325 θανεῖν.
1150 1280 1236 1324 ἀλλ’
1270 1285 1311 1325 οῖ
1348 1283 1557 1330 σταλέντες
1595 1285 1652 1330 εἷς
1691 1285 1857 1339 ζήτησιν
1872 1292 1916 1327 15

362 1354 490 1395 αὐτοῦ
523 1353 812 1401 ἐξελκύσαντες
839 1356 913 1393 τοῦ
934 1353 1233 1406 θυσιαστηρίου
1254 1351 1326 1393 τὸν
1346 1353 1475 1394 παῖδα
1497 1353 1686 1408 μαχαίρᾳ
1706 1353 1855 1395 τούτου

361 1421 432 1463 τὸν
461 1421 611 1475 λαιμὸν
643 1421 704 1467 ὡς
733 1422 1005 1476 βοσκήματος
1036 1421 1241 1475 ἀπέτεμον
1273 1421 1457 1475 ἀπηνῶς.

290 1494 347 1537 26
471 1489 583 1544 ’Ήδη
634 1490 679 1531 δὲ
724 1494 796 1544 τῆς
841 1490 1048 1544 βασιλείας
1093 1489 1233 1544 τυχὼν
1276 1489 1300 1530 ὁ
1343 1489 1588 1536 Φιλιππικὸς
1632 1489 1739 1532 κατὰ
1784 1495 1857 1546 τῆς

361 1559 482 1613 ἕκτης
513 1560 805 1613 οἶκουμενικῆς
837 1558 1018 1600 συνόδου
1053 1558 1276 1612 ὡπλίσατο,
1321 1558 1392 1599 καὶ
1431 1558 1611 1600 σύνοδον
1650 1559 1856 1614 ἀθροίσας

361 1689 382 1723 6
407 1687 582 1732 ἀναίρεσις
608 1688 814 1733 (ἀνάρρησις
833 1687 876 1733 C)
898 1688 1142 1723 Ἰουστινιανοῦ
1167 1688 1227 1723 καὶ
1249 1693 1308 1723 τοῦ
1333 1688 1458 1727 παιδὸς
1485 1690 1576 1731 (υἱοῦ
1595 1689 1639 1731 Ε)
1666 1689 1774 1724 αὐτοῦ
1792 1688 1855 1725 CE

363 1737 407 1771 18
430 1736 587 1781 βασιλεία
618 1736 832 1771 Φιλιππικοῦ
859 1741 918 1771 τοῦ
945 1736 1004 1771 καὶ
1030 1736 1200 1781 Βαρδάνη
1229 1741 1270 1777 (τ.
1298 1751 1331 1771 κ.
1355 1737 1468 1781 Βαρδ.
1498 1747 1572 1771 om.
1591 1736 1638 1781 B)
1664 1736 1746 1782 AR,
1772 1738 1856 1772 ὅθεν

360 1783 526 1829 ἀθετῆσαι
553 1783 616 1829 τὴν
642 1784 670 1823 ς’
699 1784 848 1819 σύνοδον
872 1784 1042 1829 προήχθη
1072 1783 1134 1819 CE

431 1903 454 1938 2
478 1903 654 1948 ἐξώρμισε
680 1903 726 1946 D,
755 1913 856 1938 corr.
884 1903 952 1941 Dw
1067 1903 1089 1937 3
1113 1903 1355 1947 πλωϊζόμενον
1380 1903 1481 1949 pr
1595 1904 1618 1939 5
1643 1904 1855 1950 καταλαβόν-

432 1965 488 1989 τος
515 1950 546 1985 O
646 1952 668 1985 6
693 1951 792 1996 ἧλιάς
814 1950 859 1993 Α,
886 1951 984 1996 ἠλιάς
1003 1950 1170 1996 prDz',
1198 1962 1234 1985 v.
1262 1951 1314 1985 ad
1332 1951 1424 1986 XIV
1449 1951 1505 1995 25,
1535 1952 1578 1987 17
1675 1952 1697 1987 6
1723 1953 1855 1991 σταλεὶς

433 1997 589 2044 EwpDi
686 1999 707 2034 7
732 2004 873 2043 ποιῆσαι
898 1996 932 2032 D
1031 2002 1125 2034 ante
1151 2000 1257 2033 ιὀυστ.
1285 1998 1377 2033 add.
1405 2005 1465 2034 τοῦ
1491 2000 1587 2045 Ewp
1688 2000 1732 2035 10
1756 2000 1854 2046 ἠλιάς

431 2045 577 2092 Apr,
606 2057 642 2082 v.
670 2057 728 2082 vs.
755 2047 777 2081 6
900 2047 941 2080 11
967 2047 1088 2091 μάμης
1115 2046 1196 2090 ED,
1225 2057 1325 2081 corr.
1356 2046 1423 2086 Dw
1534 2048 1578 2082 14
1603 2047 1797 2093 ε’νεχόντων
1824 2048 1854 2083 Ε

433 2094 478 2129 16
504 2097 598 2129 ante
624 2099 685 2129 τοῦ
712 2094 804 2129 add.
829 2094 871 2128 ἐκ
898 2094 940 2139 Ε,
967 2105 1005 2129 V.
1033 2094 1084 2129 ad
1110 2094 1202 2129 XIV
1230 2094 1284 2139 17,
1312 2093 1357 2129 15

360 2210 566 2255 profectus
594 2218 685 2243 cum
713 2218 843 2253 usque
859 2207 1049 2253 Sinopen]
1064 2209 1252 2251 venisset,
1280 2208 1391 2243 videt
1406 2208 1574 2244 classem
1599 2209 1742 2245 urbem
1769 2221 1854 2246 ver-

218 2258 272 2294 23.
300 2258 428 2293 24sus
462 2257 798 2302 proficiscentem3
838 2257 969 2291 statim
998 2257 1121 2301 igitur
1160 2259 1198 2291 et
1236 2257 1321 2301 ipse
1360 2267 1486 2291 naves
1514 2258 1723 2293 convertit.
1774 2257 1854 2294 Sed

359 2304 605 2349 philippicus
632 2314 826 2349 prospera
852 2304 1117 2349 naviga-tione
1150 2314 1248 2338 usus
1275 2308 1548 2349 praeoccupat
1573 2315 1764 2350 magnam
1790 2316 1855 2341 ur-

300 2354 346 2389 25
359 2353 461 2395 bem,
489 2352 554 2387 ille
580 2355 716 2386 aut-em
742 2352 783 2386 in
810 2351 1006 2397 Damat1·y
1033 2352 1182 2386 stativa
1209 2351 1341 2386 habet.
1391 2350 1454 2386 Ad
1482 2362 1601 2396 quem
1626 2352 1763 2388 Helias
1788 2354 1853 2389 ille

358 2400 503 2435 missus
527 2399 738 2434 Iustiniani
753 2398 944 2434 militibus
957 2400 1167 2444 persuasit,
1194 2404 1239 2434 ut
1254 2399 1412 2434 deserto
1439 2399 1505 2434 illo
1532 2409 1575 2435 se
1601 2400 1653 2435 ad
1667 2400 1854 2446 Philippi-

300 2448 346 2484 26
360 2458 451 2482 cum
466 2447 709 2482 conferrent.
747 2446 996 2482 lastinianus
1010 2447 1145 2492 igitur,
1173 2457 1264 2482 cum
1291 2457 1315 2480 a
1340 2446 1531 2481 militibus
1547 2447 1730 2483 desertus
1749 2451 1853 2484 esset

361 2499 514 2540 eaptus,
541 2495 674 2530 statim
702 2494 753 2529 ab
768 2494 884 2529 Helia
911 2495 993 2529 suis
1007 2494 1194 2529 manibus
1211 2494 1365 2529 occisus
1381 2497 1440 2529 est
1455 2495 1586 2539 capite
1602 2495 1852 2531 detruncato.

300 2544 345 2579 27
359 2542 482 2578 Filius
517 2546 652 2578 autem
686 2542 772 2577 eius
799 2541 986 2577 Tiberius
1021 2552 1111 2576 cum
1146 2542 1239 2576 avia
1274 2545 1456 2576 materna
1493 2542 1709 2578 Anastasia
1745 2544 1853 2586 (nam

360 2589 575 2625 Theodora
601 2593 728 2625 mater
753 2590 832 2624 iam
860 2589 1031 2632 obierat)
1058 2590 1099 2623 in
1125 2589 1316 2634 templum
1342 2588 1624 2625 Blachernium
1657 2591 1851 2637 confugit,

360 2647 532 2682 eumque
558 2641 861 2673 sacrosanctum
900 2637 1088 2672 sacellum
1115 2637 1324 2682 ingressus
1350 2647 1527 2671 mensam
1560 2639 1851 2673 sanctissimam

360 2685 557 2727 subiisset,
596 2685 796 2730 prehensa
821 2695 905 2719 una
932 2685 1142 2719 columella
1169 2694 1256 2719 eain
1284 2684 1475 2720 fulciente
1501 2688 1668 2720 mortem
1701 2690 1760 2721 est
1787 2686 1851 2722 de-

301 2733 346 2767 <28
360 2735 559 2777 precatus.
610 2731 689 2768 Sed
707 2733 775 2777 qui
802 2732 854 2767 ad
881 2743 972 2767 eum
987 2732 1263 2777 quaerendum
1279 2735 1394 2767 erant
1408 2732 1528 2776 missi,
1554 2734 1669 2778 pueri
1695 2744 1717 2769 e
1735 2744 1850 2769 sacro

359 2780 550 2815 abstracti
577 2780 723 2815 collum
746 2783 952 2825 tamquam
978 2779 1145 2825 pecudis
1172 2779 1388 2814 crudeliter
1412 2784 1685 2816 resecuerunt.

477 2827 534 2862 26.
583 2827 668 2862 Iam
694 2829 845 2873 potitus
870 2838 998 2873 regno
1025 2827 1294 2862 PHILIPPICvs
1321 2830 1461 2862 contra
1488 2831 1644 2863 sextam
1671 2838 1851 2864 oecume-

360 2875 488 2909 nicam
510 2875 708 2920 synodum
736 2886 847 2910 arma
862 2876 1022 2921 paravit
1037 2875 1268 2920 indictaque
1287 2875 1443 2920 synodo
1472 2875 1587 2910 homo
1618 2875 1682 2911 ille
1709 2887 1850 2922 vanus,
