2054 3282
421 220 490 258 238
770 217 951 258 zoNAR.
979 217 1108 255 EPIT.
1136 216 1227 254 xiv
1253 215 1309 264 24,
1337 215 1487 264 16—25‚
1516 215 1571 255 11.

423 343 678 398 ὃευσάμενος
722 343 970 396 ἀπεπειρᾶτο
1016 344 1099 382 τῶν
1142 340 1334 388 πολιτῶν,
1380 341 1520 385 αὐτοῖς
1559 341 1606 381 ἐκ
1646 345 1718 382 τοῦ
1760 341 1920 397 τείχους

364 417 408 452 17
421 412 733 466 προκύπτουσιν
778 411 947 464 ὁμιλῶν.
1011 410 1050 450 οἱ
1083 409 1127 450 δὲ
1167 410 1217 450 οὗ
1254 409 1388 463 μόνον
1426 408 1553 451 αὐτὸν
1594 410 1644 451 οὗ
1687 411 1918 464 προσίεντο,

364 486 408 520 18
422 479 627 520 ἀλλὰκαὶ
658 480 798 533 ’ὕβρεις
830 479 957 519 αὐτοῦ
991 478 1188 531 κατέχεον
1226 477 1487 531 πλημιιιελεῖς.
1551 477 1700 524 νυκτὸς
1740 478 1815 520 οὗν
1853 479 1919 521 διὰ

421 553 494 589 τοῦ
527 549 699 601 ἀγωγοῦ
732 547 868 592 εἰσδὺς
900 546 1014 591 ἐντὸς
1046 546 1171 586 ἀνέδυ
1204 550 1275 600 τῆς
1306 546 1471 591 πόλεως
1499 545 1570 586 καὶ
1590 547 1740 601 ταύτης
1761 548 1920 601 ἐγένετο

364 623 408 657 19
423 617 637 670 ἐγκρατής.
700 616 724 655 ὁ
747 615 792 656 δὲ
808 615 1044 668 Ἀψίμαρος
1066 615 1122 660 εἷς
1139 614 1452 655 Ἀπολλωνιάὸα
1476 615 1626 668 φυγὼν
1658 616 1918 671 κατελήφθη.
1933 624 1956 659 5

135 691 220 727 PII
231 690 325 727 96Α
351 686 408 728 25
549 685 623 738 Τῷ
654 684 732 737 μὲν
764 683 839 724 οὖν
869 687 954 724 τῶν
976 683 1240 737 Βουλγάρων
1267 683 1434 737 ἄρχοντι
1467 683 1587 737 δῶρα
1618 683 1750 725 πολλὰ
1781 700 1918 738 παρα-

423 753 538 807 σχὼν
570 752 640 793 καὶ
673 752 891 806 συνθήκας
922 753 1088 807 εἰρήνης
1118 749 1204 806 μετ’
1239 752 1367 792 αὐτοῦ
1405 753 1687 806 ποιησάμενος
1725 753 1920 795 ἀπελθεῖν

386 820 549 862 ’Ξαῦτὸν
591 821 913 874 παρεσκεύασεν.
975 824 1048 862 τοῦ
1095 820 1140 861 δὲ
1173 820 1412 875 Ἀψιμάρου
1451 820 1523 861 καὶ
1557 820 1807 874 Ἡρακλείου
1846 826 1920 864 τοῦ

422 889 608 943 ἀδελφοῦ
641 889 770 930 αὐτοῦ
801 889 910 943 πρὸς
941 888 1067 930 αὐτὸν
1099 889 1329 943 ἀχθέντων,
1362 889 1463 930 ἀλλὰ
1492 889 1578 943 μὴν
1600 889 1670 931 καὶ
1691 895 1764 931 τοῦ
1786 890 1919 932 Λεον-

421 958 522 1012 τίου,
567 957 638 998 τὸν
674 957 752 1011 μὲν
779 957 1027 1012 Ἡράκλειον
1064 957 1139 998 σὺν
1178 957 1316 1003 ἄλλοις
1351 957 1530 999 πλείοσιν
1562 958 1606 999 ἓν
1637 958 1774 1006 ξύλοις
1803 958 1920 1013 παρὰ
1937 964 1980 999 10

387 1030 506 1071 3τοῖς
536 1026 704 1080 τείχεσιν
736 1026 980 1080 ἀπῃώρησε,
1013 1025 1084 1067 τὸν
1105 1026 1342 1080 Ἀψίμαρον
1375 1026 1422 1067 δέ
1453 1042 1498 1080 γε
1529 1026 1599 1067 καὶ
1630 1026 1702 1068 τὸν
1723 1027 1920 1069 Λεόντιον

424 1095 619 1148 δεσμίους
652 1094 717 1135 διὰ
753 1099 825 1149 τῆς
862 1095 1021 1149 ἀγορᾶς
1059 1095 1327 1148 περιαγαγὼν
1370 1094 1441 1136 καὶ
1484 1095 1706 1148 θεατρίσας
1749 1096 1920 1137 ἱππικοῦ

423 1163 648 1217 ἀγομένου,
682 1164 875 1217 ῥιφέντας
906 1163 990 1204 ὑπὸ
1021 1164 1118 1209 τοὺς
1148 1163 1284 1209 πόδας
1316 1164 1444 1204 αὐτοῦ
1467 1163 1572 1204 κατὰ
1594 1167 1679 1205 τῶν
1699 1165 1921 1219 τραχήλων

421 1232 645 1286 πεπάτηκε,
690 1232 761 1272 καὶ
805 1233 941 1278 οὕτως
980 1232 1239 1287 ἐκτμηθῆναι
1278 1231 1350 1278 τὰς
1389 1232 1529 1273 αὐτῶν
1565 1232 1752 1286 κεφαλὰς
1786 1233 1829 1274 ἓν
1859 1238 1920 1286 τῷ

423 1301 625 1355 Κυνηγίῳ
661 1301 925 1355 προσέταξεν,
970 1300 1070 1341 ἑπτιὶ
1102 1305 1175 1342 τοῦ
1204 1301 1443 1355 Ἀψιμάρου
1482 1300 1693 1346 ἐνιαυτοὺς
1729 1301 1918 1355 βασιλεύ·
1935 1307 1979 1342 15

386 1375 581 1416 4σαντος.
642 1369 713 1410 τὸν
746 1369 791 1410 δὲ
816 1370 1076 1424 πατριάρχην
1097 1370 1345 1410 Καλλίνικον
1375 1369 1580 1423 πρότερον
1611 1370 1739 1410 αὐτοῦ
1770 1370 1917 1424 πηρώ-

422 1521 444 1556 6
470 1526 530 1556 τοῦ
548 1521 756 1566 ῥινοτμήτου
776 1521 1017 1556 Ἰουστινιανοῦ
1034 1521 1191 1566 βασιλεία
1210 1521 1246 1555 τὸ
1264 1521 1427 1564 δεύτερον
1452 1519 1498 1564 A,
1523 1521 1681 1566 βασιλεία
1700 1520 1736 1555 τὸ
1754 1521 1917 1565 δεύτερον

418 1569 664 1604 Ἰουστινιανοῢ
690 1574 750 1603 τοῦ
775 1569 984 1613 ῥινοτμήτου
1012 1568 1078 1604 CD
1177 1570 1198 1603 8
1224 1570 1319 1606 ὅπως
1345 1569 1490 1603 ἐκόλασε
1515 1569 1573 1602 τὸν
1591 1569 1757 1603 Λεόντιον
1782 1569 1841 1603 καί
1861 1568 1918 1603 τὸν

418 1617 613 1661 Ἀψίμαρον
650 1616 710 1651 καὶ
742 1616 798 1650 τὸν
819 1617 1033 1661 Ἠράκλειον
1063 1616 1123 1651 καὶ
1154 1617 1291 1660 ἑτέρους
1317 1617 1336 1650 ὁ
1358 1615 1600 1654 Ἰουστινιανὸς
1633 1616 1692 1650 καὶ
1719 1616 1775 1650 τὸν
1798 1630 1917 1660 πατρι-

422 1664 536 1709 άρχην
563 1663 592 1699 C
692 1664 735 1698 16
760 1664 838 1709 περὶ
863 1669 1091 1709 πατριαρχῶν
1117 1665 1148 1699 Ε

492 1802 516 1836 4
540 1802 640 1837 ἐνέδυ
668 1801 769 1839 EDw
878 1801 900 1836 5
926 1802 1108 1847 άψίμαρος
1134 1801 1170 1835 D
1277 1805 1367 1847 post
1393 1802 1604 1846 κατελήφθη
1635 1801 1725 1836 add.
1751 1801 1835 1837 ἑπτὰ
1858 1803 1918 1847 βα-

494 1850 651 1888 σιλεύσας
676 1850 862 1890 ἐνιαυτούς.
890 1849 999 1894 pr‚
1028 1861 1064 1884 V.
1086 1860 1142 1884 VS.
1167 1850 1207 1884 15
1305 1850 1326 1883 6
1357 1851 1414 1893 Τῷ
1438 1849 1503 1893 μὲν
1529 1849 1591 1884 οὗν
1616 1849 1695 1894 ΑΕ,
1726 1850 1829 1886 Οὕτω
1854 1849 1919 1894 μὲν

494 1898 514 1932 ὁ
539 1897 766 1936 ιόυστινιανὸς
798 1898 911 1941 ἑαυτῷ
938 1897 1000 1942 τὴν
1030 1898 1210 1942 βασιλείαν
1241 1897 1495 1937 ἔπανεσώσατο,
1534 1898 1658 1942 ταύτης
1690 1897 1728 1931 τὸ
1756 1898 1919 1942 δεύτερον

494 1945 697 1990 ῥινότμητος
720 1945 853 1990 ἐπιβάς.
882 1951 930 1989 τῷ
957 1945 996 1979 δὲ
1022 1945 1119 1990 pr
1265 1946 1286 1979 8
1312 1950 1371 1979 τοῦ
1398 1945 1437 1979 δὲ
1461 1944 1606 1990 AEwp,
1634 1945 1705 1980 εἶτα
1731 1950 1791 1980 τοῦ
1818 1945 1849 1979 Ο

498 1994 542 2027 10
565 1992 630 2037 μὲν
658 2003 732 2028 om.
757 1992 814 2028 Di
839 1994 975 2028 invitis
1002 1992 1137 2038 ARWI)
1273 1993 1313 2026 11
1342 1993 1556 2037 ἀπηώρησεν
1582 1993 1629 2036 D,
1656 1993 1739 2027 iota
1765 1994 1917 2028 subscr.

496 2041 587 2075 add.
616 2040 694 2084 Dw,
724 2052 758 2075 v.
787 2041 838 2076 ad
865 2040 961 2076 XIII
990 2042 1020 2084 1,
1047 2042 1069 2075 ’5
1184 2041 1228 2074 1ἵ)
1254 2042 1452 2085 κυνηγεσίῳ
1479 2051 1541 2086 wp
1570 2042 1820 2082 (venationez
1852 2042 1918 2076 Wo

495 2089 577 2130 lat.)
604 2089 741 2123 invit-is
768 2087 837 2123 AR
864 2089 1076 2134 Niceplior.
1103 2087 1217 2124 CPoI.
1245 2099 1280 2133 p.
1299 2088 1357 2130 42,
1388 2089 1441 2131 19,
1469 2087 1685 2133 Tl100ph.1
1712 2099 1748 2133 p.
1766 2088 1847 2132 375,
1878 2088 1920 2122 15

541 2136 727 2180 προςέταξε
754 2135 784 2171 Ο
812 2139 864 2181 (V.
890 2147 983 2172 ann.
1011 2139 1138 2181 sequ.)
1282 2135 1682 2181 ἕπτὰ--βασιλεύσαντος
1709 2146 1783 2170 om.
1811 2135 1853 2180 O,
1882 2147 1918 2171 V.

496 2194 554 2219 vs.
581 2184 604 2218 ἶ)

367 2321 411 2356 17
425 2321 652 2368 pinnaculis
678 2322 1032 2368 prospectantibus
1059 2321 1302 2367 colloquens.
1353 2321 1412 2356 Illi
1439 2331 1537 2357 vero
1565 2331 1656 2357 eum
1692 2332 1773 2357 non
1799 2321 1919 2357 modo

367 2370 412 2404 18
425 2380 506 2405 non
533 2370 772 2414 invitabant,
799 2370 870 2405 sed
885 2371 1003 2405 etiam
1020 2370 1224 2405 atrocibus
1243 2369 1464 2404 maledictis
1479 2370 1745 2404 incessebant.
1771 2369 1919 2405 Verum

426 2420 548 2452 noctu
578 2427 650 2462 per
677 2417 977 2463 aquaeductum
1005 2419 1213 2463 Ingressus
1239 2418 1344 2452 intra
1379 2417 1520 2452 urbem
1548 2417 1784 2452 ascensione
1810 2417 1919 2451 facta

367 2465 411 2500 19
424 2464 620 2510 Byzantio
647 2466 810 2511 potitur.
861 2465 1096 2511 Apsimarus
1121 2469 1267 2508 autem,
1301 2465 1368 2509 qui
1395 2463 1648 2510 Apolloniam
1665 2466 1918 2510 confugerat,

426 2516 568 2558 eaptus
596 2516 667 2548 est.

544 2559 601 2595 25.
651 2560 921 2607 Bulgarorum
949 2561 1170 2607 principem
1198 2570 1287 2595 cum
1316 2559 1431 2594 donis
1445 2559 1577 2594 multis
1603 2560 1682 2594 icto
1709 2560 1821 2605 pac-is
1839 2560 1918 2595 foe-

389 2608 522 2643 2dere
537 2608 694 2643 dimisit.
745 2607 957 2654 Apsimaro
985 2618 1083 2644 vero
1111 2611 1150 2642 et
1164 2607 1362 2651 Heraclio,
1392 2608 1477 2642 eius
1496 2607 1631 2650 fratre,
1659 2611 1781 2652 atque
1800 2607 1920 2642 etiam

426 2655 596 2691 Leontio
612 2655 664 2690 ad
678 2665 720 2691 se
736 2656 932 2701 adductis,
951 2656 1181 2691 Heraclium
1200 2665 1290 2690 cum
1306 2655 1393 2690 aliis
1408 2655 1590 2700 pluribus
1607 2655 1656 2690 de
1671 2655 1790 2700 lignis
1804 2655 1920 2689 iuxta

390 2703 412 2737 3
427 2704 586 2738 moenia
608 2703 828 2749 suspendit,
855 2702 1111 2749 Apsimarum
1131 2706 1170 2738 et
1187 2702 1400 2738 Leontium
1420 2702 1590 2737 vinculis
1609 2713 1680 2747 per
1699 2703 1831 2737 forum
1851 2703 1920 2737 cir-

427 2751 663 2786 cumductos
678 2751 782 2786 ludis
799 2750 1054 2787 Circensibus
1073 2750 1303 2796 spectaculo
1319 2750 1510 2794 exhibuit,
1538 2759 1711 2795 cumque
1729 2750 1839 2785 collis
1858 2760 1918 2785 eo*

427 2808 516 2832 rum
543 2802 637 2833 ante
664 2809 706 2834 se
733 2799 1005 2844 proiectorum
1032 2798 1202 2844 pedibus
1227 2798 1469 2841 insultasset,
1510 2798 1566 2832 sic
1600 2798 1759 2832 demum
1787 2798 1920 2843 capita

428 2846 468 2879 in
495 2846 789 2891 amphitheatro
817 2846 890 2882 illis
917 2846 1096 2892 praecidi
1122 2846 1247 2889 iussit,
1292 2855 1382 2880 cuin
1409 2843 1645 2890 Apsimarus
1670 2849 1823 2891 septem
1850 2855 1921 2890 per

390 2892 556 2927 4annos
583 2896 805 2939 regnasset.
856 2893 1089 2930 Callinicum
1117 2893 1387 2939 patriarcham
1416 2893 1542 2928 oculis
1568 2893 1678 2938 prius
1706 2893 1829 2928 erutis
1848 2892 1920 2928 Ro-
