2054 3282
115 705 162 741 W
173 705 284 740 11145
306 705 327 740 ’ἲ
341 705 468 743 τικσῦ.

342 232 407 269 134
751 233 933 270 ZONAR.
961 233 1090 268 EPIT.
1117 232 1208 268 XIV
1234 233 1266 276 3,
1293 231 1422 269 4-17.

303 357 420 409 ε’)κίῳ
458 356 529 396 καὶ
562 356 739 410 Ζήνωνι.
801 355 904 410 μετὰ
945 355 990 397 δὲ
1027 359 1133 408 τρεῖς
1171 359 1309 409 μῆνας
1346 354 1454 410 πρὸς
1490 360 1553 409 τῷ
1591 357 1726 411 ἡμίσει
1765 354 1836 396 καὶ

339 423 462 471 οὗτος
494 426 704 480 ἀπήλλαξε
734 424 808 479 τὴν
840 425 969 478 ζωήν,
1015 424 1085 465 καὶ
1122 424 1302 479 προέστη
1341 429 1414 479 τῆς
1450 425 1671 479 ἐκκλησίας
1709 424 1834 466 Κων-

340 494 717 540 σταντινουπόλεως
749 495 773 535 ὁ
805 493 1044 547 Εὐφήμιος,
1090 492 1204 539 ὅσιος
1240 492 1346 547 ἀνὴρ
1384 493 1455 535 καὶ
1492 493 1836 548 ὀρθοδοξότατος.

305 564 388 609 6ὃς
418 567 493 604 τοῦ
515 563 698 616 Μογγοῦ
720 562 889 616 ῙΙέτρου
922 562 1058 615 ὄνομα
1090 561 1161 603 τὸν
1192 562 1353 616 θρόνον
1383 568 1455 618 τῆς
1484 563 1668 618 μεγάλης
1683 562 1836 604 Ἄντιο-

340 633 453 687 χείας
486 632 751 686 ἁρπάσαντος
781 631 1013 685 λῃστρικῶς
1043 634 1128 672 τῶν
1161 632 1372 686 διπτύχων
1396 632 1623 687 ἀπήλειψεν
1644 633 1706 678 ὡς
1727 633 1875 686 αἶρε-5

342 769 498 824 ἀνδρὸς
542 768 784 823 ὀρθοδόξου
822 769 893 810 καὶ
929 770 1246 823 καθαψαμένου
1287 769 1354 811 διὰ
1395 771 1656 825 γραμμάτων
1691 775 1767 814 τοῦ
1798 787 1840 812 τε

343 839 548 893 Ζήνωνος
578 838 649 879 καὶ
679 842 753 879 τοῦ
773 837 987 891 Ἂκακίου,
1021 838 1081 879 ὅτι
1111 844 1173 892 τῷ
1194 838 1363 893 Μογγῴ
1395 839 1648 881 ἐκοινώνουν
1668 839 1838 894 Πέτρῳ,

342 912 414 962 τῆς
451 907 672 961 Εὐτυχοῧς
708 906 779 948 καὶ
818 906 1054 961 Διοσκόρου
1093 908 1177 949 ὄντι
1214 909 1428 962 αἱρέσεως,
1471 908 1646 962 μάλιστα
1687 908 1733 950 δὲ
1769 908 1840 950 καὶ

298 977 636 1030 Βκαθαιρέσεως
672 976 856 1031 λίβελλον
894 976 1121 1022 στείλαντος
1150 976 1351 1032 Ἀκακίῳ,
1398 976 1463 1018 διὸ
1506 977 1577 1018 καὶ
1618 977 1665 1018 τὸ
1703 977 1840 1031 ὄνομα
1860 981 1903 1017 10

308 1046 473 1087 8αὗτοῦ
506 1045 530 1086 ὁ
555 1045 752 1091 Ἀκάκιος
789 1045 836 1086 ἕκ
872 1048 957 1086 τῶν
995 1045 1206 1100 διπτύχων
1243 1046 1482 1101 ἀπήλειψεν.
1545 1044 1668 1092 οὗτος
1706 1046 1842 1087 τοίνυν

344 1115 368 1155 ὁ
399 1114 658 1169 πατριάρχης
689 1113 917 1169 Εὐφήμιος
960 1116 1173 1169 ἔγγραφον
1217 1115 1437 1170 ἷδιόχειρον
1473 1118 1546 1157 τοῦ
1572 1113 1841 1156 Ἀναστασίου

346 1183 573 1237 δεξάμενος
605 1183 667 1229 ὡς
699 1183 857 1237 δέχεται
887 1182 936 1224 τὰ
967 1188 1040 1238 τῆς
1072 1183 1293 1239 ἐκκλησίας
1325 1184 1513 1238 δόγματα
1545 1184 1616 1225 καὶ
1645 1182 1694 1225 τὰ
1725 1182 1841 1237 παρὰ

344 1256 417 1307 τῆς
455 1253 499 1294 ἒν
537 1250 784 1306 Χαλκηδόνι
823 1252 1005 1293 συνόδου
1045 1253 1265 1307 ὁρισθέντα
1305 1254 1479 1308 φυλάξει
1515 1253 1661 1301 πάντα,
1705 1253 1871 1311 στέφει,

310 1321 483 1362 9αὗτόν.
546 1321 570 1362 ὁ
611 1321 655 1362 δὲ
695 1321 840 1362 αὐτίκα
880 1320 954 1375 τὴν
987 1320 1208 1375 Ἀριάδνην
1250 1321 1517 1376 μνηστεύεται
1559 1321 1631 1363 καὶ
1674 1319 1842 1375 γραφὴν
1859 1322 1903 1359 15

345 1394 516 1431 ποιεῖται
554 1390 760 1444 βασίλειον
804 1390 995 1444 ἀφιεῖσαν
1030 1389 1078 1430 τὰ
1115 1390 1239 1444 μέχρι
1275 1390 1364 1431 τότε
1399 1395 1461 1444 τῷ
1499 1390 1691 1444 δημοσίῳ
1726 1389 1842 1442 παρά

289 1464 333 1499 10
346 1474 469 1500 τινων
494 1458 756 1514 ὀφειλόμενα.
819 1459 900 1514 ἤδη
932 1458 977 1501 δὲ
997 1464 1330 1515 τεσσαρακοστῆς
1350 1460 1663 1515 παραρρυείσης
1683 1459 1844 1514 ἡμέρας

419 1620 438 1654 1
457 1619 495 1655 τὸ
514 1619 630 1665 ἡμίσει
649 1619 680 1654 Ε
777 1619 800 1654 2
817 1619 993 1664 ἀπήλλαξε
1011 1618 1079 1654 ΑΕ
1098 1618 1273 1664 (dimisit
1289 1618 1425 1664 vitam,
1452 1622 1498 1655 ut
1517 1619 1695 1655 Zonaras
1713 1618 1843 1653 XVIII

417 1667 474 1712 28,
494 1667 542 1702 20
568 1668 664 1702 dicit
689 1668 904 1712 ἀφίστασθαι
932 1672 1001 1702 τῶν
1027 1673 1164 1712 γεηρῶν
1190 1679 1262 1713 pro
1290 1668 1472 1703 sollemni
1498 1667 1672 1703 formula
1699 1666 1844 1708 (XVIII

417 1715 475 1760 24,
503 1715 563 1756 13)
587 1716 822 1760 μεθίστασθαι
850 1720 920 1750 τῶν
946 1718 1110 1760 γεηρῶν),
1134 1716 1326 1761 μετήλλαξε
1354 1714 1510 1760 prDi
1646 1715 1669 1749 3
1693 1716 1714 1749 ὅ
1735 1714 1843 1759 εὐφή-

416 1777 495 1808 μιος
522 1761 689 1808 prDi,
720 1774 795 1798 om.
810 1761 879 1797 ΑΕ
976 1763 999 1797 4
1026 1766 1119 1798 ante
1139 1769 1199 1798 τοῦ
1226 1763 1317 1798 add.
1345 1763 1383 1798 τὸ
1401 1763 1498 1808 pr
1597 1762 1619 1798 5
1643 1763 1844 1807 λῃστρικῶς

418 1810 499 1855 AO,
534 1812 601 1846 Wo
628 1811 713 1846 lat.:
740 1821 811 1856 per
838 1811 1105 1856 latrocinium,
1131 1816 1256 1850 κακῶς
1282 1811 1449 1856 Ewap
1560 1811 1582 1845 G
1608 1810 1843 1855 ἀντενέγραψε

417 1858 537 1903 AOW,
563 1859 817 1904 ἀντενέγραψαι
845 1859 887 1902 Ε,
914 1859 1147 1904 ἀντενέγραφε
1172 1859 1219 1904 ρ*
1331 1859 1483 1904 (ρίληκος
1508 1857 1656 1904 Apr‚
1688 1858 1843 1903 Φήλικος

418 1905 475 1942 Di
585 1907 606 1942 7
632 1906 894 1951 καθαψαμένου
921 1905 1089 1952 prDi,
1116 1907 1368 1952 καθαψαμένοι
1396 1906 1431 1941 Α
1537 1906 1558 1941 9
1582 1906 1715 1950 μᾶλλον
1741 1905 1843 1943 EDw

420 1955 465 1989 10
491 1954 629 2000 λίβελον
651 1954 699 1998 D,
728 1965 828 1989 corr.
856 1954 925 1992 Dw
1026 1955 1069 1989 12
1095 1960 1154 1990 τοῦ
1182 1965 1257 1989 om.
1285 1955 1316 1989 E
1415 1954 1459 1989 14
1485 1954 1687 1999 Χαλχηδόνι
1715 1953 1762 1999 p*
1789 1953 1843 1988 iss-

418 2003 512 2038 vitis
537 2001 657 2046 ARW‚
683 2002 878 2047 καλχηδόνι
905 2002 946 2046 Β,
974 2013 1012 2037 V.
1039 2002 1091 2037 ad
1117 2002 1209 2038 XIV
1235 2002 1267 2047 2,
1293 2002 1316 2038 8
1411 2002 1523 2038 πάντα
1550 2012 1624 2037 om.
1651 2002 1683 2037 E

348 2153 595 2198 praebuerat
626 2156 666 2188 et
697 2155 788 2198 post
821 2153 1097 2197 pontificatum
1130 2153 1403 2198 septendecim
1436 2162 1636 2187 annorum
1661 2154 1844 2187 mortuus

311 2199 446 2244 5erat,
485 2201 670 2236 Fravitas
697 2203 859 2236 creatus
886 2204 973 2236 erat
999 2201 1240 2246 patriarcha,
1280 2201 1342 2235 vir
1369 2200 1550 2235 eiusdem
1577 2210 1667 2234 cum
1693 2198 1843 2234 Acacio

348 2251 388 2283 ct
414 2248 575 2284 Zenone
609 2249 714 2292 fidei,
754 2248 819 2282 cui
859 2248 1050 2283 defuncto
1091 2251 1180 2294 post
1215 2251 1296 2283 tres
1330 2258 1488 2283 menses
1523 2251 1562 2283 et
1594 2248 1842 2282 semestrium

312 2295 541 2332 Gsuccessit
567 2296 823 2342 EuphemiUS,
863 2299 1026 2331 sanctus
1058 2297 1119 2332 vir
1145 2299 1183 2332 et
1212 2296 1583 2331 orthodoxissimus.
1634 2295 1710 2336 Qui
1736 2294 1844 2329 Petri

348 2343 487 2390 Mongi
525 2355 684 2387 nornen,
723 2344 791 2388 qui
830 2344 967 2379 sedem
1001 2354 1176 2389 magnae
1209 2343 1448 2379 Antiochiae
1482 2353 1554 2388 per
1589 2343 1842 2378 latrocinium

314 2391 334 2426 7
350 2393 588 2437 arripuerat,
609 2403 659 2428 ex
679 2391 878 2437 diptychis
898 2391 1056 2434 delevit,
1075 2394 1281 2437 tamquam
1300 2391 1502 2426 haeretici.
1545 2390 1623 2425 Pro
1643 2400 1690 2425 eo
1710 2393 1845 2425 autem

348 2440 550 2485 inscripsit
575 2440 716 2475 Felicis
743 2449 900 2482 nomen⁷
928 2450 1060 2485 papae
1086 2439 1268 2482 Romani,
1294 2440 1370 2473 viri
1398 2438 1623 2481 orthodoxi,
1658 2438 1727 2482 qui
1753 2447 1844 2472 cum

350 2488 490 2523 litteris
522 2488 626 2523 datis
661 2489 702 2522 in
729 2487 930 2522 Zenonem
964 2491 1002 2523 et
1032 2486 1225 2522 Acacium
1260 2491 1347 2522 erat
1378 2487 1575 2530 invectus,
1614 2485 1722 2530 quod
1760 2495 1844 2520 una

350 2545 439 2570 cum
473 2535 622 2582 Mongo
655 2535 776 2571 Petro
810 2535 1002 2580 Eutychis
1037 2538 1076 2570 et
1107 2534 1291 2570 Dioscori
1326 2535 1452 2569 secuti
1486 2536 1601 2570 erant
1635 2534 1843 2575 haeresim,

349 2586 432 2618 tum
453 2584 572 2618 etiam
592 2584 645 2619 ad
663 2582 856 2618 Acacium
874 2583 1051 2618 libellum
1071 2583 1233 2618 miserat
1252 2583 1287 2617 ei
1307 2582 1545 2627 dignitatem
1566 2581 1843 2626 abrogantem,

351 2641 432 2676 qua
465 2631 515 2666 de
547 2642 672 2667 causa
708 2634 747 2666 et
777 2631 882 2666 illius
918 2641 1065 2666 nomen
1096 2629 1270 2665 Aeacius
1305 2640 1356 2665 ex
1392 2629 1591 2675 diptychis
1627 2628 1843 2664 deleverat.

314 2678 336 2712 8
353 2679 425 2714 Hic
450 2679 576 2724 igitur
603 2678 832 2725 patriarcha
859 2678 1105 2724 Euphemius
1132 2677 1400 2724 chirographo
1430 2680 1610 2722 accepto,
1649 2686 1729 2721 quo
1756 2686 1844 2721 pro·

351 2728 480 2762 fessus
499 2730 559 2762 est
576 2726 816 2762 Anastasius
842 2736 884 2761 se
910 2726 1025 2771 sequi
1052 2726 1246 2761 ecclesiae
1273 2726 1465 2770 dogmata
1492 2727 1531 2760 et
1558 2724 1714 2759 concilii
1733 2723 1844 2759 Chal-

351 2775 508 2810 cedonii
542 2775 706 2810 decreta
737 2777 994 2810 servaturum
1027 2783 1114 2809 esse
1147 2774 1292 2815 omnia,
1331 2783 1423 2807 eum
1457 2774 1574 2807 ornat
1604 2771 1843 2806 diademate.

315 2821 428 2864 9Qui
460 2823 592 2858 statim
619 2822 827 2858 Ariadnen
860 2822 958 2867 petit
989 2825 1029 2857 et
1054 2821 1206 2856 litteras
1240 2820 1399 2856 conficit
1430 2821 1575 2865 regias,
1616 2819 1762 2863 quibus
1795 2828 1844 2852 ea

352 2880 458 2915 quae
478 2880 609 2915 usque
627 2870 680 2905 ad
702 2870 744 2904 id
769 2869 961 2914 temporis
987 2869 1082 2904 fisco
1109 2879 1134 2903 a
1159 2867 1362 2904 nonnullis
1389 2867 1643 2902 debebantur
1667 2866 1842 2908 remittit,

293 2917 338 2953 10
353 2919 391 2952 ct
419 2917 482 2952 die
509 2918 821 2964 quadragesimo
849 2920 938 2963 post
956 2916 1127 2952 Zenonis
1146 2915 1394 2962 sepulturam
1417 2915 1530 2961 lapso
1557 2914 1719 2959 nuptias
1746 2913 1844 2949 cele-

531 701 811 754 ἀντενέγραψε
844 699 888 741 δὲ
919 699 993 754 τὴν
1020 700 1204 754 Φήλικος
1235 701 1378 755 κλῆσιν
1408 706 1482 743 τοῦ
1513 702 1633 743 πάπα
1657 702 1888 757 Ῥώμης,1)
1907 695 2054 749 1112595
