2054 3282
329 251 400 292 542
721 253 902 295 ZONAR.
929 254 1060 293 EPIT.
1086 253 1197 294 XVII
1222 254 1255 302 5,
1282 254 1434 294 23-36.

327 377 529 432 τεύματος
566 381 639 419 τοῦ
678 378 894 431 βασιλικοῦ
931 377 1112 423 πολλοὺς
1145 378 1191 419 ἐκ
1228 378 1377 421 τούτου
1415 379 1524 434 πρὸς
1562 380 1709 422 ἑαυτὸν
1748 381 1820 423 ἐπ-

328 446 548 500 εσπάσατο,
593 445 890 499 ἀπεγνωκότας
920 446 1001 500 ἤδη
1034 445 1106 491 τὰς
1144 447 1365 494 σωζούσας
1403 448 1571 495 ἐλπίδας
1606 450 1700 504 περὶ
1738 455 1822 496 τοῖς

327 513 547 567 βασιλεῦσι,
590 514 661 555 καὶ
698 514 814 567 αὐτῷ
851 513 1175 568 προσερρύησαν
1214 515 1265 556 οὗ
1300 519 1386 557 τῶν
1417 517 1659 571 ἀνωνύμων
1689 517 1822 571 μόνον

269 585 315 620 24
328 584 602 635 στρατιωτῶν,
643 581 745 622 ἀλλὰ
779 581 850 622 καὶ
879 585 965 623 τῶν
995 582 1278 637 περιωνύμων
1307 584 1462 626 πολλοί.
1525 585 1587 631 ὡς
1619 585 1664 626 δὲ
1694 589 1820 627 ταῦτα

326 654 388 702 τῷ
414 650 791 703 παρακοιμωμένῳ
823 650 1100 704 ἠγγέλθησαν,
1133 651 1331 693 στέλλεται
1362 652 1487 699 αὖθις
1507 653 1633 696 Λέων
1655 654 1679 694 ὁ
1699 660 1856 708 πρω-5

325 717 615 771 τοβεστιάριος,
648 717 832 771 ἄκρατον
864 718 1055 765 ἐξουσίαν
1083 719 1367 773 ἐμπιστευθεὶς
1387 722 1457 763 καὶ
1478 722 1610 762 πάντα
1632 723 1821 775 πράττειν

326 784 404 825 ὅσα
442 785 513 826 καὶ
551 785 784 838 βασιλεῦσιν
824 786 974 828 ἀνεῖται
1010 787 1153 828 ἄδειαν
1196 788 1383 843 εἰληφώς
1425 789 1551 844 (εἶπεν
1588 791 1640 831 ἄν
1677 807 1735 837 τις
1770 795 1820 846 τῇ

266 858 312 893 25
325 851 520 893 Λατίνων
550 857 677 907 φωνῇ
708 853 780 894 τὸν
810 854 945 909 ἄνδρα
979 855 1234 910 δικτάτορα)·
1267 857 1338 898 καὶ
1369 858 1586 900 συνελθὼν
1613 864 1675 913 τῷ
1696 875 1818 914 στρα-

325 921 562 975 τοπεδάρχῃ
608 921 632 962 ὁ
674 923 1052 977 πρωτοβεστιάριος
1095 924 1296 979 ἐπειράθη
1340 925 1418 979 μὲν
1460 927 1706 981 ὑποσχέσεσι
1748 927 1818 969 καὶ

266 994 312 1029 26
324 993 458 1042 τιμαῖς
488 989 584 1035 τοὺς
614 989 708 1043 περὶ
739 989 811 1031 τὸν
840 990 1040 1046 Σκληρὸν
1071 993 1398 1034 ἐπισπάσασθαι·
1440 994 1502 1040 ὡς
1533 992 1570 1035 δ’
1604 995 1868 1050 ἀνηνύτοιςί)
1889 1001 1942 1037 IV
1963 1002 2028 1038 107

325 1057 433 1109 ἔγνω
474 1057 702 1111 ἐπιχειρεῖν,
745 1059 985 1113 παρελάσας
1022 1060 1171 1107 νυκτὸς
1201 1061 1272 1103 τὸν
1302 1061 1500 1116 Σκληρὸν
1532 1063 1681 1117 ἐχώρει
1710 1063 1819 1118 πρὸς

265 1131 411 1166 27201012.
474 1125 666 1167 ἐντεῦθεν
698 1127 793 1173 δέος
823 1127 920 1174 τοὺς
949 1128 1043 1182 περὶ
1073 1128 1145 1170 τὸν
1171 1129 1370 1185 Σκληρόν
1401 1131 1480 1171 εἷλε
1510 1131 1580 1172 καὶ
1610 1131 1704 1186 περὶ
1733 1135 1818 1173 τῶν

324 1193 532 1247 φιλτάτων
563 1195 717 1249 αὐτῶν,
749 1196 820 1236 καὶ
850 1196 922 1237 τὸν
954 1197 1188 1252 ἀποστάτην
1219 1199 1596 1253 καταλιμπάνοντες
1615 1205 1676 1254 τῷ
1696 1217 1816 1255 πρω-

265 1268 311 1303 28
323 1261 592 1316 τοβεστιαρίῳ
634 1263 884 1319 προσῄεσαν.
959 1266 1042 1306 κάκ
1085 1267 1234 1308 τούτου
1275 1268 1412 1314 δείσας
1450 1269 1474 1309 ὁ
1512 1268 1709 1323 Σκληρὸς
1747 1269 1818 1311 τὸν

322 1330 550 1383 μάγιστρον
582 1330 754 1386 Μχαὴλ
792 1332 863 1374 τὸν
901 1333 1122 1388 Βούρτζην
1160 1336 1548 1390 προσκεχωρηκότα
1588 1337 1704 1391 αὐτῷ
1746 1338 1878 1379 καὶΙῖ)

317 1397 538 1452 Ῥωμανὸν
568 1400 784 1454 πατρίκιον
808 1401 879 1442 τὸν
903 1401 941 1442 Τ
935 1402 1143 1457 αρωνίτην
1163 1403 1265 1457 μετὰ
1298 1409 1486 1458 στρατιᾶς
1517 1406 1680 1460 ἔπεμψε
1710 1407 1815 1448 κατὰ

263 1473 309 1508 29
322 1470 395 1507 τοῦ
426 1468 820 1523 πρωτοβεστιαρίου,
859 1472 902 1510 οἳ
927 1471 1234 1525 προσβαλόντες
1266 1473 1411 1526 ἐκείνῳ
1443 1474 1692 1528 ἡττήθησαν.
1755 1475 1816 1521 ὡς

322 1532 360 1576 δ’
394 1535 590 1590 ἐγνώσθη
622 1541 683 1590 τῷ
712 1537 902 1593 Σκληρῴ
932 1540 958 1593 ἡ
990 1542 1076 1581 τῶν
1105 1541 1389 1594 πεμφθέντων
1422 1540 1534 1595 ἧττα,
1579 1542 1704 1589 αὐτὸς
1741 1543 1816 1584 σὺν

320 1604 439 1645 παντὶ
478 1609 539 1658 τῷ
577 1603 647 1646 ὑπ’
686 1605 814 1647 αὐτὸν
857 1607 1126 1662 στρατεύματι
1169 1608 1275 1650 κατὰ
1318 1613 1391 1651 τοῦ
1433 1611 1814 1666 πρωτοβεστιαρίου

392 1763 415 1798 2
438 1762 533 1809 παρὰ
546 1763 681 1810 DEwp
755 1765 777 1800 3
801 1766 911 1811 μόνον
927 1776 1001 1802 om.
1017 1767 1060 1812 E,
1085 1769 1206 1811 μόνων
1221 1768 1262 1813 Β,
1283 1780 1319 1804 v.
1335 1769 1387 1803 ad
1401 1769 1493 1805 XIV
1506 1770 1538 1814 6,
1553 1770 1596 1804 31
1672 1770 1695 1804 5
1720 1773 1814 1807 ante

391 1811 482 1846 λέων
507 1812 599 1847 add.
625 1814 645 1847 ὁ
671 1812 699 1848 C
844 1815 865 1849 7
891 1815 950 1850 καὶ
978 1825 1052 1850 om.
1079 1815 1115 1849 D
1259 1818 1387 1851 εἴποιεν
1412 1816 1498 1862 w*p
1526 1819 1661 1852 invitis
1687 1817 1758 1853 AR

392 1860 414 1893 8
440 1859 641 1904 δικτάτωρα
668 1859 765 1905 CDi,
793 1862 1001 1907 δικτάρτορα
1029 1863 1063 1896 D
1176 1865 1221 1898 10
1245 1864 1500 1905 ἐπισπάξασθαι
1527 1865 1562 1899 D
1661 1866 1702 1900 11
1727 1879 1814 1911 παρ-

391 1907 496 1945 εάσας
520 1907 552 1941 Β
673 1909 727 1943 11.
757 1909 801 1943 12
825 1910 912 1953 πρὸς
940 1936 1067 1945 ......
1095 1911 1254 1947 ἐντεῦθεν
1279 1912 1325 1956 Α,
1350 1912 1438 1956 πρὸς
1466 1939 1738 1948 ............
1763 1915 1813 1948 ἐν·

391 1955 516 1989 τεῦθεν
537 1954 611 1999 BC,
637 1956 726 2000 πρὸς
749 1983 1256 1994 ......................
1283 1960 1443 1995 ἐντεῦθεν
1469 1959 1515 2004 D,
1541 1960 1628 2005 πρὸς
1651 1961 1813 1996 ἐντεῦθεν

392 2003 492 2042 (sine
520 2003 608 2046 lac.)
641 2003 683 2047 E,
719 2004 808 2048 πρὸς
839 2016 880 2037 *t*
914 2006 1075 2040 ἐντεῦθεν
1107 2018 1154 2048 w,
1191 2007 1279 2051 πρὸς
1310 2008 1339 2041 τ’
1364 2008 1522 2042 ἐντεῦθεν
1552 2019 1588 2053 p,
1625 2009 1713 2053 πρὸς
1749 2009 1812 2055 τὴν

390 2050 571 2095 ἀνατολήν.
597 2051 758 2086 ἐντεῦθεν
785 2053 871 2087 cod.
898 2052 1036 2088 Mutin.
1064 2054 1101 2088 Π
1128 2054 1157 2088 F
1185 2056 1229 2089 1'2
1256 2059 1294 2090 et
1321 2053 1376 2089 Di
1403 2065 1453 2089 ox
1481 2055 1594 2091 Cedr.
1621 2056 1811 2101 (Scylitz.)

390 2097 428 2132 II
455 2108 491 2143 p.
508 2097 589 2142 424,
616 2098 662 2133 23
688 2100 740 2143 (v.
759 2100 871 2135 B-W
883 2101 981 2146 Byz.
1000 2101 1196 2137 Zeitschr.
1223 2103 1245 2137 l.
1273 2113 1303 2137 c.
1330 2114 1364 2148 p.
1391 2103 1460 2138 5915
1475 2107 1531 2147 s.),
1555 2104 1642 2147 πρὸς
1667 2104 1707 2139 τὰ
1731 2105 1811 2139 ἀνα-

389 2146 523 2180 τολικά.
549 2146 709 2181 ἐντεῦθεν
736 2148 837 2182 coni.
864 2148 977 2184 B-W
1103 2150 1147 2184 12
1172 2150 1231 2184 καὶ
1259 2161 1333 2185 om.
1360 2150 1518 2196 prDi
1645 2152 1688 2186 15
1713 2152 1809 2197 αὐτῷ

389 2191 556 2238 prDi,
582 2193 687 2229 αὐτὸν
713 2194 748 2228 Α
848 2196 890 2231 17
915 2196 1042 2241 ἐκείνῳ
1069 2207 1144 2232 om.
1171 2197 1206 2231 D

318 2348 369 2384 ad
385 2360 427 2385 se
442 2349 618 2393 attraxit,
635 2350 779 2395 opibus
795 2354 833 2386 ot
848 2351 976 2386 salute
990 2351 1147 2387 illorum
1162 2353 1240 2387 iam
1253 2353 1487 2398 desperata
1501 2365 1633 2399 neque
1648 2356 1807 2391 obscuri

318 2397 530 2432 dumtaxat
562 2398 716 2442 milites,
755 2398 826 2433 sed
856 2399 969 2434 multi
996 2401 1114 2434 etiam
1142 2410 1191 2435 ex
1219 2401 1438 2436 illustribus
1465 2403 1514 2436 ad
1543 2413 1632 2437 eum
1662 2405 1808 2438 conflu-

258 2442 304 2478 24
317 2454 426 2479 xero.
479 2445 591 2486 Quae
618 2455 707 2479 eum
735 2447 940 2491 proposito
968 2447 1141 2482 cubiculi
1168 2450 1354 2483 nuntiata
1381 2453 1523 2492 essent,
1562 2450 1644 2485 Leo
1679 2455 1808 2496 proto-

317 2493 532 2527 vestiarius
551 2503 641 2527 cum
661 2503 814 2528 summo
834 2494 1001 2539 imperio
1022 2499 1060 2529 et
1079 2497 1319 2530 auctoritate
1334 2507 1406 2531 suo
1422 2497 1619 2532 arbitratu
1637 2500 1806 2542 gerendi

318 2541 461 2584 omnia,
496 2550 601 2585 quae
625 2542 791 2586 regibus
818 2541 949 2585 licent,
985 2543 1163 2586 mit-titur,
1195 2553 1315 2587 quam
1343 2548 1577 2589 potestatem
1606 2545 1727 2581 latine
1754 2547 1807 2581 di-

258 2585 303 2620 25
318 2590 514 2621 ctaturam
534 2589 775 2623 nominares.
826 2588 863 2623 Is
883 2599 972 2624 euin
992 2590 1322 2635 stratopedarcha
1342 2593 1590 2636 coniunctus,
1618 2594 1808 2637 pollicita-

257 2634 303 2668 26
317 2635 493 2669 tionibus
520 2638 559 2670 et
585 2636 806 2671 honoribus
832 2637 983 2671 frustra
1009 2638 1171 2672 tentatis
1195 2638 1362 2672 militum
1383 2640 1536 2682 animis,
1563 2644 1685 2675 noctu
1705 2640 1806 2676 Sele,-

257 2681 301 2716 27
317 2692 403 2716 rum
432 2687 760 2727 praetergressus
783 2683 1007 2726 <Orientem
1036 2686 1198 2728 versus>
1227 2686 1444 2721 contendit.
1495 2686 1628 2728 Quare
1655 2689 1803 2723 factum

316 2732 386 2770 est,
412 2735 457 2764 ut
481 2729 605 2764 Scleri
632 2730 775 2766 milite-s
802 2736 841 2766 et
867 2733 950 2766 suis
977 2733 1190 2767 carissimis
1217 2734 1400 2768 timentes
1427 2733 1561 2769 Sclero
1589 2735 1726 2769 relicto
1753 2737 1804 2770 ad

256 2775 669 2821 28pr0tovostia1-ium
697 2788 740 2813 se
767 2779 1007 2822 conferrent,
1035 2779 1193 2814 Selerus
1220 2784 1353 2815 autem
1382 2783 1544 2816 territus
1572 2781 1803 2818 Michafflem

314 2823 500 2858 Burtzem
528 2826 765 2869 mag-istrum
791 2836 885 2861 suas
911 2830 1092 2861 secutum
1121 2831 1255 2872 partes
1274 2832 1312 2862 et
1330 2828 1553 2863 Romanum
1573 2829 1804 2865 Taronitem

315 2872 526 2915 patricium
554 2882 643 2906 cum
672 2874 854 2908 exercitu
881 2877 1021 2909 eontra
1043 2876 1395 2920 protovestiarIum
1415 2878 1600 2912 mitteret.
1650 2877 1804 2919 Quibus

255 2916 301 2953 29
315 2919 466 2964 proelio
486 2921 695 2966 superatis
714 2921 799 2967 ipse
818 2920 976 2957 Solen-us
996 2931 1084 2958 cum
1105 2923 1288 2958 omnibus
1308 2924 1432 2970 copiis
1451 2926 1803 2971 protovestiarium
