2054 3282
477 232 579 270 LEO
604 233 670 270 VI.
695 233 811 270 REX.
860 231 1086 271 PHOTIVS
1110 231 1439 270 RELEGATVR.
1633 232 1702 270 441

213 353 293 409 γὰρ
324 355 547 411 ἐκκλησίας
575 355 824 410 προήδρευε.
883 355 1059 410 πέμψας
1095 354 1142 398 δὲ
1171 356 1228 402 εἷς
1257 354 1332 410 τὴν
1362 355 1407 397 ἒν
1437 354 1740 408 Χρυσοπόλει5

210 422 348 477 μονὴν
391 427 466 465 τοῦ
508 423 770 478 Φιλιππικοῧ,
817 424 927 466 ὅπου
970 425 995 466 ὁ
1037 423 1228 479 βασιλεὺς
1269 423 1444 479 Μιχαὴλ
1489 424 1704 472 ἐτέθαπτο,

212 491 346 546 ἐξάγει
383 491 431 533 τὸ
468 495 594 546 σῶμα
630 493 779 534 τούτου
817 493 864 535 ἐκ
902 497 975 549 τῆς
1013 497 1144 546 σοροῦ
1186 492 1258 535 καὶ
1299 492 1402 548 μετὰ
1445 497 1706 547 προπομπῆς

210 558 367 614 πολλῆς
396 559 468 602 καὶ
498 561 707 615 βασιλείου
738 565 858 616 τιμῆς
888 562 945 607 εἷς
973 561 1046 603 τὸν
1075 565 1161 603 τῶν
1182 562 1315 616 ἁγίων
1335 561 1582 603 ἀποστόλων
1602 560 1705 603 ναὸν

175 627 480 682 5κατατίθησιν
515 628 560 669 ἓν
594 628 769 682 λάρνακι
806 630 1066 684 μαρμαρίνῃ,
1109 629 1181 671 καὶ
1216 633 1302 672 τῶν
1340 629 1538 683 ἀδελφῶν
1575 629 1704 671 αὐτοῦ

209 694 435 749 παρόντων
465 695 530 737 ἐπὶ
561 701 611 752 τῇ
641 701 890 752 προπομπῇ,
934 701 1007 738 τοῦ
1043 713 1085 738 τε
1109 697 1385 751 Ἀλεξάνδρου
1417 697 1488 739 καὶ
1517 701 1591 738 τοῦ
1621 712 1703 738 πα-
1717 703 1749 738 Β

210 764 420 819 τριάρχου.
481 769 530 819 τῇ
562 765 609 807 ‹512-
638 769 712 806 τοῦ
745 765 937 820 Ζαούτζη
969 765 1200 807 Στυλιανοῦ
1232 765 1409 820 θυγατρὶ
1441 764 1740 820 συμφθειρό-6

208 848 337 886 μενος
373 833 428 874 ἔτι
465 833 608 888 ζώσης
644 833 894 888 Θεοφανοῦς
929 839 1001 889 τῆς
1036 834 1166 875 αὐτοῦ
1210 838 1390 889 γαμετῆς
1431 833 1503 875 τὸν
1545 834 1703 887 πατέρα
1722 840 1914 876 vvl11142

209 901 360 957 ταύτης
388 902 616 957 μάγιστρον
647 902 811 957 ἐτίμησε
841 902 912 944 καὶ
936 903 1165 957 λογοθὲτην
1185 907 1259 943 τοῦ
1282 902 1460 957 δρόμου,
1492 902 1703 956 μετέπειτα

153 977 199 1013 10
208 970 349 1023 μέντοι
380 970 451 1011 καὶ
481 970 826 1025 βασιλεοπάτορα,
859 970 985 1017 αὐτὸς
1014 970 1061 1012 τὸ
1093 971 1229 1025 ὄνομα
1261 971 1412 1024 εὑρών.

323 1037 396 1086 Ἐξ
426 1038 678 1093 ἐμπρησμοῦ
712 1039 757 1080 δὲ
786 1039 889 1093 μετὰ
910 1042 996 1081 τῶν
1016 1039 1155 1082 ἄλλων
1175 1039 1246 1081 καὶ
1267 1044 1341 1081 τοῦ
1361 1043 1466 1081 ναοῦ
1488 1043 1561 1081 τοῦ
1583 1039 1703 1093 ἁγίου
1717 1046 1739 1082 7

208 1106 443 1148 ἀποστόλου
466 1106 607 1162 Θωμᾶ
630 1108 989 1162 πυρποληῦέντος,
1021 1108 1046 1148 ὁ
1076 1108 1269 1162 βασιλεὺς
1299 1106 1421 1154 οὗτος
1452 1107 1580 1149 αὐτὸν
1610 1108 1702 1149 ἄνε-

207 1175 401 1218 καίνισεν.
463 1176 545 1231 ἤδη
579 1175 624 1217 δὲ
655 1175 726 1217 καὶ
758 1176 782 1217 ό
803 1176 1135 1231 Σανταβαρηνὸς
1165 1177 1280 1231 ἤχθη
1313 1176 1384 1218 καὶ
1405 1177 1462 1223 εἷς
1482 1176 1530 1217 τὰ
1553 1176 1597 1218 ἐν
1617 1179 1740 1223 ταῒς8

206 1242 374 1299 Πηγαῖς
404 1245 650 1299 ἐφρουρεῖτο
681 1245 878 1299 βασίλεια,
911 1246 1015 1286 ἔνθα
1041 1245 1215 1299 πέμψας
1236 1244 1261 1286 ό
1281 1244 1472 1299 βασιλεὺς
1492 1244 1564 1286 καὶ
1585 1245 1703 1299 ἀφει-

149 1320 194 1357 15
208 1313 297 1359 ὀῶς
327 1312 454 1354 αὐτὸν
485 1314 751 1368 αἰκισάμενος
783 1314 826 1354 ἕν
841 1314 1040 1368 Ἀθήναις
1071 1314 1295 1367 ὑπερόριον
1327 1314 1458 1356 ἔθετο.
1519 1314 1570 1355 οὗ
1595 1313 1739 1356 nomio

205 1380 252 1423 τὸ
284 1382 328 1423 ἐν
357 1382 477 1436 μέσῳ
508 1381 579 1423 καὶ
608 1383 784 1436 πέμψας
815 1383 904 1424 ἐκεῖ
930 1383 1109 1436 ἐξέκοψε
1130 1382 1177 1423 τὰ
1201 1383 1371 1437 ὄμματα
1394 1383 1537 1424 αὐτοῦ.
1598 1382 1701 1437 μετὰ
1719 1390 1763 1425 10

205 1450 251 1493 δὲ
281 1449 448 1497 πλείους
478 1449 690 1496 ἐνιαυτοὺς
719 1454 791 1505 τῆς
822 1451 1048 1505 ὑπερορίας
1085 1467 1126 1492 τε
1166 1450 1237 1492 τὸν
1274 1451 1509 1505 ἄνθρωπον
1547 1451 1701 1506 ἔπανή-
1716 1457 1746 1495 C

204 1534 304 1574 γαγε
335 1518 406 1560 καὶ
435 1519 637 1573 προνοίας
667 1519 858 1574 ἠξίωσεν.

206 1657 223 1692 l
252 1658 349 1697 ὅπως
374 1657 513 1703 ἐτίμησε
540 1657 597 1693 τὸν
623 1661 714 1700 (οῐη.
744 1659 788 1701 Ε)
814 1664 875 1694 τοῦ
899 1659 1071 1705 βασιλέως
1096 1659 1244 1705 Ᾱίιχαὴλ
1275 1659 1349 1702 (τὸν
1375 1659 1468 1695 add.
1495 1659 1541 1703 Ε)
1573 1662 1701 1704 νεκρόν

204 1704 269 1742 ΟΕ
375 1706 417 1740 11
445 1707 494 1741 ὅτι
520 1706 791 1751 πυρποληθέντα
817 1707 875 1742 τὸν
900 1712 960 1743 τοῦ
985 1707 1084 1752 ἁγίου
1114 1708 1230 1752 Θωμᾶ
1256 1707 1340 1743 ναὸν
1365 1708 1385 1742 ό
1408 1707 1573 1753 βασιλεὺς
1598 1708 1699 1748 οὗτος

202 1752 418 1789 ἀνεκαίνισε-ν
444 1753 474 1790 C
572 1754 617 1789 13
645 1755 742 1793 ὅπως
767 1754 826 1790 τὸν
850 1754 1126 1801 Σανταβαρηνόν
1151 1755 1308 1801 ἠμύνατο
1334 1754 1397 1791 ΟΕ

276 1873 294 1908 l
319 1873 510 1918 προὲἆρευε
538 1872 585 1916 D,
612 1883 714 1909 corr.
742 1873 810 1912 Dw
906 1874 929 1910 3
955 1880 1071 1919 σοφοῦ
1097 1874 1145 1918 D,
1173 1885 1274 1911 corr.
1302 1874 1371 1912 Dw
1475 1875 1499 1911 4
1522 1876 1699 1921 βασιλείου

274 1919 490 1967 AEwap,
515 1921 655 1967 βασιλεῖ
673 1922 877 1967 πρεπούσης
903 1923 953 1967 Ο;
990 1922 1039 1958 de
1066 1922 1244 1958 chiasmo
1269 1928 1634 1968 προπομπῆς-τιμῆς
1661 1934 1696 1958 v.

274 1967 327 2004 ad
351 1967 450 2004 XIII
474 1968 506 2012 2,
533 1968 556 2004 6
668 1971 691 2004 6
715 1968 783 2015 ἐπὶ]
809 1970 847 2005 ἐν
874 1969 941 2006 CD
1055 1984 1090 2006 τε
1116 1981 1192 2006 om.
1219 1970 1248 2006 C
1359 1974 1450 2017 post
1476 1985 1578 2015 πατρ.
1606 1971 1697 2006 add.

273 2016 446 2062 στεφάνου
471 2015 570 2099 Βνν8
669 2016 690 2053 7
716 2017 737 2062 ἦ
765 2016 813 2061 D,
840 2023 881 2075 τῇ
907 2028 1008 2053 corr.
1033 2017 1100 2055 Dw
1197 2018 1220 2054 8
1247 2019 1350 2064 θεοφ.
1381 2022 1470 2064 post
1495 2024 1644 2064 γαμετῆς
1671 2018 1699 2054 C

274 2064 320 2099 10
345 2062 510 2109 ε’φευρὼν
572 2062 702 2110 wpDi,
729 2065 893 2111 εὖρηκως
921 2064 1019 2102 EDw
1129 2066 1167 2100 ll
1198 2071 1258 2101 τοῦ
1285 2072 1374 2112 post
1400 2071 1484 2101 ναοῦ
1511 2077 1587 2102 om.
1614 2066 1699 2111 w*p

274 2111 410 2147 invitis
436 2110 507 2147 AR
618 2111 662 2148 13
687 2117 759 2151 ταῖς
785 2123 862 2148 om.
888 2112 923 2147 D
1040 2113 1084 2148 16
1109 2113 1240 2152 στείλας
1267 2114 1298 2149 O
1412 2113 1490 2152 τοὺς
1515 2113 1621 2149 αὐτοῦ
1646 2113 1699 2152 ἐξ·

273 2159 408 2204 έκοψεν
422 2159 630 2204 ὀφθαλμούς
645 2158 754 2206 pr,
772 2159 971 2205 ἐξέπεμψεν
987 2161 1113 2201 §.fover
1131 2160 1170 2196 τὰ
1187 2162 1327 2206 ὄμματα
1344 2160 1451 2197 αὐτοῦ
1467 2161 1497 2197 Ε
1565 2162 1609 2196 18
1627 2161 1699 2207 ἠξί-

273 2220 344 2242 ωσε
371 2205 537 2253 EwpDi,
565 2217 601 2242 v.
629 2206 681 2242 ad
707 2206 803 2242 XIII
831 2207 862 2252 1,
888 2207 911 2243 5

199 2334 312 2370 urbis
338 2335 533 2370 ecciesiae
560 2340 758 2381 praeerat,
793 2336 940 2372 adduci
968 2337 1093 2372 iussit.
1144 2336 1249 2372 Misit
1275 2342 1313 2373 ot
1340 2336 1617 2383 Chrysopolim
1658 2336 1734 2373 in5

197 2381 406 2429 Philippici
433 2383 735 2428 monasterium,
767 2384 835 2419 ubi
870 2394 941 2419 rex
969 2384 1138 2420 Michael
1171 2385 1353 2431 sepultus
1392 2388 1489 2429 erat,
1528 2385 1698 2431 eiusque

198 2439 346 2476 eorpus
372 2430 505 2466 loculo
532 2430 721 2467 eductum
750 2441 839 2467 cum
867 2442 1016 2478 magno
1051 2433 1244 2468 comitatu
1270 2436 1310 2468 et
1336 2434 1450 2478 regio
1478 2432 1631 2468 honore
1658 2433 1696 2468 in

197 2481 430 2514 satiatorum
468 2478 744 2524 apostolorum
772 2479 873 2515 aede
912 2480 952 2515 in
991 2490 1216 2516 marmorea
1244 2490 1340 2515 area
1365 2480 1536 2526 reponit,
1576 2481 1695 2516 etiam

197 2525 390 2561 fratribus
428 2526 512 2561 suis
543 2525 779 2562 Alexandro
818 2532 857 2563 et
896 2527 1125 2573 patriarcha
1165 2527 1456 2574 praesentibus.
1509 2527 1733 2563 Zautzenffl

196 2571 432 2618 Stylianum‚
451 2573 567 2609 euius
585 2574 717 2617 filiam,
737 2575 952 2620 superstite
972 2578 1053 2610 tum
1074 2574 1184 2611 Theo
1202 2575 1376 2611 ›hanone
1395 2575 1582 2621 coniuge,
1606 2575 1697 2610 sub-

195 2619 347 2665 igebat,
371 2621 611 2667 magistrum
638 2621 870 2668 designavit
896 2627 935 2658 et
962 2632 1104 2658 cursus
1132 2633 1184 2669 pu
1217 2622 1280 2658 lici
1309 2622 1567 2669 logothetam,
1608 2628 1696 2669 post

195 2668 314 2703 etiam
342 2677 450 2703 novo
479 2670 713 2714 excogitato
741 2671 901 2705 nomine
928 2671 1036 2716 regis
1064 2674 1230 2716 patrem.

313 2714 466 2751 Aedem
485 2715 523 2753 S.
542 2716 722 2753 'rhomae
749 2728 771 2752 a
791 2717 919 2753 »ostoli
939 2728 1021 2753 una
1040 2727 1130 2753 cuin
1157 2718 1245 2753 aliis
1272 2718 1465 2754 aedificiis
1492 2718 1694 2754 incensam
1711 2716 1732 2752 7

195 2762 258 2798 hio
283 2772 355 2799 rex
375 2764 601 2799 renovavit.
651 2763 774 2801 Santa
806 2774 973 2801 arenuin
1000 2765 1078 2801 iam
1097 2765 1317 2801 adductum
1337 2766 1376 2801 in
1397 2766 1511 2811 regia
1531 2765 1696 2810 Peg-ann.
1710 2766 1733 2798 8

195 2810 385 2846 custodiit
410 2815 450 2847 et
477 2811 738 2848 inclementer
764 2812 903 2858 flagris
930 2823 1092 2848 caesum
1120 2812 1300 2848 Athenas
1327 2813 1536 2858 relegavit,
1563 2813 1732 2859 nequet)

194 2857 318 2893 multo
347 2861 436 2904 post
461 2859 600 2895 ocuios
627 2860 662 2895 ei
690 2860 811 2896 effodi
839 2861 964 2895 iussit.
1016 2860 1162 2896 Verum
1191 2860 1373 2906 pluribus
1409 2861 1525 2896 annis
1550 2860 1696 2907 elapsis
1714 2860 1757 2896 10

194 2904 395 2942 hominem
420 2906 474 2942 ab
499 2906 621 2943 exilio
647 2911 883 2944 revocatum
912 2908 1087 2954 benigne
1113 2908 1370 2944 tractandum
1397 2909 1566 2944 curavit.
