1968 3302
252 205 320 243 106
609 203 792 242 ZONAR.
819 204 950 240 EPIT.
977 203 1074 239 XIII
1099 203 1155 247 22,
1182 202 1334 248 46-23,
1362 202 1394 240 7.

250 329 385 384 θητὴς
415 329 675 383 πατριάρχης
704 326 1000 381 προεχειρίσθη
1034 325 1118 366 ὑπὸ
1147 325 1355 367 Σισιννίου
1386 330 1460 367 τοῦ
1491 326 1751 380 πατριάρχου

250 397 402 452 πρῴην
434 398 660 442 ἐπίσκοπος
691 394 998 450 χειροτονηθεὶς
1029 394 1231 447 Κυζίκου,
1269 393 1329 448 μὴ
1364 394 1528 448 δεχθεὶς
1561 395 1606 436 δὲ
1636 394 1752 448 παρὰ

250 470 335 507 τῶν
373 467 462 507 ἐκεῖ
495 467 636 518 ἕτερον
679 465 891 518 ἑλομένων
935 463 1129 516 ἀρχιερέα
1173 463 1244 503 καὶ
1286 462 1358 504 τὸν
1399 462 1555 516 μεταξὺ
1599 463 1753 517 χρόνον

128 535 163 571 Ι)
191 535 236 572 47
252 535 484 589 σχολάζων.
549 532 671 579 οὗτος
704 533 841 574 τοίνυν
871 536 932 584 τῷ
963 531 1114 584 θρόνῳ
1145 535 1217 585 τῆς
1248 530 1567 572 Κωνσταντίνου
1600 531 1751 584 ἐνθρο-

251 603 405 648 νισθεὶς
443 604 555 650 ἀξιοῖ
586 601 657 642 τὸν
693 600 863 655 βασιλέα
900 599 946 640 τὸ
984 603 1110 653 σῶμα
1142 604 1215 641 τοῦ
1246 599 1557 654 Χρυσοστόμου
1590 599 1638 640 ἐκ
1674 598 1789 640 Πι-5

251 676 448 717 τυοῦντος
485 670 822 724 ἀνακομισθῆναι
853 668 923 709 καὶ
953 667 1012 722 μὴ
1045 669 1183 722 μένειν
1214 668 1285 709 καὶ
1315 668 1500 710 θανόντα
1531 667 1603 709 τὸν
1634 668 1753 721 ἅγιον

191 739 239 775 48
253 740 486 794 ὑπερόριον.
548 739 731 779 πείθεται
753 738 889 791 τούτῳ
912 737 936 778 ὁ
961 737 1165 791 βασιλεύς,
1197 736 1268 778 καὶ
1300 737 1593 790 ἀνακομίζεται
1624 736 1648 777 ὁ
1679 739 1752 777 τοῦ

253 809 372 862 ἁγίου
416 807 566 861 νεκρὸς
602 806 673 848 καὶ
712 806 958 860 ὑποδέχεται
994 802 1093 859 μεθ’
1133 805 1477 859 ὑπερβαλλούσης
1519 809 1640 859 τιμῆς
1683 803 1754 845 καὶ

253 877 514 918 κατατίθεται
546 875 660 921 ε’ντὸς
691 879 764 916 τοῦ
796 874 1096 929 ’θυσιαστηρίου
1128 878 1200 915 τοῦ
1232 877 1317 915 τῶν
1349 874 1481 927 ἁγίων
1508 872 1755 914 ἀποστόλων

252 945 528 999 περιωνύμου
561 948 681 985 ναοῦ.
1427 957 1432 963 ·
1771 946 1818 981 10

194 1015 240 1049 49
373 1013 611 1067 Βουληθεὶς
651 1011 696 1053 δὲ
729 1012 752 1052 ὁ
788 1010 979 1066 βασιλεὺς
1016 1009 1244 1057 Θεοδόσιος
1283 1010 1332 1051 τὰ
1369 1010 1478 1064 τείχη
1516 1009 1757 1063 μεταθεῖναι

253 1087 325 1136 τῆς
355 1081 521 1127 πόλεως
551 1081 622 1122 καὶ
657 1081 829 1135 μείζονα
867 1079 941 1134 τὴν
977 1079 1127 1133 ταύτης
1164 1080 1319 1121 θέσθαι
1361 1079 1574 1133 περιοχήν,
1619 1077 1757 1132 Κύρῳ

195 1153 241 1187 50
254 1156 315 1205 τῷ
347 1150 523 1204 ἐπάρχῳ
553 1149 600 1191 τὸ
632 1151 756 1204 ἔργον
788 1149 980 1190 ἀνέθετο·
1013 1148 1084 1189 καὶ
1116 1149 1163 1194 ὃς
1195 1148 1360 1202 σπουδῇ
1390 1147 1524 1201 πολλῇ
1555 1146 1627 1188 καὶ
1651 1162 1756 1200 προ-

255 1219 390 1273 θυμίᾳ
421 1219 687 1273 χρησάμενος
719 1219 908 1272 ἀνήγειρε
938 1217 985 1258 τὸ
1017 1221 1211 1271 χερσαῖον
1248 1220 1381 1270 τεῖχος
1419 1215 1504 1256 ἀπὸ
1542 1215 1759 1269 θαλάσσης

0 1289 170 1326 ΡΙΙ43Α
195 1290 239 1326 51
255 1289 339 1333 ἕως
359 1287 578 1342 θαλάσσης
600 1284 651 1328 δι’
670 1288 872 1341 ἑξήκοντα
890 1287 1077 1340 ἡμερῶν.
1111 1285 1135 1326 ὁ
1153 1289 1254 1339 γοῦν
1273 1285 1408 1338 δῆμος
1423 1289 1496 1338 τῆς
1511 1284 1676 1329 πόλεως
1693 1283 1762 1324 ε’πί
1775 1286 1819 1322 15

255 1373 297 1397 τε
328 1361 389 1410 τῷ
420 1357 534 1410 ἔργῳ
566 1355 711 1410 ἡσθεὶς
742 1355 813 1396 καὶ
839 1359 911 1409 τῆς
931 1359 1159 1408 ταχυτῆτος
1180 1353 1516 1407 ὑπερθαυμάσας
1536 1351 1608 1393 τὸν
1629 1353 1758 1405 ἔπαρ-

256 1441 333 1479 χον
364 1425 559 1479 ἕξεβόησε
583 1424 765 1478 δημοσίᾳ
796 1424 823 1437 “
858 1423 1142 1467 νωνσταντῖνος
1174 1423 1315 1469 ἔκτισε,
1347 1421 1493 1474 Κῦρος
1515 1420 1762 1462 ἀνενέωσε.”

2 1497 172 1536 W11136
197 1497 243 1533 52
259 1492 322 1534 διὸ
355 1493 591 1547 φθονηθεὶς
621 1491 738 1546 παρὰ
769 1496 842 1533 τοῦ
874 1491 1080 1546 βασιλέως
1111 1491 1182 1532 καὶ
1214 1490 1501 1537 ὑποπτευθείς,
1538 1489 1610 1530 καὶ
1641 1490 1761 1530 ἄκων

256 1564 432 1615 κείρεται
463 1561 673 1616 κληρικός,
707 1559 789 1602 εἶτα
821 1561 893 1602 καὶ
923 1560 1128 1614 Σμύρνης
1160 1559 1388 1605 ἐπίσκοπος
1421 1559 1581 1612 γίνεται.

257 1676 281 1709 4
304 1675 383 1720 περὶ
408 1680 469 1720 τῆς
493 1675 714 1720 ἀνακομιδῆς
738 1680 797 1709 τοῦ
824 1675 939 1718 τιμίου
965 1672 1134 1718 λειψάνου
1161 1676 1221 1706 τοῦ
1239 1671 1496 1715 Χρυσοστόμου
1523 1668 1570 1714 A,
1595 1670 1674 1714 περὶ
1700 1675 1760 1715 τῆς

258 1723 478 1768 ἀνακομιδῆς
502 1728 563 1757 τοῦ
590 1723 752 1767 σώματος
778 1727 838 1756 τοῦ
864 1722 1121 1766 Χρυσοστόμου
1149 1719 1212 1755 CE
1339 1718 1381 1752 11
1409 1719 1458 1753 ὅτι
1483 1719 1504 1752 ὁ
1526 1719 1602 1756 νέος
1631 1718 1760 1753 Θεοδό-

258 1785 331 1810 σιος
355 1771 521 1816 μετέθετο
546 1770 588 1805 τὰ
613 1771 708 1815 τείχη
736 1775 796 1816 τῆς
821 1770 958 1809 πόλεως
984 1769 1044 1804 καὶ
1069 1767 1148 1813 περὶ
1173 1767 1295 1812 Κύρου
1329 1772 1388 1801 τοῦ
1419 1766 1576 1811 ἐπάρχου
1604 1765 1643 1810 C,
1680 1766 1759 1810 περὶ

258 1820 381 1864 Κύρου
408 1824 469 1854 τοῦ
494 1819 650 1864 ἐπάρχου
677 1818 708 1853 Ε

333 1921 350 1955 1
379 1921 551 1956 σισινίκου
578 1919 626 1964 D,
653 1921 800 1955 σισινίου
826 1919 929 1957 BDw
1035 1918 1057 1953 2
1081 1918 1209 1962 πρῴην
1225 1937 1268 1940 -
1283 1915 1457 1960 Κυζίκου]
1484 1915 1674 1954 ἐπίσκοπος
1698 1929 1759 1950 κυ-

332 1969 432 2009 ζίκου
455 1968 583 2013 πρώην
608 1967 870 2013 χειροτονηθεὶς
897 1966 1006 2012 pr‚
1040 1966 1167 2010 πρώην
1201 1965 1391 2002 ἐπίσκοπος
1422 1965 1573 2005 κυζίκου
1608 1977 1761 2008 χειροτο-

331 2016 450 2061 νηθεὶς
476 2016 508 2051 Ε
604 2016 628 2050 4
654 2015 1049 2052 κωνσταντινουπόλεως
1075 2013 1210 2058 DEwp
1309 2012 1331 2047 5
1356 2012 1394 2046 τὸ
1419 2016 1524 2056 σῶμα
1549 2016 1608 2046 τοῦ
1634 2024 1760 2055 χρυσο-

335 2065 464 2109 στόμου
479 2063 559 2108 ΑΕ,
578 2064 616 2098 τὸ
630 2063 818 2108 ἱερώτατον
831 2068 891 2098 τοῦ
905 2063 1149 2107 χρυσοστόμου
1164 2065 1268 2105 σῶμα
1284 2060 1380 2105 pr
1479 2060 1500 2094 9
1514 2064 1575 2094 τοῦ
1591 2058 1761 2094 alterum

334 2122 409 2147 om.
437 2112 473 2147 D
572 2111 617 2147 12
642 2112 768 2156 ταύτης
794 2108 962 2156 prDi,
986 2111 990 2154 Ι
1013 2110 1140 2154 ταύτην
1166 2110 1200 2143 Α
1299 2108 1342 2143 15
1368 2112 1451 2153 γοῦν
1477 2110 1568 2152 post
1593 2107 1705 2152 δῆμος
1730 2106 1762 2141 Ε

334 2161 379 2195 16
405 2159 590 2204 θαυμάσας
615 2159 718 2205 vap
818 2158 862 2194 17
888 2158 998 2202 κύρος
1023 2156 1054 2191 Β
1082 2157 1134 2201 (v.
1162 2167 1218 2191 vs.
1247 2156 1306 2198 18)
1405 2155 1450 2190 18
1479 2158 1568 2200 post
1592 2154 1762 2200 βασιλέως

333 2207 427 2244 add.
452 2209 474 2242 ὅ
497 2208 607 2253 κύρος
632 2206 674 2251 Β,
702 2208 723 2241 ὁ
746 2211 858 2251 κῦρος
884 2205 983 2251 pr

201 2312 247 2348 47
262 2316 472 2351 interiecto
501 2316 625 2350 otium
652 2317 804 2360 egerat.
856 2313 932 2348 Hie
958 2313 1082 2358 igitur
1109 2312 1205 2348 sede
1225 2311 1437 2356 Cpolitana
1460 2312 1648 2355 receptus
1675 2311 1763 2344 orat

262 2374 412 2409 regem,
443 2366 486 2398 ut
512 2372 660 2407 corpus
680 2361 954 2407 chrysostomi
972 2361 1166 2405 Pityunte
1192 2361 1406 2401 referatur,
1431 2368 1484 2393 ne
1510 2358 1572 2392 vir
1598 2359 1762 2392 sanctus

202 2408 248 2444 48
263 2414 354 2457 post
378 2414 548 2446 mortem
575 2411 695 2446 etiam
722 2412 885 2445 maneat
911 2409 1017 2444 exul.
1069 2407 1270 2443 Obseeuto
1298 2407 1391 2441 huic
1412 2416 1511 2450 rege
1530 2408 1570 2440 et
1586 2405 1762 2440 refertur

264 2459 394 2494 saneti
419 2458 525 2493 illius
553 2467 701 2503 corpus
728 2460 766 2492 et
793 2467 882 2492 cum
911 2456 1058 2491 eximio
1086 2456 1240 2490 honore
1265 2456 1473 2499 receptum
1499 2453 1605 2487 intra
1631 2461 1762 2487 sacra-

264 2508 369 2542 rium
394 2506 507 2541 aedis
534 2509 768 2541 sanctorum
794 2504 1071 2550 apostolorum
1102 2503 1208 2537 illius
1235 2501 1404 2537 celebris
1431 2500 1629 2536 conditur.

203 2551 250 2586 49
383 2553 482 2590 Cum
513 2564 587 2589 rex
614 2552 868 2588 Theodosius
893 2551 1054 2586 moenia
1083 2551 1195 2585 urbis
1230 2549 1451 2585 transferre
1487 2549 1656 2592 eiusque-
1692 2547 1763 2582 cir-

204 2599 252 2635 50
265 2602 418 2636 cuitum
437 2599 684 2646 amplificare
703 2600 835 2643 vellet,
863 2599 992 2644 Cyrus
1018 2599 1113 2633 huie
1139 2598 1304 2643 negotio
1330 2597 1586 2642 praepositus
1612 2604 1762 2640 magno

265 2649 398 2684 studio
427 2652 466 2684 et
491 2649 690 2683 industria
718 2650 949 2683 terrestrem
975 2655 1134 2680 murum
1161 2656 1185 2680 a
1212 2645 1312 2679 mari
1340 2644 1392 2679 ad
1422 2654 1532 2678 mare
1564 2642 1764 2688 pertinen-

205 2694 248 2730 51
265 2699 345 2731 tem
365 2697 471 2731 intra
489 2696 561 2731 LX
588 2697 672 2731 dies
699 2695 911 2730 exstruxit.
963 2693 1050 2735 Quo
1078 2703 1200 2738 opere
1229 2692 1428 2727 delectata
1454 2694 1494 2726 et
1520 2690 1764 2725 celeritatem

266 2745 461 2789 praefecti
488 2744 687 2779 admirata
712 2744 873 2778 urbana
898 2740 1112 2776 multitudo
1147 2740 1307 2786 publice
1339 2738 1600 2774 exclamavit:
1633 2736 1764 2772 “Con-

205 2789 252 2826 52
266 2792 466 2826 stant-‚inus
501 2791 692 2833 condidit,
732 2790 861 2836 Cyrus
899 2787 1153 2824 renovavit”.
1209 2787 1466 2832 Quapropter
1502 2785 1631 2830 Cyrus
1665 2784 1765 2819 invi-

267 2838 405 2874 diosus
432 2839 541 2884 apud
565 2849 705 2884 regem
732 2842 771 2874 et
796 2840 1009 2883 suspectus
1035 2836 1099 2871 vel
1125 2835 1277 2870 invitus
1303 2834 1494 2870 tondetur
1519 2836 1565 2868 ut
1583 2832 1764 2876 clericus,

266 2888 351 2923 tum
378 2887 499 2922 etiam
527 2885 724 2933 Smyrnae
750 2885 793 2921 fit
819 2886 1045 2932 episcopus.
1952 2894 1968 2918 ιι,
