2054 3282
354 214 424 256 228
705 215 885 258 ZONAR.
914 220 1043 256 EPIT.
1071 217 1160 255 XIV
1187 213 1243 263 21,
1273 219 1351 255 18-
1366 219 1424 263 2‘2,
1453 217 1506 256 10.

355 343 551 398 ἀνῄρουν,
584 344 635 384 οὗ
666 343 810 397 μείους
843 339 879 382 δ’
914 342 1160 395 ἐζώγρησαν
1188 341 1259 382 καὶ
1279 340 1350 382 τὸν
1367 341 1526 395 Ἴστρον
1546 342 1852 395 περαιωθέντες

297 414 342 450 19
355 412 399 453 ἐν
419 415 469 466 τῇ
490 411 712 465 Ῥωμαίων
734 411 940 465 ἐπήξαντο
964 409 1037 455 τὰς
1068 409 1240 463 σκηνάς·
1273 409 1344 450 καὶ
1376 410 1427 450 οὗ
1460 409 1639 451 διέλιπον
1670 410 1715 458 ἐξ
1746 410 1850 451 ἐκεί-

297 483 343 518 <20
355 496 430 522 νου
467 479 541 534 τὴν
577 479 660 520 ὑπὸ
693 479 926 533 Ῥωμαίους
963 478 1130 518 ἅπασαν
1168 477 1412 531 ληιζόμενοι.
1476 477 1578 518 ὅθεν
1608 476 1796 531 βιασθεὶς
1827 477 1851 518 ὁ

354 552 524 601 κρατῶν
556 546 740 592 σπονδὰς
771 547 891 587 ἔθετο
922 545 1030 599 πρὸς
1062 544 1213 590 αὐτοὺς
1245 545 1310 585 ἐπὶ
1339 545 1571 599 συνθήκαις
1592 549 1665 586 τοῦ
1689 544 1852 600 δασμὸν

356 617 495 662 αὐτοῖς
538 615 808 669 καταβάλλειν
852 614 1025 668 ἐτήσιον,
1070 615 1127 659 εἷς
1166 614 1365 668 αἰσχύνην
1406 619 1478 669 τῆς
1513 618 1599 655 τῶν
1629 614 1887 668 Ῥωμαίωνῖ)

296 685 499 738 21ᾶρχῆς.
561 683 631 724 καὶ
662 682 714 736 ἦν
746 683 882 727 οὕτως
912 682 1120 722 πάντοθεν
1152 682 1415 737 εἷρηνεύοντα
1447 686 1531 728 τοῖς
1551 681 1772 737 Ῥωμαίοις
1801 681 1850 723 τὰ

235 758 269 792 Ι)
296 758 342 792 ⁴22
354 753 578 807 πράγματα
619 752 701 796 ἕως
737 755 809 804 τῆς
839 750 1024 804 τελευτῆς
1054 751 1177 792 τοῦδε
1207 755 1280 792 τοῦ
1313 751 1634 806 αὐτοκράτορος.
1696 751 1850 792 ἐτελεύ-

354 837 450 875 τησε
483 820 528 862 δὲ
559 820 625 861 ἐπὶ
658 818 846 873 διαδόχῳ
867 824 928 872 τῷ
950 820 1030 872 υἱῷ
1050 819 1340 874 Ἰουστινιανῷ,
1372 821 1620 875 βασιλεύσας
1642 819 1853 865 ἐνιαυτοὺς

355 888 643 930 ἑπτακαίδεκα.

284 959 342 1001 22
468 956 548 998 Ἠν
576 957 620 998 δὲ
636 955 933 1003 Ἶουστινιανός,
966 956 1032 997 ὅτε
1063 961 1135 1011 τῆς
1166 957 1299 1012 ἀρχῆς
1331 958 1473 1012 ἐπέβη,
1505 957 1776 1012 μειρακίσκος
1805 958 1852 1006 ἓξ
1866 966 1912 1001 10

321 1026 421 1068 Ξέπὶ
462 1026 564 1067 δέκα
602 1025 810 1070 ἐνιαυτοῖς.
873 1025 1145 1079 αὖτοβούλως
1177 1025 1252 1067 οὖν
1283 1030 1332 1081 τῇ
1365 1026 1562 1081 διοικήσει
1592 1027 1852 1081 κεχρημένος

354 1099 426 1149 τῆς
464 1094 672 1149 βασιλείας
709 1093 877 1139 πολλοῖς
912 1093 986 1147 τὴν
1016 1093 1239 1148 Ῥωμαίων
1275 1094 1500 1149 ἡγεμονίαν
1536 1099 1685 1141 κακοῖς
1714 1096 1850 1150 περιέ-

320 1171 343 1206 3
354 1163 493 1218 βάλεν.
542 1164 582 1203 οἱ
603 1162 682 1216 γὰρ
705 1156 952 1216 Μαρδαῗται
973 1161 1046 1208 τὰς
1066 1167 1139 1204 τοῦ
1162 1162 1350 1217 Λιβάνου
1372 1163 1676 1218 καταλαβόντες
1695 1179 1849 1218 περιω-

355 1231 438 1278 πὰς
473 1235 546 1272 τοῦ
578 1230 857 1284 Πωγωνάτου
895 1235 1148 1285 κρατοῦντος
1185 1232 1362 1286 φοβεροὶ
1400 1236 1484 1278 τοῖς
1506 1231 1688 1287 Ἄραψιν
1724 1231 1901 1287 ἦσανἼ)
1920 1241 2054 1277 1Π32]

357 1299 421 1341 διὸ
453 1299 524 1341 καὶ
555 1298 741 1344 σπονδὰς
772 1299 919 1340 ἐκεῖνοι
948 1299 1057 1352 πρὸς
1077 1299 1311 1354 Ῥωμαίους
1340 1301 1545 1355 ᾐτήσαντο
1576 1301 1647 1342 καὶ
1676 1301 1850 1355 τούτων,
1868 1312 1913 1347 15

320 1369 419 1415 4ὡς
449 1370 615 1423 εἴρηται,
647 1368 904 1422 τετυχήκασι.
966 1369 1114 1409 τούτου
1149 1369 1193 1409 δὲ
1224 1373 1297 1410 τοῦ
1326 1369 1638 1424 αὐτοκράτορος
1658 1370 1748 1424 ἄρτι
1768 1373 1854 1411 τῶν

158 1447 289 1483 ΡΠ92
309 1438 584 1492 Ασκήπτρων
616 1437 934 1491 ἐπειλημμένου,
967 1437 991 1477 ὁ
1022 1436 1111 1477 τότε
1132 1439 1217 1478 τῶν
1232 1436 1429 1491 Ἀράβων
1454 1437 1728 1492 ἡγεμονεύων
1742 1437 1851 1493 Ἀβι-

357 1567 378 1602 7
404 1566 542 1612 τελευτὴ
561 1567 827 1601 Κωνσταντίνου
853 1571 912 1601 τοῦ
939 1567 997 1608 (K.
1015 1571 1075 1601 τοῦ
1102 1577 1176 1601 om.
1191 1565 1242 1608 A)
1267 1566 1497 1611 Πωγωνάτου
1523 1565 1624 1602 ACE
1723 1567 1769 1602 10
1791 1567 1854 1612 βα-

357 1615 466 1650 σιλεία
488 1615 734 1650 Ἰουστινιανοῦ
759 1619 819 1649 τοῦ
843 1614 929 1658 μετὰ
955 1619 1058 1650 ταῦτα
1084 1614 1146 1660 τὴν
1171 1614 1249 1658 ῥῖνα
1267 1614 1457 1659 τμηθέντος
1483 1613 1562 1659 ΑΕ,
1588 1615 1745 1661 βασιλεία
1767 1615 1854 1650 Ἰου-

357 1664 473 1698 στίνου
503 1662 588 1707 (Sic)
617 1667 676 1697 τοῦ
702 1662 911 1707 ῥινοτμήτου
940 1661 979 1706 C,
1008 1662 1164 1708 βασιλεία
1186 1662 1437 1697 Ἰουστινιανοῦ
1463 1661 1497 1697 R
1612 1662 1655 1698 13
1679 1662 1759 1707 περὶ
1784 1667 1854 1697 τῶν

357 1711 577 1755 Μαρδαϊτῶν
602 1710 662 1745 καὶ
687 1711 784 1748 ὅπως
809 1709 935 1748 αὐτοὺς
960 1711 1002 1745 ἐκ
1022 1715 1082 1744 τοῦ
1099 1710 1259 1756 Λιβάνου
1283 1711 1482 1755 μετῴκισεν
1506 1710 1608 1749 οὗτος
1633 1711 1654 1745 ὅ
1677 1710 1853 1756 βασιλεύς,

357 1758 550 1803 ἀπατηθεὶς
574 1757 669 1802 παρὰ
694 1762 765 1793 τῶν
786 1757 947 1803 Ἀράβων
974 1757 1002 1794 C

431 1878 451 1912 1
478 1877 517 1912 δὲ
541 1877 577 1911 D
719 1877 741 1911 ‘2
766 1882 809 1923 τῇ
833 1875 879 1921 Α,
906 1883 950 1922 γῇ
976 1877 1074 1923 pr
1221 1877 1393 1912 διέλειπον
1418 1876 1461 1921 Β,
1488 1888 1526 1912 V.
1554 1877 1606 1912 ad
1631 1876 1723 1913 XIV
1749 1876 1805 1921 20,
1832 1877 1854 1912 9

429 1926 452 1960 3
477 1926 594 1960 ἅπασα
619 1925 666 1970 D,
695 1935 797 1960 corr.
823 1925 892 1963 Dw
1003 1926 1026 1959 4
1050 1924 1138 1969 πρὸς
1169 1935 1243 1960 om.
1271 1925 1302 1959 B
1415 1925 1437 1960 6
1463 1926 1556 1959 οὕτω
1583 1923 1715 1970 wpDi,
1741 1926 1854 1964 οὕτως

430 2009 512 2054 AO,
538 1986 582 2044 οἷ’
606 2009 649 2054 Ε,
676 2020 713 2044 v.
741 2009 794 2044 ad
819 2009 916 2043 xm
942 2009 974 2053 6,
1003 2009 1047 2044 16
1198 2010 1220 2044 s
1246 2009 1278 2044 δ’
1305 2007 1460 2054 EwpDi
1626 2009 1671 2044 10
1695 2009 1738 2055 ἦν
1764 2011 1854 2054 post

428 2058 660 2103 μειρακίσκος
686 2057 718 2093 Ο
893 2056 932 2091 δὲ
958 2067 1033 2092 om.
1060 2056 1102 2101 B,
1130 2060 1400 2102 transponunt
1426 2059 1516 2102 post
1541 2057 1683 2092 ἰουστιν.
1711 2056 1779 2092 CD

477 2107 498 2140 ὁ
515 2105 606 2140 add.
627 2109 721 2140 ante
740 2105 882 2140 ιόυστιν.
901 2105 986 2150 τνῆ)
1006 2106 1142 2140 invitis
1157 2104 1226 2139 AR
1298 2106 1513 2149 μιρακίσκος
1528 2105 1624 2150 Ewp
1699 2105 1745 2139 13
1763 2119 1853 2150 μαρ·

431 2153 542 2189 δαΐται
560 2152 642 2198 AR,
667 2153 854 2197 μαρδάῖται
875 2152 972 2198 w*p‚
1001 2163 1102 2188 corr.
1121 2151 1177 2187 Di
1275 2156 1364 2198 post
1388 2153 1494 2197 μαρδ.
1522 2152 1614 2187 add.
1640 2153 1851 2197 καλούμενοι

431 2201 529 2247 pr
647 2200 690 2235 16
716 2199 859 2245 εἴρηται]
886 2200 978 2236 XIV
1004 2200 1060 2245 20,
1087 2200 1133 2235 22
1247 2200 1303 2235 16.
1331 2200 1375 2235 17
1401 2201 1476 2245 ἄρτι
1504 2199 1543 2235 δὲ
1567 2205 1637 2235 τῶν
1663 2201 1854 2246 σκήπτρων

431 2249 686 2294 ἐπειλημμένον
712 2250 835 2283 τούτου
862 2254 921 2283 τοῦ
947 2248 1205 2293 αὐτοκράτορος
1232 2247 1263 2283 O

302 2373 346 2408 19
360 2379 572 2405 manorum
606 2372 715 2404 terra
754 2368 990 2414 defigerent.
1040 2367 1181 2413 Neque
1219 2367 1270 2402 ab
1309 2377 1357 2402 eo
1396 2370 1576 2413 tempore
1614 2367 1853 2402 destiterunt

300 2420 347 2455 20
362 2427 500 2453 omnes
537 2416 741 2452 Romanas
779 2417 1009 2462 provincIas
1048 2418 1220 2450 vastare.
1276 2414 1394 2450 Unde
1433 2418 1597 2450 coactus
1634 2415 1853 2460 imperator

360 2475 499 2511 pacem
530 2474 621 2499 cum
647 2465 694 2499 iis
720 2465 817 2498 facit
843 2466 961 2509 pacto
997 2473 1134 2498 annuo
1161 2463 1311 2497 tributo
1340 2472 1430 2497 cum
1457 2462 1656 2497 dedecore
1682 2461 1853 2497 Romani

300 2513 527 2558 Dlimperii.
578 2511 639 2546 Ita
676 2522 740 2547 res
767 2511 950 2547 Romana
975 2511 1128 2556 ubique
1153 2511 1289 2555 quieta
1327 2510 1403 2544 fuit
1440 2519 1570 2554 usque
1609 2510 1661 2544 ad
1700 2510 1852 2545 obitum

301 2563 348 2599 22
362 2561 480 2595 huius
517 2560 781 2605 imperatoris.
832 2559 902 2594 Est
938 2562 1072 2594 autem
1110 2560 1292 2592 mortuus
1318 2558 1456 2592 relicto
1484 2567 1717 2593 successore
1739 2557 1853 2592 Iusti-

359 2609 481 2643 niano
508 2608 600 2652 filio,
627 2617 717 2642 cum
745 2607 1016 2652 septendecim
1045 2615 1172 2640 annos
1198 2607 1420 2651 regnasset.

478 2656 535 2691 22.
587 2655 854 2691 IUSTINJAst
881 2664 979 2689 vero
1006 2657 1193 2698 suscepto
1219 2653 1387 2698 imperio
1414 2651 1653 2687 adulescens
1678 2652 1853 2688 sedecim

323 2706 347 2742 2
360 2714 571 2748 annorum,
597 2713 687 2738 cum
712 2713 785 2738 suo
804 2702 1003 2737 arbitratu
1018 2701 1151 2736 omnia
1166 2699 1472 2744 administraret,
1500 2700 1538 2734 in
1555 2700 1699 2735 multas
1718 2700 1852 2735 clades

323 2752 649 2796 3rempublieam
676 2751 857 2786 coniecit.
908 2749 1008 2785 Nam
1035 2748 1256 2783 Mardaitae
1274 2747 1419 2782 Libani
1446 2747 1619 2793 speculis
1646 2748 1852 2793 occupatis

361 2799 435 2834 sub
450 2798 662 2844 Pogonato
682 2797 956 2833 formidabiles
983 2798 1098 2832 erant
1113 2794 1333 2840 Arabibus3
1361 2805 1466 2840 quae
1493 2796 1611 2830 etiam
1627 2805 1751 2830 causa
1776 2795 1852 2830 illis

361 2847 494 2881 fuerat
520 2846 719 2891 petendae
746 2845 856 2892 pacis
884 2855 908 2880 a
933 2844 1136 2888 Romanis,
1163 2853 1295 2888 quam,
1323 2847 1367 2877 ut
1394 2842 1543 2877 dictum
1571 2846 1640 2886 est,
1667 2843 1852 2888 impetra-

323 2896 465 2932 4runt.
518 2893 615 2929 Cum
631 2897 765 2928 autem
793 2894 826 2928 is
850 2894 1069 2939 imperator
1088 2891 1255 2936 sceptris
1282 2900 1410 2936 nuper
1426 2891 1574 2936 potitus
1602 2893 1716 2936 esset,
1754 2889 1851 2926 Ara-
