2066 3230
496 205 745 249 MONE'PAE
770 209 1017 251 MVTATIO.
1067 209 1297 253 commem
1321 211 1508 253 LIBERI.
1678 213 1749 255 739

257 329 330 372 καὶ
369 331 519 374 ἁλόντα
550 333 622 375 καὶ
651 335 907 390 πηρωθέντα
938 335 1035 383 τοὺς
1065 336 1334 392 ὀφθαλμούς.
1395 337 1532 392 τούτῳ
1562 337 1636 393 τὴν
1666 339 1746 381 θυ-
1760 344 1808 380 24

258 400 410 455 γατέρα
427 401 578 456 ταύτην
593 404 878 458 κατεγγυήσας
892 405 1080 460 τετίμηκε
1095 404 1167 447 τὸν
1185 405 1319 460 ἄνδρα
1339 407 1747 461 πανυπερσέβαστον.
1762 412 1960 450 ΡΙῙ299Α

258 468 406 522 γίνεται
438 469 484 511 δὲ
513 475 575 524 τῷ
603 471 766 525 βασιλεῖ
790 472 862 514 καὶ
893 473 995 527 υἱός,
1028 474 1078 515 ὃν
1108 474 1153 516 ἒν
1182 478 1244 529 τῷ
1275 474 1382 529 θείῳ
1406 476 1561 530 τεμένει
1582 479 1655 531 τῆς
1674 479 1747 518 τοῦ
1761 481 1808 518 25

258 536 365 578 θεοῦ
394 537 523 591 λόγου
553 538 721 594 Σοφίας
755 540 871 595 παρὰ
910 545 984 583 τοῦ
1022 542 1281 597 πατριάρχου
1319 544 1632 592 καταξιωθέντα
1674 547 1748 586 τοῦ

220 605 378 647 ὃθείου
407 606 692 661 βαπτίσματος
722 608 793 650 καὶ
807 607 1012 664 Ἰωάννην
1037 610 1245 665 κληθέντα
1277 611 1424 653 αὐτίκα
1455 611 1481 652 ὁ
1509 611 1647 667 πατὴρ
1677 612 1749 654 καὶ

259 673 482 728 διαδήματι
511 679 667 737 ταινιοῒ.
730 675 919 730 γεγόνασι
952 677 998 719 δὲ
1027 683 1090 732 τῷ
1118 678 1279 733 βασιλεῖ
1305 679 1376 722 καὶ
1401 680 1530 734 ἕτεροι
1553 680 1631 722 δύο
1652 680 1746 735 υἱοί,
1761 686 1808 723 26

252 741 520 797 Ἀνὸρόνικός
538 758 581 784 τε
602 743 673 785 καὶ
692 743 913 799 ’Ῑσαάκιος,
944 746 1014 787 καὶ
1038 747 1266 801 θυγατέρες
1286 748 1418 802 ἕτεραι
1438 752 1558 803 τρεῖς,
1584 749 1747 803 Μαρία,

26 860 31 870 „
257 808 448 852 Εὗόοκία
487 810 558 852 καὶ
595 809 818 867 Θεοδώρα.
879 817 928 868 τῇ
968 814 1048 867 μὲν
1086 813 1164 856 οὗν
1197 814 1346 870 ᾸῙαρίᾳ
1384 815 1456 858 τὸν
1494 820 1568 858 τοῦ
1599 816 1644 858 Γ
1638 819 1750 871 αυρᾶ
1762 823 1808 860 27

26 907 51 925 ἃ
258 878 419 920 ἐκείνου
456 877 689 934 Θεοδώρου
720 883 793 922 τοῦ
825 882 1028 936 σεβαστοῦ
1059 883 1130 925 καὶ
1159 884 1374 938 μάρτυρος
1404 884 1496 927 υἱὸν
1526 885 1747 940 ἐμνηστεύ-

22 942 84 1031 ffi
103 951 159 989 IV
175 950 371 989 241σατο.
433 945 516 988 εἶτα
553 947 628 1003 τὴν
669 950 890 1003 μνηστείαν
926 951 1078 1006 ταύτην
1113 952 1254 1007 λύσας,
1300 953 1412 995 οὕτω
1451 953 1580 1002 δόξαν
1617 953 1748 1008 αὐτῷ,
1762 961 1809 997 28

258 1015 453 1057 κάκεῖνον
491 1016 855 1071 ἀποπεμψάμενος
893 1019 1033 1072 ἕτερον
1068 1024 1286 1075 μνηστῆρα
1323 1025 1372 1076 τῇ
1411 1021 1588 1076 θυγατρὶ
1622 1021 1748 1076 ταύτῃ

256 1083 329 1127 τὸν
366 1087 440 1126 τοῦ
478 1084 705 1140 Φορβηνοῦ
745 1085 835 1128 υἱὸν
867 1091 940 1129 τοῦ
975 1086 1238 1131 Κατακαλὼν
1276 1088 1347 1131 τὸν
1377 1088 1631 1144 Νικηφόρον
1669 1090 1749 1131 εἰσ-

257 1153 492 1207 εποιήσατο.
543 1157 593 1209 τῇ
615 1150 653 1195 ὁ’
676 1153 869 1209 Εῧόοκίᾳ
888 1154 960 1196 τὸν
988 1160 1061 1198 τοῦ
1077 1155 1251 1198 Ἰασίτου
1277 1157 1589 1199 Κωνσταντίνου
1620 1158 1809 1202 nardum
1834 1165 1865 1200 Β

258 1222 517 1270 συνέζευξεν·
550 1222 598 1268 ὃς
627 1226 677 1277 τῇ
707 1238 749 1264 τε
780 1224 968 1278 συνεύνῳ
1000 1224 1078 1279 οὐχ
1110 1225 1172 1271 ὡς
1201 1226 1407 1280 βασιλέως
1437 1226 1638 1281 ἐκέχρητο
1669 1226 1749 1268 θυ-

199 1295 245 1331 15
259 1290 389 1345 γατρί,
433 1286 521 1331 ἀλλ’
554 1289 601 1332 ἐκ
632 1294 706 1332 τοῦ
737 1291 969 1345 κρείττονος
1000 1292 1143 1347 ὡμίλει
1180 1293 1306 1348 ταύτῃ
1345 1293 1416 1335 καὶ
1452 1294 1750 1348 προσεφέρετο,

258 1359 330 1402 καὶ
365 1363 414 1414 τῇ
450 1359 664 1414 βασιλίσσῃ
704 1359 750 1401 δὲ
787 1360 1019 1408 πλειστάκις
1059 1362 1393 1417 προσκεκρούκει
1436 1363 1507 1405 καὶ
1548 1363 1749 1418 πενθερᾷ,

257 1429 366 1484 ἥπερ
387 1428 505 1482 αὐτῷ
523 1428 845 1483 προσοχθίσασα
867 1429 941 1484 τὴν
971 1430 1183 1485 θυγατέρα
1215 1431 1454 1485 νοσήσασαν
1484 1431 1613 1478 εὐθὺς
1644 1432 1812 1474 ἀπο-30

258 1495 385 1552 κείρει
414 1495 487 1539 καὶ
516 1495 588 1539 τὸν
606 1496 782 1552 Ἰασίτην
803 1497 1022 1540 ἀπελαύνει
1046 1502 1132 1541 τῶν
1161 1499 1392 1555 βασιλείων.
1453 1503 1503 1555 τῇ
1536 1500 1583 1542 δέ
1613 1516 1658 1555 γε
1688 1516 1750 1543 τε·
1765 1506 1810 1543 31

329 1627 353 1663 2
376 1626 614 1672 κατεγγυήσας
638 1626 766 1672 ταύτην
792 1626 828 1662 D
941 1628 1185 1675 κατηγγυὴσας
1211 1627 1241 1664 C
1361 1627 1420 1664 τὸν
1443 1628 1567 1675 ἄνδρα]
1594 1629 1655 1665 καὶ
1682 1629 1750 1668 BD

329 1674 364 1711 3.
388 1674 412 1710 4
437 1679 499 1710 τοῦ
525 1675 624 1710 θείου
650 1678 741 1721 post
764 1675 983 1721 πατριάρχου
1008 1675 1040 1712 Ο
1142 1675 1166 1711 4
1190 1676 1470 1718 καταξιωθέντος
1496 1676 1532 1711 D
1629 1678 1652 1713 8
1676 1679 1750 1726 καὶ]

330 1732 368 1758 v.
387 1721 439 1758 ad
456 1721 553 1757 XIII
571 1721 604 1767 2,
618 1721 666 1758 36
769 1722 803 1758 8.
817 1723 840 1758 9
865 1728 926 1758 τοῦ
952 1749 1222 1759 ............
1249 1724 1436 1769 θεοὸώρου
1462 1723 1497 1759 D
1594 1725 1617 1760 8
1641 1732 1753 1773 γαυρᾶ

330 1769 377 1814 A,
402 1771 517 1816 γαβρᾶ
530 1768 689 1815 prDl'
784 1769 807 1805 9
832 1772 1001 1817 σεβαστοῢ
1018 1771 1079 1806 καὶ
1091 1771 1282 1817 μάρτυρος]
1309 1771 1630 1818 σεβαστοκράτορος
1648 1777 1751 1811 coni.

331 1817 392 1853 W.
418 1816 632 1852 Fischems
669 1816 803 1853 Mitth.
838 1818 876 1854 d.
911 1817 1045 1854 Instit.
1082 1819 1113 1864 f.
1149 1820 1266 1854 oster.
1303 1817 1684 1865 Geschichtsforsch.
1717 1822 1752 1858 X

362 1891 369 1900 .
399 1864 467 1900 194
595 1865 654 1900 τὸν
678 1866 867 1910 γρηγόριον
893 1866 985 1901 add.
1011 1871 1101 1912 post
1126 1867 1202 1902 υἱὸν
1228 1866 1392 1912 cwpDz‘,
1421 1878 1457 1902 v.
1484 1867 1587 1902 Ann.
1615 1867 1752 1905 Comn.

331 1876 358 1948 1)
405 1939 414 1948 .
438 1912 520 1957 417,
549 1912 592 1948 17
704 1914 749 1947 10
772 1914 887 1952 οὕτως
913 1913 943 1948 Β
1055 1915 1095 1949 11
1123 1914 1229 1959 ταύτῃ
1258 1925 1334 1949 om.
1360 1913 1390 1950 C
1498 1914 1543 1949 12
1569 1918 1753 1963 φορβηνοῢ

331 1959 366 1996 A
386 1961 480 2006 {wp,
506 1960 690 2005 φορβητοῦ
709 1959 751 2004 Ε,
779 1961 963 2006 φορόηνοῦ
984 1960 1085 1998 DBw
1111 1963 1163 2003 (v.
1182 1961 1313 1997 XVIII
1331 1961 1388 2006 24,
1406 1961 1485 2006 26);
1516 1961 1754 2009 Εὖφορβηνὸν

333 2008 430 2044 dicit
455 2018 547 2043 eum
574 2006 678 2043 Anu.
705 2007 841 2044 Comn.
869 2007 906 2043 11
933 2019 969 2054 p.
997 2009 1052 2052 11,
1082 2010 1135 2044 11.
1164 2009 1218 2053 15,
1245 2008 1277 2044 7.
1303 2009 1360 2053 35,
1386 2009 1434 2043 20
1458 2013 1531 2045 cet.
1693 2017 1754 2047 τοῦ

332 2070 379 2092 κα
395 2081 546 2092 .......
573 2055 632 2090 τὸν
656 2054 692 2089 D
827 2055 872 2092 13
897 2056 955 2091 τὸν
978 2056 1097 2091 dalton
1123 2061 1183 2091 τοῦ
1209 2057 1466 2092 κωνσταντίνου
1493 2055 1528 2091 D
1661 2073 1754 2094 κων·

333 2104 512 2139 σταηίνου
538 2113 615 2138 om.
641 2101 746 2139 CWo
760 2103 827 2138 lat.
974 2104 1017 2139 16
1042 2104 1210 2143 πολλάκις
1236 2103 1266 2138 Β
1401 2106 1697 2150 προςεκεκροῦκει
1724 2106 1754 2143 C

379 2151 536 2196 πενθερᾶ
553 2148 751 2234 Βῌὲὶῦἰ),
776 2150 930 2196 πενθερὰ
949 2149 984 2187 Α
1059 2152 1102 2188 17
1126 2151 1393 2197 προςαχθίσασα
1417 2150 1502 2197 w*p
1528 2152 1666 2190 invitis
1683 2152 1754 2189 AR

335 2200 381 2236 18
405 2198 592 2235 ἀπολαὺνει

264 2310 541 2351 excaecatum,
580 2305 690 2342 dedit
720 2315 902 2350 uxorem,
940 2305 1300 2351 panhypersebasti
1337 2305 1494 2342 titulum
1527 2306 1655 2343 eidem
1687 2308 1754 2343 im·
1766 2307 1813 2343 24

264 2356 445 2403 pertitus.
495 2354 637 2390 Filium
676 2353 769 2389 inde
803 2353 877 2389 sibi
912 2357 1050 2388 natum
1085 2359 1125 2389 et
1156 2363 1181 2388 a
1213 2353 1443 2399 patriarcha
1476 2364 1592 2390 sacro
1629 2355 1754 2401 bapti·
1767 2354 1814 2390 25

263 2407 392 2440 amate
417 2403 456 2438 in
476 2402 624 2448 templo
652 2400 777 2436 divini
805 2400 918 2436 verbi
938 2399 1170 2447 Sapientiae
1196 2400 1442 2446 baptizatum
1470 2400 1660 2438 Ioannem
1687 2413 1755 2449 ap·

264 2450 429 2498 pellavit
468 2451 599 2486 statim
632 2459 683 2485 uo
721 2448 949 2484 diademate
988 2448 1159 2484 ornavit.
1211 2447 1347 2483 Eidem
1381 2447 1448 2484 aiii
1483 2458 1646 2495 quoque
1673 2449 1753 2486 duo
1767 2449 1814 2485 26

264 2499 348 2535 nati
375 2503 469 2534 sunt
495 2498 574 2541 iiiii,
644 2496 863 2532 ndronicus
890 2500 930 2531 et
956 2495 1145 2538 isaacius,
1172 2499 1211 2531 et
1237 2495 1341 2531 aliae
1367 2499 1448 2531 tres
1475 2496 1591 2539 filiae,
1617 2496 1753 2540 Maria,

264 2546 458 2588 Eudocia‚
496 2544 722 2580 Theodora.
772 2542 937 2579 Mariam
972 2542 1187 2589 despondit
1218 2542 1381 2578 Gabrae
1417 2542 1520 2579 iliius
1552 2543 1753 2580 Theodori
1767 2542 1813 2579 27

265 2594 414 2631 sebasti
449 2596 489 2629 et
519 2592 708 2638 mai-tyris
742 2591 834 2627 filio.
885 2590 1041 2627 Deinde
1073 2590 1266 2626 affinitate
1300 2600 1371 2636 pro
1401 2600 1476 2626 sua
1502 2591 1668 2627 libidine
1694 2591 1814 2627 rea-28

293 2641 434 2678 udiata
465 2640 614 2686 illoque
647 2639 809 2674 dimisso
843 2640 965 2675 alium
997 2637 1101 2673 filiae
1134 2647 1326 2683 sponsum
1360 2638 1514 2682 ascivst,
1555 2638 1753 2674 Phorboni

284 2688 521 2725 *amcalonis
536 2688 657 2723 fllium
674 2686 955 2733 Nicephorum.
986 2684 1191 2721 Eudociae
1207 2684 1353 2721 Iasitao
1366 2685 1616 2722 Constantini
1632 2686 1752 2721 fliium
1767 2685 1814 2721 29

266 2737 521 2772 matrimonio
540 2736 683 2779 iunxit,
710 2735 777 2780 qui
797 2744 966 2770 uxorem
987 2743 1068 2769 non
1095 2737 1139 2768 ut
1165 2734 1274 2778 regis
1299 2733 1419 2768 tiliam
1445 2733 1656 2776 tractabat,
1682 2732 1754 2769 aad

267 2784 383 2830 quasi
402 2794 425 2818 e
443 2783 653 2829 superiore.
670 2782 758 2818 ioco
777 2792 866 2817 culn
889 2781 955 2817 ilia
980 2780 1132 2827 agebat
1157 2783 1196 2815 et
1222 2781 1365 2826 regina
1391 2790 1439 2815 ae
1464 2790 1583 2815 socru
1608 2780 1756 2827 saepis-

267 2832 366 2867 sIme
392 2831 547 2867 offensa
572 2830 716 2874 effecit,
743 2829 870 2865 utilia
889 2827 1179 2874 indignationis
1197 2826 1315 2874 piena
1334 2828 1452 2863 fliium
1476 2838 1525 2863 ao
1558 2827 1818 2863 rotantemao

267 2880 399 2916 statim
429 2878 615 2915 tonderet
641 2882 680 2914 ut
699 2876 859 2913 lusitani
888 2877 1002 2923 rugia
1028 2876 1187 2911 eiceret.
1239 2874 1482 2911 Postremum
1504 2876 1526 2911 ii
1545 2875 1622 2911 iam
1641 2874 1813 2912 coilo-31
