<?xml version="1.0" encoding="UTF-8"?>
<!DOCTYPE html PUBLIC "-//W3C//DTD XHTML 1.0 Transitional//EN"
    "http://www.w3.org/TR/xhtml1/DTD/xhtml1-transitional.dtd">
<html xmlns="http://www.w3.org/1999/xhtml" xml:lang="en" lang="en">
 <head>
  <title>
</title>
<meta http-equiv="Content-Type" content="text/html;charset=utf-8" />
  <meta name='ocr-system' content='tesseract 3.04.00' />
  <meta name='ocr-capabilities' content='ocr_page ocr_carea ocr_par ocr_line ocrx_word'/>
</head>
<body>
  <div class='ocr_page' id='page_1' title='image "./corpusscriptorum31niebuoft/corpusscriptorum31niebuoft_0497.png"; bbox 0 0 2054 3282; ppageno 0'>
   <div class='ocr_carea' id='block_1_1' title="bbox 550 238 1740 279">
    <p class='ocr_par' dir='ltr' id='par_1_1' title="bbox 550 238 1740 279">
     <span class='ocr_line' id='line_1_1' title="bbox 550 238 1740 279; baseline 0.003 -4"><span class='ocrx_word' id='word_1_1' title='bbox 550 238 796 277; x_wconf 78' lang='lat' dir='ltr'><strong>ROMANVS</strong></span> <span class='ocrx_word' id='word_1_2' title='bbox 821 239 1062 278; x_wconf 87' lang='lat' dir='ltr'>LACAPEN</span> <span class='ocrx_word' id='word_1_3' title='bbox 1069 239 1139 278; x_wconf 86' lang='lat' dir='ltr'><strong><em>VS.</em></strong></span> <span class='ocrx_word' id='word_1_4' title='bbox 1190 239 1432 277; x_wconf 83' lang='lat' dir='ltr'>BVLGARI.</span> <span class='ocrx_word' id='word_1_5' title='bbox 1672 242 1740 279; x_wconf 78' lang='lat'><strong><em>471</em></strong></span> 
     </span>
    </p>
   </div>
   <div class='ocr_carea' id='block_1_2' title="bbox 183 357 1862 1581">
    <p class='ocr_par' dir='ltr' id='par_1_2' title="bbox 245 357 1778 621">
     <span class='ocr_line' id='line_1_2' title="bbox 246 357 1778 418; baseline 0.003 -18"><span class='ocrx_word' id='word_1_6' title='bbox 246 362 320 401; x_wconf 84' lang='grc' dir='ltr'><strong><em>τοῦ</em></strong></span> <span class='ocrx_word' id='word_1_7' title='bbox 351 357 442 401; x_wconf 87' lang='grc' dir='ltr'><strong><em>κατ’</em></strong></span> <span class='ocrx_word' id='word_1_8' title='bbox 475 360 644 415; x_wconf 85' lang='grc' dir='ltr'><strong><em>ἀντικρὺ</em></strong></span> <span class='ocrx_word' id='word_1_9' title='bbox 675 365 747 416; x_wconf 89' lang='grc' dir='ltr'><strong><em>τῆς</em></strong></span> <span class='ocrx_word' id='word_1_10' title='bbox 776 361 942 409; x_wconf 85' lang='grc' dir='ltr'><strong><em>πόλεως</em></strong></span> <span class='ocrx_word' id='word_1_11' title='bbox 970 361 1078 417; x_wconf 85' lang='grc' dir='ltr'><strong><em>ἦσαν</em></strong></span> <span class='ocrx_word' id='word_1_12' title='bbox 1099 362 1361 417; x_wconf 78' lang='grc' dir='ltr'><strong><em>διακειμένου</em></strong></span> <span class='ocrx_word' id='word_1_13' title='bbox 1381 364 1598 418; x_wconf 77' lang='grc' dir='ltr'><strong><em>πορθμοῦ,</em></strong></span> <span class='ocrx_word' id='word_1_14' title='bbox 1660 364 1741 405; x_wconf 78' lang='grc' dir='ltr'><strong><em>θα-</em></strong></span> <span class='ocrx_word' id='word_1_15' title='bbox 1756 368 1778 404; x_wconf 83' lang='grc'><strong>7</strong></span> 
     </span>
     <span class='ocr_line' id='line_1_3' title="bbox 245 428 1741 487; baseline 0.003 -17"><span class='ocrx_word' id='word_1_16' title='bbox 245 428 400 484; x_wconf 83' lang='grc' dir='ltr'><strong><em>νούσης</em></strong></span> <span class='ocrx_word' id='word_1_17' title='bbox 437 428 482 470; x_wconf 80' lang='grc' dir='ltr'><strong><em>δὲ</em></strong></span> <span class='ocrx_word' id='word_1_18' title='bbox 511 433 584 485; x_wconf 87' lang='grc' dir='ltr'><strong><em>τῆς</em></strong></span> <span class='ocrx_word' id='word_1_19' title='bbox 614 433 687 472; x_wconf 88' lang='grc' dir='ltr'><strong><em>τοῦ</em></strong></span> <span class='ocrx_word' id='word_1_20' title='bbox 714 429 936 485; x_wconf 87' lang='grc' dir='ltr'><strong><em>Ῥωμανοῦ</em></strong></span> <span class='ocrx_word' id='word_1_21' title='bbox 969 431 1149 486; x_wconf 85' lang='grc' dir='ltr'><strong><em>συμβίου</em></strong></span> <span class='ocrx_word' id='word_1_22' title='bbox 1180 435 1253 487; x_wconf 88' lang='grc' dir='ltr'><strong><em>τῆς</em></strong></span> <span class='ocrx_word' id='word_1_23' title='bbox 1283 431 1531 487; x_wconf 82' lang='grc' dir='ltr'><strong><em>Αὕγούστης</em></strong></span> <span class='ocrx_word' id='word_1_24' title='bbox 1567 431 1741 474; x_wconf 79' lang='grc' dir='ltr'><strong><em>Θεοδώ-</em></strong></span> 
     </span>
     <span class='ocr_line' id='line_1_4' title="bbox 245 498 1741 556; baseline 0.003 -18"><span class='ocrx_word' id='word_1_25' title='bbox 245 512 324 550; x_wconf 89' lang='grc' dir='ltr'><strong><em>ρας</em></strong></span> <span class='ocrx_word' id='word_1_26' title='bbox 360 498 386 552; x_wconf 85' lang='grc' dir='ltr'>ἡ</span> <span class='ocrx_word' id='word_1_27' title='bbox 425 501 498 540; x_wconf 86' lang='grc' dir='ltr'><strong><em>τοῦ</em></strong></span> <span class='ocrx_word' id='word_1_28' title='bbox 536 498 743 552; x_wconf 82' lang='grc' dir='ltr'><strong><em>βασιλέως</em></strong></span> <span class='ocrx_word' id='word_1_29' title='bbox 779 498 1079 554; x_wconf 81' lang='grc' dir='ltr'><strong><em>Χριστοφόρου</em></strong></span> <span class='ocrx_word' id='word_1_30' title='bbox 1118 499 1221 555; x_wconf 85' lang='grc' dir='ltr'><strong><em>γυνὴ</em></strong></span> <span class='ocrx_word' id='word_1_31' title='bbox 1253 499 1398 555; x_wconf 85' lang='grc' dir='ltr'><strong><em>Σοφία</em></strong></span> <span class='ocrx_word' id='word_1_32' title='bbox 1435 504 1510 542; x_wconf 86' lang='grc' dir='ltr'><strong><em>τοῦ</em></strong></span> <span class='ocrx_word' id='word_1_33' title='bbox 1549 504 1621 556; x_wconf 89' lang='grc' dir='ltr'><strong><em>τῆς</em></strong></span> <span class='ocrx_word' id='word_1_34' title='bbox 1652 501 1741 542; x_wconf 81' lang='grc' dir='ltr'><strong><em>Αὖ-</em></strong></span> 
     </span>
     <span class='ocr_line' id='line_1_5' title="bbox 246 565 874 621; baseline 0.005 -15"><span class='ocrx_word' id='word_1_35' title='bbox 246 565 423 621; x_wconf 80' lang='grc' dir='ltr'><strong><em>γούστης</em></strong></span> <span class='ocrx_word' id='word_1_36' title='bbox 453 566 620 621; x_wconf 76' lang='grc' dir='ltr'><strong><em>ἠξιώθη</em></strong></span> <span class='ocrx_word' id='word_1_37' title='bbox 653 566 874 621; x_wconf 88' lang='grc' dir='ltr'><strong><em>ὀνόματος.</em></strong></span> 
     </span>
    </p>

    <p class='ocr_par' dir='ltr' id='par_1_3' title="bbox 208 632 1862 966">
     <span class='ocr_line' id='line_1_6' title="bbox 208 632 1778 693; baseline 0.004 -19"><span class='ocrx_word' id='word_1_38' title='bbox 208 633 232 670; x_wconf 88' lang='lat'>5</span> <span class='ocrx_word' id='word_1_39' title='bbox 358 632 413 676; x_wconf 85' lang='lat' dir='ltr'><strong><em>‘O</em></strong></span> <span class='ocrx_word' id='word_1_40' title='bbox 441 637 527 676; x_wconf 88' lang='grc' dir='ltr'><strong><em>τῶν</em></strong></span> <span class='ocrx_word' id='word_1_41' title='bbox 548 634 812 690; x_wconf 87' lang='grc' dir='ltr'><strong><em>Βουλγάρων</em></strong></span> <span class='ocrx_word' id='word_1_42' title='bbox 844 633 882 677; x_wconf 76' lang='grc' dir='ltr'><strong><em>δ’</em></strong></span> <span class='ocrx_word' id='word_1_43' title='bbox 916 636 1196 691; x_wconf 81' lang='grc' dir='ltr'><strong><em>ἐξηγούμενος</em></strong></span> <span class='ocrx_word' id='word_1_44' title='bbox 1218 637 1404 692; x_wconf 85' lang='grc' dir='ltr'><strong><em>Συμεὼν</em></strong></span> <span class='ocrx_word' id='word_1_45' title='bbox 1428 642 1478 693; x_wconf 87' lang='grc' dir='ltr'><strong><em>τῇ</em></strong></span> <span class='ocrx_word' id='word_1_46' title='bbox 1497 638 1741 693; x_wconf 82' lang='grc' dir='ltr'><strong><em>Ἀὁριανου-</em></strong></span> <span class='ocrx_word' id='word_1_47' title='bbox 1755 644 1778 679; x_wconf 88' lang='grc'>8</span> 
     </span>
     <span class='ocr_line' id='line_1_7' title="bbox 243 701 1777 760; baseline 0.002 -17"><span class='ocrx_word' id='word_1_48' title='bbox 243 701 360 744; x_wconf 78' lang='grc' dir='ltr'><strong><em>πόλει</em></strong></span> <span class='ocrx_word' id='word_1_49' title='bbox 401 703 637 757; x_wconf 82' lang='grc' dir='ltr'><strong><em>προσέβαλε</em></strong></span> <span class='ocrx_word' id='word_1_50' title='bbox 679 704 750 745; x_wconf 83' lang='grc' dir='ltr'><strong><em>καὶ</em></strong></span> <span class='ocrx_word' id='word_1_51' title='bbox 786 704 937 759; x_wconf 88' lang='grc' dir='ltr'><strong><em>ταύτην</em></strong></span> <span class='ocrx_word' id='word_1_52' title='bbox 976 705 1221 759; x_wconf 76' lang='grc' dir='ltr'><strong><em>ἐπολιόρκει.</em></strong></span> <span class='ocrx_word' id='word_1_53' title='bbox 1283 706 1410 760; x_wconf 82' lang='grc' dir='ltr'><strong><em>ἤνυσε</em></strong></span> <span class='ocrx_word' id='word_1_54' title='bbox 1449 703 1486 748; x_wconf 78' lang='grc' dir='ltr'><strong><em>δ’</em></strong></span> <span class='ocrx_word' id='word_1_55' title='bbox 1519 707 1571 748; x_wconf 81' lang='grc' dir='ltr'><strong><em>ἂν</em></strong></span> <span class='ocrx_word' id='word_1_56' title='bbox 1602 706 1740 760; x_wconf 79' lang='grc' dir='ltr'><strong><em>οὐδέν,</em></strong></span> <span class='ocrx_word' id='word_1_57' title='bbox 1755 711 1777 746; x_wconf 84' lang='grc'><strong>9</strong></span> 
     </span>
     <span class='ocr_line' id='line_1_8' title="bbox 244 770 1742 829; baseline 0.003 -18"><span class='ocrx_word' id='word_1_58' title='bbox 244 771 284 812; x_wconf 84' lang='grc' dir='ltr'><strong><em>εἰ</em></strong></span> <span class='ocrx_word' id='word_1_59' title='bbox 308 770 368 825; x_wconf 85' lang='grc' dir='ltr'><strong><em>μὴ</em></strong></span> <span class='ocrx_word' id='word_1_60' title='bbox 400 775 485 817; x_wconf 88' lang='grc' dir='ltr'><strong><em>τοῖς</em></strong></span> <span class='ocrx_word' id='word_1_61' title='bbox 515 771 637 813; x_wconf 77' lang='grc' dir='ltr'><strong><em>ἔνδον</em></strong></span> <span class='ocrx_word' id='word_1_62' title='bbox 668 772 907 814; x_wconf 78' lang='grc' dir='ltr'><strong><em>ἐπιλελοίπει</em></strong></span> <span class='ocrx_word' id='word_1_63' title='bbox 938 772 986 815; x_wconf 84' lang='grc' dir='ltr'><strong><em>τὰ</em></strong></span> <span class='ocrx_word' id='word_1_64' title='bbox 1018 774 1243 828; x_wconf 80' lang='grc' dir='ltr'><strong><em>ἐπιτήδεια·</em></strong></span> <span class='ocrx_word' id='word_1_65' title='bbox 1287 774 1528 829; x_wconf 73' lang='grc' dir='ltr'><strong><em>βιαζόμενοι</em></strong></span> <span class='ocrx_word' id='word_1_66' title='bbox 1565 773 1645 829; x_wconf 79' lang='grc' dir='ltr'><strong><em>γὰρ</em></strong></span> <span class='ocrx_word' id='word_1_67' title='bbox 1680 779 1742 829; x_wconf 81' lang='grc' dir='ltr'><strong><em>τῷ</em></strong></span> 
     </span>
     <span class='ocr_line' id='line_1_9' title="bbox 243 839 1740 897; baseline 0.002 -17"><span class='ocrx_word' id='word_1_68' title='bbox 243 839 355 893; x_wconf 75' lang='grc' dir='ltr'><strong><em>λιμῷ·</em></strong></span> <span class='ocrx_word' id='word_1_69' title='bbox 384 839 455 881; x_wconf 81' lang='grc' dir='ltr'><strong><em>καὶ</em></strong></span> <span class='ocrx_word' id='word_1_70' title='bbox 493 839 667 887; x_wconf 80' lang='grc' dir='ltr'><strong><em>ἑαυτοὺς</em></strong></span> <span class='ocrx_word' id='word_1_71' title='bbox 705 840 776 882; x_wconf 81' lang='grc' dir='ltr'><strong><em>καὶ</em></strong></span> <span class='ocrx_word' id='word_1_72' title='bbox 813 841 888 896; x_wconf 87' lang='grc' dir='ltr'><strong><em>τὴν</em></strong></span> <span class='ocrx_word' id='word_1_73' title='bbox 929 841 1048 883; x_wconf 89' lang='grc' dir='ltr'><strong><em>πόλιν</em></strong></span> <span class='ocrx_word' id='word_1_74' title='bbox 1091 846 1175 888; x_wconf 87' lang='grc' dir='ltr'><strong><em>τοῖς</em></strong></span> <span class='ocrx_word' id='word_1_75' title='bbox 1216 843 1428 897; x_wconf 85' lang='grc' dir='ltr'><strong><em>πολεμίοις</em></strong></span> <span class='ocrx_word' id='word_1_76' title='bbox 1469 843 1740 897; x_wconf 83' lang='grc' dir='ltr'><strong><em>παρέδωκαν.</em></strong></span> 
     </span>
     <span class='ocr_line' id='line_1_10' title="bbox 243 907 1862 966; baseline 0.002 -17"><span class='ocrx_word' id='word_1_77' title='bbox 243 907 332 950; x_wconf 88' lang='grc' dir='ltr'><strong><em>τότε</em></strong></span> <span class='ocrx_word' id='word_1_78' title='bbox 361 909 502 963; x_wconf 86' lang='grc' dir='ltr'><strong><em>μέντοι</em></strong></span> <span class='ocrx_word' id='word_1_79' title='bbox 531 909 603 950; x_wconf 83' lang='grc' dir='ltr'><strong><em>καὶ</em></strong></span> <span class='ocrx_word' id='word_1_80' title='bbox 624 909 648 950; x_wconf 91' lang='grc' dir='ltr'>ὁ</span> <span class='ocrx_word' id='word_1_81' title='bbox 670 909 717 951; x_wconf 78' lang='grc' dir='ltr'><strong><em>ἐκ</em></strong></span> <span class='ocrx_word' id='word_1_82' title='bbox 743 908 981 964; x_wconf 87' lang='grc' dir='ltr'><strong><em>Τριπόλεως</em></strong></span> <span class='ocrx_word' id='word_1_83' title='bbox 1002 910 1128 952; x_wconf 86' lang='grc' dir='ltr'><strong><em>Λέων</em></strong></span> <span class='ocrx_word' id='word_1_84' title='bbox 1157 910 1260 965; x_wconf 86' lang='grc' dir='ltr'><strong><em>μετὰ</em></strong></span> <span class='ocrx_word' id='word_1_85' title='bbox 1294 911 1517 965; x_wconf 84' lang='grc' dir='ltr'><strong><em>δυνάμεως</em></strong></span> <span class='ocrx_word' id='word_1_86' title='bbox 1547 915 1742 966; x_wconf 81' lang='grc' dir='ltr'><strong><em>ναυτικῆς</em></strong></span> <span class='ocrx_word' id='word_1_87' title='bbox 1758 917 1802 952; x_wconf 88' lang='grc'><strong><em>10</em></strong></span> <span class='ocrx_word' id='word_1_88' title='bbox 1827 915 1862 952; x_wconf 88' lang='grc' dir='ltr'><strong><em>Ι)</em></strong></span> 
     </span>
    </p>

    <p class='ocr_par' dir='ltr' id='par_1_4' title="bbox 185 976 1797 1308">
     <span class='ocr_line' id='line_1_11' title="bbox 185 976 1741 1034; baseline 0.001 -15"><span class='ocrx_word' id='word_1_89' title='bbox 185 978 231 1014; x_wconf 89' lang='grc'><strong><em>10</em></strong></span> <span class='ocrx_word' id='word_1_90' title='bbox 242 976 348 1019; x_wconf 86' lang='grc' dir='ltr'><strong><em>κατὰ</em></strong></span> <span class='ocrx_word' id='word_1_91' title='bbox 366 976 590 1031; x_wconf 86' lang='grc' dir='ltr'><strong><em>Ῥωμαίων</em></strong></span> <span class='ocrx_word' id='word_1_92' title='bbox 617 977 853 1033; x_wconf 80' lang='grc' dir='ltr'><strong><em>ἐχώρησεν·</em></strong></span> <span class='ocrx_word' id='word_1_93' title='bbox 887 977 989 1020; x_wconf 84' lang='grc' dir='ltr'><strong><em>ἀλλὰ</em></strong></span> <span class='ocrx_word' id='word_1_94' title='bbox 1020 979 1157 1033; x_wconf 87' lang='grc' dir='ltr'><strong><em>τούτῳ</em></strong></span> <span class='ocrx_word' id='word_1_95' title='bbox 1187 979 1282 1033; x_wconf 86' lang='grc' dir='ltr'><strong><em>περὶ</em></strong></span> <span class='ocrx_word' id='word_1_96' title='bbox 1311 979 1385 1034; x_wconf 89' lang='grc' dir='ltr'><strong><em>τὴν</em></strong></span> <span class='ocrx_word' id='word_1_97' title='bbox 1415 983 1544 1034; x_wconf 91' lang='grc' dir='ltr'><strong><em>νῆσον</em></strong></span> <span class='ocrx_word' id='word_1_98' title='bbox 1564 979 1741 1034; x_wconf 88' lang='grc' dir='ltr'><strong><em>Λῆμνον</em></strong></span> 
     </span>
     <span class='ocr_line' id='line_1_12' title="bbox 242 1046 1740 1102; baseline 0.002 -15"><span class='ocrx_word' id='word_1_99' title='bbox 242 1046 420 1101; x_wconf 86' lang='grc' dir='ltr'><strong><em>τριήρεις</em></strong></span> <span class='ocrx_word' id='word_1_100' title='bbox 458 1046 710 1088; x_wconf 75' lang='grc' dir='ltr'><strong><em>ἐπελθοῦσαι</em></strong></span> <span class='ocrx_word' id='word_1_101' title='bbox 735 1046 966 1101; x_wconf 84' lang='grc' dir='ltr'><strong><em>Ῥωμαϊκαὶ</em></strong></span> <span class='ocrx_word' id='word_1_102' title='bbox 1007 1046 1104 1094; x_wconf 88' lang='grc' dir='ltr'><strong><em>τοὺς</em></strong></span> <span class='ocrx_word' id='word_1_103' title='bbox 1133 1047 1212 1102; x_wconf 65' lang='grc' dir='ltr'><strong><em>μὲν</em></strong></span> <span class='ocrx_word' id='word_1_104' title='bbox 1236 1047 1495 1102; x_wconf 80' lang='grc' dir='ltr'><strong><em>Ἀγαρηνοὺς</em></strong></span> <span class='ocrx_word' id='word_1_105' title='bbox 1525 1047 1676 1102; x_wconf 79' lang='grc' dir='ltr'><strong><em>σχεδόν</em></strong></span> <span class='ocrx_word' id='word_1_106' title='bbox 1706 1064 1740 1090; x_wconf 87' lang='grc' dir='ltr'><strong><em>τι</em></strong></span> 
     </span>
     <span class='ocr_line' id='line_1_13' title="bbox 242 1114 1739 1171; baseline 0.002 -16"><span class='ocrx_word' id='word_1_107' title='bbox 242 1114 485 1169; x_wconf 78' lang='grc' dir='ltr'><strong><em>ξύμπαντας</em></strong></span> <span class='ocrx_word' id='word_1_108' title='bbox 507 1115 801 1169; x_wconf 75' lang='grc' dir='ltr'><strong><em>ὂιεφθάρκασι,</em></strong></span> <span class='ocrx_word' id='word_1_109' title='bbox 834 1114 907 1162; x_wconf 83' lang='grc' dir='ltr'><strong><em>τὰς</em></strong></span> <span class='ocrx_word' id='word_1_110' title='bbox 929 1114 974 1157; x_wconf 82' lang='grc' dir='ltr'><strong><em>δὲ</em></strong></span> <span class='ocrx_word' id='word_1_111' title='bbox 995 1120 1099 1170; x_wconf 90' lang='grc' dir='ltr'><strong><em>νῆας</em></strong></span> <span class='ocrx_word' id='word_1_112' title='bbox 1119 1116 1261 1157; x_wconf 84' lang='grc' dir='ltr'><strong><em>αὐτῶν</em></strong></span> <span class='ocrx_word' id='word_1_113' title='bbox 1282 1116 1568 1171; x_wconf 74' lang='grc' dir='ltr'><strong><em>ὑποβρυχίους</em></strong></span> <span class='ocrx_word' id='word_1_114' title='bbox 1598 1116 1739 1171; x_wconf 82' lang='grc' dir='ltr'><strong><em>ἐποίη-</em></strong></span> 
     </span>
     <span class='ocr_line' id='line_1_14' title="bbox 241 1183 1797 1239; baseline 0.001 -15"><span class='ocrx_word' id='word_1_115' title='bbox 241 1198 333 1237; x_wconf 81' lang='grc' dir='ltr'><strong><em>σαν,</em></strong></span> <span class='ocrx_word' id='word_1_116' title='bbox 364 1183 484 1238; x_wconf 85' lang='grc' dir='ltr'><strong><em>μόλις</em></strong></span> <span class='ocrx_word' id='word_1_117' title='bbox 514 1187 588 1225; x_wconf 84' lang='grc' dir='ltr'><strong><em>τοῦ</em></strong></span> <span class='ocrx_word' id='word_1_118' title='bbox 622 1183 868 1237; x_wconf 86' lang='grc' dir='ltr'><strong><em>Τριπολίτου</em></strong></span> <span class='ocrx_word' id='word_1_119' title='bbox 899 1188 1046 1238; x_wconf 81' lang='grc' dir='ltr'><strong><em>φυγεῖν</em></strong></span> <span class='ocrx_word' id='word_1_120' title='bbox 1078 1184 1380 1239; x_wconf 83' lang='grc' dir='ltr'><strong><em>ἑξισχύσαντος.</em></strong></span> <span class='ocrx_word' id='word_1_121' title='bbox 1442 1184 1514 1226; x_wconf 82' lang='grc' dir='ltr'><strong><em>καὶ</em></strong></span> <span class='ocrx_word' id='word_1_122' title='bbox 1544 1184 1569 1226; x_wconf 86' lang='grc' dir='ltr'>ὁ</span> <span class='ocrx_word' id='word_1_123' title='bbox 1600 1184 1738 1226; x_wconf 83' lang='grc' dir='ltr'><strong><em>Βούλ-</em></strong></span> <span class='ocrx_word' id='word_1_124' title='bbox 1757 1191 1797 1226; x_wconf 88' lang='grc'><strong><em>11</em></strong></span> 
     </span>
     <span class='ocr_line' id='line_1_15' title="bbox 242 1251 1740 1308; baseline 0.001 -16"><span class='ocrx_word' id='word_1_125' title='bbox 242 1267 372 1306; x_wconf 80' lang='grc' dir='ltr'><strong><em>γαρος</em></strong></span> <span class='ocrx_word' id='word_1_126' title='bbox 415 1251 461 1293; x_wconf 85' lang='grc' dir='ltr'><strong><em>ὁὲ</em></strong></span> <span class='ocrx_word' id='word_1_127' title='bbox 491 1251 678 1306; x_wconf 84' lang='grc' dir='ltr'><strong><em>Συμεὼν</em></strong></span> <span class='ocrx_word' id='word_1_128' title='bbox 716 1251 765 1293; x_wconf 87' lang='grc' dir='ltr'><strong><em>τά</em></strong></span> <span class='ocrx_word' id='word_1_129' title='bbox 804 1268 846 1294; x_wconf 91' lang='grc' dir='ltr'><strong><em>τε</em></strong></span> <span class='ocrx_word' id='word_1_130' title='bbox 885 1251 991 1294; x_wconf 86' lang='grc' dir='ltr'><strong><em>κατὰ</em></strong></span> <span class='ocrx_word' id='word_1_131' title='bbox 1023 1252 1298 1294; x_wconf 70' lang='grc' dir='ltr'><strong><em>ᾹΙακεὸονίαν</em></strong></span> <span class='ocrx_word' id='word_1_132' title='bbox 1333 1252 1403 1294; x_wconf 83' lang='grc' dir='ltr'><strong><em>καὶ</em></strong></span> <span class='ocrx_word' id='word_1_133' title='bbox 1433 1252 1529 1294; x_wconf 85' lang='grc' dir='ltr'><strong><em>τάπὶ</em></strong></span> <span class='ocrx_word' id='word_1_134' title='bbox 1565 1252 1740 1308; x_wconf 81' lang='grc' dir='ltr'><strong><em>Θρᾴκης</em></strong></span> 
     </span>
    </p>

    <p class='ocr_par' dir='ltr' id='par_1_5' title="bbox 183 1319 1798 1581">
     <span class='ocr_line' id='line_1_16' title="bbox 183 1319 1739 1375; baseline 0.001 -14"><span class='ocrx_word' id='word_1_135' title='bbox 183 1325 227 1362; x_wconf 85' lang='grc'><strong>15</strong></span> <span class='ocrx_word' id='word_1_136' title='bbox 241 1319 316 1362; x_wconf 86' lang='grc' dir='ltr'><strong><em>σὺν</em></strong></span> <span class='ocrx_word' id='word_1_137' title='bbox 345 1321 472 1375; x_wconf 82' lang='grc' dir='ltr'><strong><em>βαρεῖ</em></strong></span> <span class='ocrx_word' id='word_1_138' title='bbox 487 1320 758 1374; x_wconf 84' lang='grc' dir='ltr'><strong><em>στρατεύματι</em></strong></span> <span class='ocrx_word' id='word_1_139' title='bbox 779 1320 958 1375; x_wconf 78' lang='grc' dir='ltr'><strong><em>ἐληίζετο</em></strong></span> <span class='ocrx_word' id='word_1_140' title='bbox 979 1321 1050 1362; x_wconf 83' lang='grc' dir='ltr'><strong><em>καὶ</em></strong></span> <span class='ocrx_word' id='word_1_141' title='bbox 1070 1321 1187 1375; x_wconf 87' lang='grc' dir='ltr'><strong><em>παρὰ</em></strong></span> <span class='ocrx_word' id='word_1_142' title='bbox 1208 1320 1283 1375; x_wconf 83' lang='grc' dir='ltr'><strong><em>τὴν</em></strong></span> <span class='ocrx_word' id='word_1_143' title='bbox 1302 1321 1422 1363; x_wconf 90' lang='grc' dir='ltr'><strong><em>πόλιν</em></strong></span> <span class='ocrx_word' id='word_1_144' title='bbox 1443 1321 1584 1362; x_wconf 75' lang='grc' dir='ltr'><strong><em>ἐλθὼν</em></strong></span> <span class='ocrx_word' id='word_1_145' title='bbox 1605 1321 1739 1375; x_wconf 82' lang='grc' dir='ltr'><strong><em>ἀγχοῦ</em></strong></span> 
     </span>
     <span class='ocr_line' id='line_1_17' title="bbox 239 1388 1735 1444; baseline 0 -14"><span class='ocrx_word' id='word_1_146' title='bbox 239 1392 324 1430; x_wconf 84' lang='grc' dir='ltr'><strong><em>τῶν</em></strong></span> <span class='ocrx_word' id='word_1_147' title='bbox 345 1389 602 1444; x_wconf 87' lang='grc' dir='ltr'><strong><em>Βλαχερνῶν</em></strong></span> <span class='ocrx_word' id='word_1_148' title='bbox 630 1389 831 1444; x_wconf 88' lang='grc' dir='ltr'><strong><em>πεποίητο</em></strong></span> <span class='ocrx_word' id='word_1_149' title='bbox 862 1388 936 1444; x_wconf 86' lang='grc' dir='ltr'><strong><em>τὴν</em></strong></span> <span class='ocrx_word' id='word_1_150' title='bbox 966 1388 1240 1443; x_wconf 77' lang='grc' dir='ltr'><strong><em>παρεμβολὴν</em></strong></span> <span class='ocrx_word' id='word_1_151' title='bbox 1270 1389 1342 1431; x_wconf 85' lang='grc' dir='ltr'><strong><em>καὶ</em></strong></span> <span class='ocrx_word' id='word_1_152' title='bbox 1371 1394 1433 1444; x_wconf 77' lang='grc' dir='ltr'><strong><em>τῷ</em></strong></span> <span class='ocrx_word' id='word_1_153' title='bbox 1456 1389 1617 1444; x_wconf 84' lang='grc' dir='ltr'><strong><em>βασιλεῖ</em></strong></span> <span class='ocrx_word' id='word_1_154' title='bbox 1632 1389 1735 1430; x_wconf 82' lang='grc' dir='ltr'><strong><em>Ῥω-</em></strong></span> 
     </span>
     <span class='ocr_line' id='line_1_18' title="bbox 236 1457 1798 1513; baseline 0.001 -14"><span class='ocrx_word' id='word_1_155' title='bbox 236 1462 364 1512; x_wconf 80' lang='grc' dir='ltr'><strong><em>μανῷ</em></strong></span> <span class='ocrx_word' id='word_1_156' title='bbox 406 1457 601 1512; x_wconf 81' lang='grc' dir='ltr'><strong><em>ἐζήτησεν</em></strong></span> <span class='ocrx_word' id='word_1_157' title='bbox 644 1457 834 1512; x_wconf 79' lang='grc' dir='ltr'><strong><em>ἐντυχεῖν.</em></strong></span> <span class='ocrx_word' id='word_1_158' title='bbox 895 1457 967 1499; x_wconf 87' lang='grc' dir='ltr'><strong><em>καὶ</em></strong></span> <span class='ocrx_word' id='word_1_159' title='bbox 1006 1457 1080 1512; x_wconf 83' lang='grc' dir='ltr'><strong><em>τὴν</em></strong></span> <span class='ocrx_word' id='word_1_160' title='bbox 1119 1459 1295 1506; x_wconf 85' lang='grc' dir='ltr'><strong><em>ἔντευξιν</em></strong></span> <span class='ocrx_word' id='word_1_161' title='bbox 1326 1457 1351 1500; x_wconf 85' lang='grc' dir='ltr'>ὁ</span> <span class='ocrx_word' id='word_1_162' title='bbox 1381 1457 1572 1512; x_wconf 79' lang='grc' dir='ltr'><strong><em>βασιλεὺς</em></strong></span> <span class='ocrx_word' id='word_1_163' title='bbox 1602 1458 1735 1513; x_wconf 81' lang='grc' dir='ltr'><strong><em>ᾑρετί-</em></strong></span> <span class='ocrx_word' id='word_1_164' title='bbox 1756 1465 1798 1500; x_wconf 78' lang='grc'><strong>12</strong></span> 
     </span>
     <span class='ocr_line' id='line_1_19' title="bbox 238 1525 1736 1581; baseline 0 -14"><span class='ocrx_word' id='word_1_165' title='bbox 238 1541 339 1568; x_wconf 92' lang='grc' dir='ltr'><strong><em>σατο</em></strong></span> <span class='ocrx_word' id='word_1_166' title='bbox 369 1525 441 1568; x_wconf 86' lang='grc' dir='ltr'><strong><em>καὶ</em></strong></span> <span class='ocrx_word' id='word_1_167' title='bbox 470 1525 577 1567; x_wconf 83' lang='grc' dir='ltr'><strong><em>κατὰ</em></strong></span> <span class='ocrx_word' id='word_1_168' title='bbox 608 1525 680 1568; x_wconf 90' lang='grc' dir='ltr'><strong><em>τὸν</em></strong></span> <span class='ocrx_word' id='word_1_169' title='bbox 709 1530 782 1568; x_wconf 87' lang='grc' dir='ltr'><strong><em>τοῦ</em></strong></span> <span class='ocrx_word' id='word_1_170' title='bbox 804 1526 1041 1580; x_wconf 82' lang='grc' dir='ltr'><strong><em>Κοσμιὸίου</em></strong></span> <span class='ocrx_word' id='word_1_171' title='bbox 1073 1525 1258 1581; x_wconf 85' lang='grc' dir='ltr'><strong><em>αἰγιαλὸν</em></strong></span> <span class='ocrx_word' id='word_1_172' title='bbox 1289 1526 1314 1568; x_wconf 88' lang='grc' dir='ltr'>ὁ</span> <span class='ocrx_word' id='word_1_173' title='bbox 1343 1526 1422 1581; x_wconf 85' lang='grc' dir='ltr'><strong><em>μὲν</em></strong></span> <span class='ocrx_word' id='word_1_174' title='bbox 1448 1525 1640 1581; x_wconf 87' lang='grc' dir='ltr'><strong><em>βασιλεὺς</em></strong></span> <span class='ocrx_word' id='word_1_175' title='bbox 1661 1525 1736 1568; x_wconf 80' lang='grc' dir='ltr'><strong><em>σὺν</em></strong></span> 
     </span>
    </p>
   </div>
   <div class='ocr_carea' id='block_1_3' title="bbox 236 1654 1736 1797">
    <p class='ocr_par' dir='ltr' id='par_1_6' title="bbox 236 1654 1736 1797">
     <span class='ocr_line' id='line_1_20' title="bbox 237 1654 1736 1702; baseline 0 -11"><span class='ocrx_word' id='word_1_176' title='bbox 237 1655 261 1692; x_wconf 86' lang='grc'><strong>5</strong></span> <span class='ocrx_word' id='word_1_177' title='bbox 285 1657 336 1691; x_wconf 82' lang='grc' dir='ltr'><strong><em>ὅτι</em></strong></span> <span class='ocrx_word' id='word_1_178' title='bbox 361 1656 438 1702; x_wconf 86' lang='grc' dir='ltr'><strong><em>ἥλω</em></strong></span> <span class='ocrx_word' id='word_1_179' title='bbox 462 1654 559 1701; x_wconf 83' lang='grc' dir='ltr'><strong><em>παρὰ</em></strong></span> <span class='ocrx_word' id='word_1_180' title='bbox 583 1660 653 1691; x_wconf 84' lang='grc' dir='ltr'><strong><em>τῶν</em></strong></span> <span class='ocrx_word' id='word_1_181' title='bbox 678 1655 898 1701; x_wconf 83' lang='grc' dir='ltr'><strong><em>Βουλγάρων</em></strong></span> <span class='ocrx_word' id='word_1_182' title='bbox 923 1656 945 1701; x_wconf 84' lang='grc' dir='ltr'><em>ἦ</em></span> <span class='ocrx_word' id='word_1_183' title='bbox 969 1656 1250 1700; x_wconf 79' lang='grc' dir='ltr'><strong><em>’Λόριανούπολις</em></strong></span> <span class='ocrx_word' id='word_1_184' title='bbox 1276 1656 1307 1691; x_wconf 89' lang='grc' dir='ltr'>Ε</span> <span class='ocrx_word' id='word_1_185' title='bbox 1421 1657 1443 1691; x_wconf 82' lang='grc'>9</span> <span class='ocrx_word' id='word_1_186' title='bbox 1468 1657 1517 1691; x_wconf 84' lang='grc' dir='ltr'><strong><em>ὅτι</em></strong></span> <span class='ocrx_word' id='word_1_187' title='bbox 1542 1657 1563 1691; x_wconf 86' lang='grc' dir='ltr'>ὁ</span> <span class='ocrx_word' id='word_1_188' title='bbox 1586 1655 1627 1691; x_wconf 82' lang='grc' dir='ltr'><strong><em>ἔκ</em></strong></span> <span class='ocrx_word' id='word_1_189' title='bbox 1659 1657 1736 1701; x_wconf 84' lang='grc' dir='ltr'><strong><em>Τρι-</em></strong></span> 
     </span>
     <span class='ocr_line' id='line_1_21' title="bbox 237 1702 1735 1750; baseline 0.001 -12"><span class='ocrx_word' id='word_1_190' title='bbox 237 1704 375 1743; x_wconf 84' lang='grc' dir='ltr'><strong><em>πόλεως</em></strong></span> <span class='ocrx_word' id='word_1_191' title='bbox 398 1703 519 1742; x_wconf 79' lang='grc' dir='ltr'><strong><em>στόλος</em></strong></span> <span class='ocrx_word' id='word_1_192' title='bbox 543 1703 703 1739; x_wconf 75' lang='grc' dir='ltr'><strong><em>ἀπώλετο</em></strong></span> <span class='ocrx_word' id='word_1_193' title='bbox 727 1703 759 1738; x_wconf 88' lang='grc' dir='ltr'>Ε</span> <span class='ocrx_word' id='word_1_194' title='bbox 874 1703 919 1739; x_wconf 85' lang='grc'><strong>15</strong></span> <span class='ocrx_word' id='word_1_195' title='bbox 945 1705 995 1739; x_wconf 82' lang='grc' dir='ltr'><strong><em>ὅτι</em></strong></span> <span class='ocrx_word' id='word_1_196' title='bbox 1021 1703 1205 1749; x_wconf 86' lang='grc' dir='ltr'><strong><em>ὡμίλησαν</em></strong></span> <span class='ocrx_word' id='word_1_197' title='bbox 1230 1703 1391 1750; x_wconf 83' lang='grc' dir='ltr'><strong><em>ἀλλήλοις</em></strong></span> <span class='ocrx_word' id='word_1_198' title='bbox 1417 1705 1437 1739; x_wconf 83' lang='grc' dir='ltr'>ὁ</span> <span class='ocrx_word' id='word_1_199' title='bbox 1461 1702 1623 1750; x_wconf 81' lang='grc' dir='ltr'><strong><em>βασιλεὺς</em></strong></span> <span class='ocrx_word' id='word_1_200' title='bbox 1648 1704 1735 1739; x_wconf 85' lang='grc' dir='ltr'><strong><em>Ῥω-</em></strong></span> 
     </span>
     <span class='ocr_line' id='line_1_22' title="bbox 236 1750 1118 1797; baseline 0.001 -11"><span class='ocrx_word' id='word_1_201' title='bbox 236 1752 354 1796; x_wconf 81' lang='grc' dir='ltr'><strong><em>μαίων</em></strong></span> <span class='ocrx_word' id='word_1_202' title='bbox 378 1751 439 1787; x_wconf 79' lang='grc' dir='ltr'><strong><em>καὶ</em></strong></span> <span class='ocrx_word' id='word_1_203' title='bbox 462 1752 484 1787; x_wconf 79' lang='grc' dir='ltr'>ὁ</span> <span class='ocrx_word' id='word_1_204' title='bbox 507 1751 674 1797; x_wconf 85' lang='grc' dir='ltr'><strong><em>Συμεών,</em></strong></span> <span class='ocrx_word' id='word_1_205' title='bbox 700 1751 768 1787; x_wconf 88' lang='grc' dir='ltr'><strong><em>οὐκ</em></strong></span> <span class='ocrx_word' id='word_1_206' title='bbox 794 1751 996 1797; x_wconf 79' lang='grc' dir='ltr'><strong><em>εἶρήνευσαν</em></strong></span> <span class='ocrx_word' id='word_1_207' title='bbox 1022 1751 1062 1787; x_wconf 81' lang='grc' dir='ltr'><strong><em>δέ</em></strong></span> <span class='ocrx_word' id='word_1_208' title='bbox 1087 1750 1118 1787; x_wconf 83' lang='grc' dir='ltr'>Ε</span> 
     </span>
    </p>
   </div>
   <div class='ocr_carea' id='block_1_4' title="bbox 307 1869 1738 2251">
    <p class='ocr_par' dir='ltr' id='par_1_7' title="bbox 307 1869 1738 2251">
     <span class='ocr_line' id='line_1_23' title="bbox 311 1869 1738 1916; baseline -0.001 -10"><span class='ocrx_word' id='word_1_209' title='bbox 311 1871 329 1906; x_wconf 91' lang='lat' dir='ltr'>l</span> <span class='ocrx_word' id='word_1_210' title='bbox 357 1869 568 1915; x_wconf 82' lang='grc' dir='ltr'><strong><em>καταντικρὺ</em></strong></span> <span class='ocrx_word' id='word_1_211' title='bbox 594 1870 693 1916; x_wconf 83' lang='lat' dir='ltr'><strong>pr</strong></span> <span class='ocrx_word' id='word_1_212' title='bbox 825 1870 848 1906; x_wconf 87' lang='lat'>5</span> <span class='ocrx_word' id='word_1_213' title='bbox 873 1870 1161 1915; x_wconf 82' lang='grc' dir='ltr'><strong><em>ἀνδριανουπόλει</em></strong></span> <span class='ocrx_word' id='word_1_214' title='bbox 1190 1870 1236 1915; x_wconf 91' lang='lat' dir='ltr'><strong><em>D,</em></strong></span> <span class='ocrx_word' id='word_1_215' title='bbox 1264 1881 1367 1907; x_wconf 87' lang='lat' dir='ltr'><strong>corr.</strong></span> <span class='ocrx_word' id='word_1_216' title='bbox 1395 1870 1463 1908; x_wconf 81' lang='lat' dir='ltr'><strong><em>Dw</em></strong></span> <span class='ocrx_word' id='word_1_217' title='bbox 1594 1871 1617 1905; x_wconf 83' lang='grc'><strong>6</strong></span> <span class='ocrx_word' id='word_1_218' title='bbox 1643 1874 1738 1906; x_wconf 77' lang='lat' dir='ltr'>ante</span> 
     </span>
     <span class='ocr_line' id='line_1_24' title="bbox 307 1917 1735 1964; baseline -0.001 -10"><span class='ocrx_word' id='word_1_219' title='bbox 307 1918 499 1964; x_wconf 76' lang='grc' dir='ltr'><strong><em>προςέβαλε</em></strong></span> <span class='ocrx_word' id='word_1_220' title='bbox 525 1918 616 1954; x_wconf 82' lang='lat' dir='ltr'><strong>add.</strong></span> <span class='ocrx_word' id='word_1_221' title='bbox 641 1918 746 1953; x_wconf 73' lang='grc' dir='ltr'><strong><em>πάλιν</em></strong></span> <span class='ocrx_word' id='word_1_222' title='bbox 771 1919 879 1955; x_wconf 87' lang='lat' dir='ltr'><strong><em>OWo</em></strong></span> <span class='ocrx_word' id='word_1_223' title='bbox 904 1918 970 1954; x_wconf 85' lang='lat' dir='ltr'>lat.</span> <span class='ocrx_word' id='word_1_224' title='bbox 1094 1918 1115 1954; x_wconf 83' lang='grc'><strong>7</strong></span> <span class='ocrx_word' id='word_1_225' title='bbox 1140 1917 1206 1964; x_wconf 80' lang='grc' dir='ltr'><strong><em>γὰρ</em></strong></span> <span class='ocrx_word' id='word_1_226' title='bbox 1231 1917 1313 1962; x_wconf 85' lang='grc' dir='ltr'><strong><em>ΑΟ,</em></strong></span> <span class='ocrx_word' id='word_1_227' title='bbox 1341 1917 1380 1954; x_wconf 76' lang='grc' dir='ltr'><strong><em>δὲ</em></strong></span> <span class='ocrx_word' id='word_1_228' title='bbox 1406 1918 1502 1964; x_wconf 84' lang='lat' dir='ltr'><strong><em>Ewp</em></strong></span> <span class='ocrx_word' id='word_1_229' title='bbox 1626 1919 1648 1953; x_wconf 85' lang='grc'>8</span> <span class='ocrx_word' id='word_1_230' title='bbox 1674 1918 1735 1963; x_wconf 80' lang='grc' dir='ltr'><strong><em>τὴν</em></strong></span> 
     </span>
     <span class='ocr_line' id='line_1_25' title="bbox 307 1963 1735 2012; baseline -0.001 -11"><span class='ocrx_word' id='word_1_231' title='bbox 307 1966 407 2001; x_wconf 79' lang='grc' dir='ltr'><strong><em>πόλιν</em></strong></span> <span class='ocrx_word' id='word_1_232' title='bbox 433 1964 601 2012; x_wconf 77' lang='lat' dir='ltr'><em>prDi‚</em></span> <span class='ocrx_word' id='word_1_233' title='bbox 627 1971 668 2011; x_wconf 82' lang='grc' dir='ltr'><strong><em>τῇ</em></strong></span> <span class='ocrx_word' id='word_1_234' title='bbox 691 1966 789 2001; x_wconf 85' lang='grc' dir='ltr'><strong><em>πόλει</em></strong></span> <span class='ocrx_word' id='word_1_235' title='bbox 814 1965 849 2001; x_wconf 84' lang='grc' dir='ltr'><strong>Α</strong></span> <span class='ocrx_word' id='word_1_236' title='bbox 944 1966 1143 2011; x_wconf 77' lang='grc' dir='ltr'><strong><em>παρέδοσαν</em></strong></span> <span class='ocrx_word' id='word_1_237' title='bbox 1168 1965 1266 2012; x_wconf 86' lang='lat' dir='ltr'>pr</span> <span class='ocrx_word' id='word_1_238' title='bbox 1373 1967 1395 2001; x_wconf 81' lang='grc'><strong>9</strong></span> <span class='ocrx_word' id='word_1_239' title='bbox 1419 1965 1538 2010; x_wconf 82' lang='grc' dir='ltr'><strong><em>μέντοι</em></strong></span> <span class='ocrx_word' id='word_1_240' title='bbox 1565 1963 1646 2009; x_wconf 87' lang='lat' dir='ltr'><strong><em>AO,</em></strong></span> <span class='ocrx_word' id='word_1_241' title='bbox 1671 1965 1735 2009; x_wconf 84' lang='grc' dir='ltr'><strong><em>μὲν</em></strong></span> 
     </span>
     <span class='ocr_line' id='line_1_26' title="bbox 309 2012 1733 2060; baseline -0.001 -11"><span class='ocrx_word' id='word_1_242' title='bbox 309 2013 406 2059; x_wconf 81' lang='lat' dir='ltr'><strong><em>Ewp</em></strong></span> <span class='ocrx_word' id='word_1_243' title='bbox 523 2014 567 2049; x_wconf 85' lang='lat'><strong><em>10</em></strong></span> <span class='ocrx_word' id='word_1_244' title='bbox 589 2014 723 2058; x_wconf 83' lang='grc' dir='ltr'><strong><em>λῆμνσν</em></strong></span> <span class='ocrx_word' id='word_1_245' title='bbox 750 2017 840 2060; x_wconf 72' lang='lat' dir='ltr'><strong>post</strong></span> <span class='ocrx_word' id='word_1_246' title='bbox 864 2012 927 2059; x_wconf 84' lang='grc' dir='ltr'><strong><em>τὴν</em></strong></span> <span class='ocrx_word' id='word_1_247' title='bbox 952 2013 983 2048; x_wconf 92' lang='grc' dir='ltr'>Β</span> <span class='ocrx_word' id='word_1_248' title='bbox 1101 2014 1142 2049; x_wconf 90' lang='grc'><strong><em>11</em></strong></span> <span class='ocrx_word' id='word_1_249' title='bbox 1169 2013 1327 2049; x_wconf 80' lang='grc' dir='ltr'><strong><em>ναυτικαὶ</em></strong></span> <span class='ocrx_word' id='word_1_250' title='bbox 1353 2013 1401 2057; x_wconf 90' lang='lat' dir='ltr'><strong><em>D,</em></strong></span> <span class='ocrx_word' id='word_1_251' title='bbox 1426 2013 1605 2058; x_wconf 65' lang='lat' dir='ltr'><strong><em>Q‘wpcai&#39;xac&#39;</em></strong></span> <span class='ocrx_word' id='word_1_252' title='bbox 1632 2023 1733 2048; x_wconf 79' lang='lat' dir='ltr'><strong>corr.</strong></span> 
     </span>
     <span class='ocr_line' id='line_1_27' title="bbox 309 2061 1735 2107; baseline -0.001 -11"><span class='ocrx_word' id='word_1_253' title='bbox 309 2061 378 2099; x_wconf 78' lang='lat' dir='ltr'><strong><em>Dw</em></strong></span> <span class='ocrx_word' id='word_1_254' title='bbox 501 2061 544 2096; x_wconf 93' lang='grc'><strong>17</strong></span> <span class='ocrx_word' id='word_1_255' title='bbox 568 2061 734 2107; x_wconf 68' lang='grc' dir='ltr'><strong><em>ἐζήτησεν</em></strong></span> <span class='ocrx_word' id='word_1_256' title='bbox 760 2061 790 2096; x_wconf 80' lang='lat' dir='ltr'>E</span> <span class='ocrx_word' id='word_1_257' title='bbox 911 2065 1006 2097; x_wconf 74' lang='lat' dir='ltr'><strong><em>anto</em></strong></span> <span class='ocrx_word' id='word_1_258' title='bbox 1032 2062 1052 2095; x_wconf 87' lang='grc' dir='ltr'>ό</span> <span class='ocrx_word' id='word_1_259' title='bbox 1076 2061 1167 2096; x_wconf 82' lang='lat' dir='ltr'>add.</span> <span class='ocrx_word' id='word_1_260' title='bbox 1193 2061 1253 2096; x_wconf 84' lang='grc' dir='ltr'><strong><em>καὶ</em></strong></span> <span class='ocrx_word' id='word_1_261' title='bbox 1279 2063 1376 2107; x_wconf 87' lang='lat' dir='ltr'>pr</span> <span class='ocrx_word' id='word_1_262' title='bbox 1499 2061 1554 2096; x_wconf 84' lang='lat'><strong><em>17.</em></strong></span> <span class='ocrx_word' id='word_1_263' title='bbox 1584 2061 1627 2095; x_wconf 80' lang='lat'><strong><em>18</em></strong></span> <span class='ocrx_word' id='word_1_264' title='bbox 1651 2061 1735 2105; x_wconf 81' lang='grc' dir='ltr'><strong><em>ἡρε-</em></strong></span> 
     </span>
     <span class='ocr_line' id='line_1_28' title="bbox 309 2107 1735 2162; baseline -0.002 -18"><span class='ocrx_word' id='word_1_265' title='bbox 309 2108 634 2154; x_wconf 81' lang='grc' dir='ltr'><strong><em>τίσατο-βασιλεὺς</em></strong></span> <span class='ocrx_word' id='word_1_266' title='bbox 653 2119 729 2145; x_wconf 86' lang='lat' dir='ltr'><strong><em>om.</em></strong></span> <span class='ocrx_word' id='word_1_267' title='bbox 749 2108 779 2143; x_wconf 83' lang='lat' dir='ltr'>E</span> <span class='ocrx_word' id='word_1_268' title='bbox 880 2108 922 2144; x_wconf 90' lang='grc'><strong>17</strong></span> <span class='ocrx_word' id='word_1_269' title='bbox 946 2109 1128 2154; x_wconf 83' lang='grc' dir='ltr'><strong><em>ᾑρετίσατο</em></strong></span> <span class='ocrx_word' id='word_1_270' title='bbox 1146 2108 1265 2151; x_wconf 84' lang='lat' dir='ltr'>ADw,</span> <span class='ocrx_word' id='word_1_271' title='bbox 1291 2109 1469 2162; x_wconf 69' lang='grc' dir='ltr'><strong><em>ἤρετίσατο</em></strong></span> <span class='ocrx_word' id='word_1_272' title='bbox 1489 2107 1529 2152; x_wconf 92' lang='lat' dir='ltr'><strong><em>C,</em></strong></span> <span class='ocrx_word' id='word_1_273' title='bbox 1556 2108 1735 2153; x_wconf 78' lang='grc' dir='ltr'><strong><em>ἧρετίσατο</em></strong></span> 
     </span>
     <span class='ocr_line' id='line_1_29' title="bbox 309 2154 1730 2202; baseline -0.001 -11"><span class='ocrx_word' id='word_1_274' title='bbox 309 2156 390 2196; x_wconf 75' lang='lat' dir='ltr'><strong><em>BD.</em></strong></span> <span class='ocrx_word' id='word_1_275' title='bbox 417 2156 612 2201; x_wconf 80' lang='grc' dir='ltr'><strong><em>ᾖρετ’σατο</em></strong></span> <span class='ocrx_word' id='word_1_276' title='bbox 638 2156 721 2202; x_wconf 84' lang='lat' dir='ltr'><strong><em>w*p</em></strong></span> <span class='ocrx_word' id='word_1_277' title='bbox 871 2156 914 2192; x_wconf 85' lang='lat'><strong><em>18</em></strong></span> <span class='ocrx_word' id='word_1_278' title='bbox 938 2157 1126 2202; x_wconf 83' lang='grc' dir='ltr'><strong><em>κοσμιὸιόυ</em></strong></span> <span class='ocrx_word' id='word_1_279' title='bbox 1153 2155 1310 2202; x_wconf 71' lang='lat' dir='ltr'><strong><em>prDc</em></strong></span> <span class='ocrx_word' id='word_1_280' title='bbox 1336 2155 1450 2193; x_wconf 76' lang='lat' dir='ltr'><strong>Cedr.</strong></span> <span class='ocrx_word' id='word_1_281' title='bbox 1478 2154 1667 2201; x_wconf 74' lang='lat' dir='ltr'>(Scylitz‚)</span> <span class='ocrx_word' id='word_1_282' title='bbox 1694 2155 1730 2190; x_wconf 93' lang='lat' dir='ltr'><strong><em>l[</em></strong></span> 
     </span>
     <span class='ocr_line' id='line_1_30' title="bbox 309 2171 823 2251; baseline -0.002 -11"><span class='ocrx_word' id='word_1_283' title='bbox 309 2215 347 2251; x_wconf 89' lang='lat' dir='ltr'><strong><em>p.</em></strong></span> <span class='ocrx_word' id='word_1_284' title='bbox 371 2204 454 2248; x_wconf 78' lang='grc'><strong>304,</strong></span> <span class='ocrx_word' id='word_1_285' title='bbox 483 2171 537 2248; x_wconf 63' lang='grc' dir='ltr'><strong><em>ῙΖ,</em></strong></span> <span class='ocrx_word' id='word_1_286' title='bbox 563 2204 761 2250; x_wconf 81' lang='grc' dir='ltr'><strong><em>κοσμηδίου</em></strong></span> <span class='ocrx_word' id='word_1_287' title='bbox 787 2202 823 2239; x_wconf 84' lang='grc' dir='ltr'><strong>Α</strong></span> 
     </span>
    </p>
   </div>
   <div class='ocr_carea' id='block_1_5' title="bbox 0 0 86 2141">
    <p class='ocr_par' dir='ltr' id='par_1_8' title="bbox 0 0 86 2141">
     <span class='ocr_line' id='line_1_31' title="bbox 0 0 86 2141; baseline 0 0"><span class='ocrx_word' id='word_1_288' title='bbox 0 0 86 2141; x_wconf 95' lang='lat' dir='ltr'><strong><em> </em></strong></span> 
     </span>
    </p>
   </div>
   <div class='ocr_carea' id='block_1_6' title="bbox 236 2335 1831 2954">
    <p class='ocr_par' dir='ltr' id='par_1_9' title="bbox 236 2335 1771 2477">
     <span class='ocr_line' id='line_1_32' title="bbox 237 2335 1731 2382; baseline -0.001 -10"><span class='ocrx_word' id='word_1_289' title='bbox 237 2340 383 2380; x_wconf 79' lang='lat' dir='ltr'>cetera,</span> <span class='ocrx_word' id='word_1_290' title='bbox 410 2346 517 2382; x_wconf 78' lang='lat' dir='ltr'><strong>quae</strong></span> <span class='ocrx_word' id='word_1_291' title='bbox 544 2337 584 2371; x_wconf 83' lang='lat' dir='ltr'><strong><em>in</em></strong></span> <span class='ocrx_word' id='word_1_292' title='bbox 611 2345 659 2372; x_wconf 82' lang='lat' dir='ltr'><strong><em>eo</em></strong></span> <span class='ocrx_word' id='word_1_293' title='bbox 689 2335 803 2371; x_wconf 82' lang='lat' dir='ltr'><strong>litore</strong></span> <span class='ocrx_word' id='word_1_294' title='bbox 828 2338 922 2370; x_wconf 80' lang='lat' dir='ltr'><strong>sunt</strong></span> <span class='ocrx_word' id='word_1_295' title='bbox 948 2345 970 2371; x_wconf 86' lang='lat' dir='ltr'><strong>e</strong></span> <span class='ocrx_word' id='word_1_296' title='bbox 997 2345 1040 2371; x_wconf 81' lang='lat' dir='ltr'><strong><em>re</em></strong></span> <span class='ocrx_word' id='word_1_297' title='bbox 1055 2335 1166 2370; x_wconf 68' lang='lat' dir='ltr'><strong>riona</strong></span> <span class='ocrx_word' id='word_1_298' title='bbox 1183 2335 1306 2378; x_wconf 75' lang='lat' dir='ltr'><strong>urbis,</strong></span> <span class='ocrx_word' id='word_1_299' title='bbox 1333 2336 1598 2371; x_wconf 74' lang='lat' dir='ltr'><strong>interiacente</strong></span> <span class='ocrx_word' id='word_1_300' title='bbox 1618 2335 1731 2370; x_wconf 80' lang='lat' dir='ltr'><strong>freto.</strong></span> 
     </span>
     <span class='ocr_line' id='line_1_33' title="bbox 236 2380 1771 2428; baseline -0.002 -9"><span class='ocrx_word' id='word_1_301' title='bbox 236 2383 395 2419; x_wconf 80' lang='lat' dir='ltr'><strong>Mortua</strong></span> <span class='ocrx_word' id='word_1_302' title='bbox 433 2383 602 2419; x_wconf 79' lang='lat' dir='ltr'><strong>Romani</strong></span> <span class='ocrx_word' id='word_1_303' title='bbox 644 2393 776 2419; x_wconf 84' lang='lat' dir='ltr'><strong>uxore</strong></span> <span class='ocrx_word' id='word_1_304' title='bbox 812 2381 1002 2428; x_wconf 79' lang='lat' dir='ltr'><strong>Augusta</strong></span> <span class='ocrx_word' id='word_1_305' title='bbox 1039 2382 1265 2427; x_wconf 77' lang='lat' dir='ltr'><strong>&#39;¹1eodora,</strong></span> <span class='ocrx_word' id='word_1_306' title='bbox 1308 2383 1417 2428; x_wconf 78' lang='lat' dir='ltr'><strong>rogis</strong></span> <span class='ocrx_word' id='word_1_307' title='bbox 1460 2380 1771 2428; x_wconf 70' lang='lat' dir='ltr'><strong>christophori?</strong></span> 
     </span>
     <span class='ocr_line' id='line_1_34' title="bbox 236 2430 1128 2477; baseline -0.002 -10"><span class='ocrx_word' id='word_1_308' title='bbox 236 2441 341 2467; x_wconf 82' lang='lat' dir='ltr'><strong>uxor</strong></span> <span class='ocrx_word' id='word_1_309' title='bbox 369 2430 520 2477; x_wconf 82' lang='lat' dir='ltr'>Sophia</span> <span class='ocrx_word' id='word_1_310' title='bbox 546 2430 758 2477; x_wconf 80' lang='lat' dir='ltr'><strong>Augustae</strong></span> <span class='ocrx_word' id='word_1_311' title='bbox 785 2440 929 2466; x_wconf 78' lang='lat' dir='ltr'><strong>nomen</strong></span> <span class='ocrx_word' id='word_1_312' title='bbox 957 2430 1128 2476; x_wconf 78' lang='lat' dir='ltr'><strong>accepit.</strong></span> 
     </span>
    </p>

    <p class='ocr_par' dir='ltr' id='par_1_10' title="bbox 236 2476 1831 2954">
     <span class='ocr_line' id='line_1_35' title="bbox 356 2476 1831 2524; baseline -0.002 -10"><span class='ocrx_word' id='word_1_313' title='bbox 356 2477 406 2515; x_wconf 84' lang='lat' dir='ltr'><strong><em>At</em></strong></span> <span class='ocrx_word' id='word_1_314' title='bbox 435 2478 704 2524; x_wconf 78' lang='lat' dir='ltr'><strong>Bulgarorum</strong></span> <span class='ocrx_word' id='word_1_315' title='bbox 732 2479 918 2524; x_wconf 80' lang='lat' dir='ltr'>princeps</span> <span class='ocrx_word' id='word_1_316' title='bbox 944 2476 1119 2523; x_wconf 78' lang='lat' dir='ltr'>Symeon</span> <span class='ocrx_word' id='word_1_317' title='bbox 1138 2476 1441 2523; x_wconf 81' lang='lat' dir='ltr'><strong>Adrianopolim</strong></span> <span class='ocrx_word' id='word_1_318' title='bbox 1470 2477 1641 2520; x_wconf 76' lang='lat' dir='ltr'>obsedit,</span> <span class='ocrx_word' id='word_1_319' title='bbox 1668 2477 1781 2513; x_wconf 65' lang='lat' dir='ltr'>nez-8.</span> <span class='ocrx_word' id='word_1_320' title='bbox 1808 2477 1831 2511; x_wconf 83' lang='grc'><strong>9</strong></span> 
     </span>
     <span class='ocr_line' id='line_1_36' title="bbox 237 2525 1733 2573; baseline -0.003 -10"><span class='ocrx_word' id='word_1_321' title='bbox 237 2537 318 2573; x_wconf 82' lang='lat' dir='ltr'><strong><em>quo</em></strong></span> <span class='ocrx_word' id='word_1_322' title='bbox 343 2537 442 2562; x_wconf 76' lang='lat' dir='ltr'><strong>sano</strong></span> <span class='ocrx_word' id='word_1_323' title='bbox 468 2527 684 2572; x_wconf 79' lang='lat' dir='ltr'><strong>quicquam</strong></span> <span class='ocrx_word' id='word_1_324' title='bbox 713 2526 922 2568; x_wconf 75' lang='lat' dir='ltr'>effecisset,</span> <span class='ocrx_word' id='word_1_325' title='bbox 962 2525 1036 2560; x_wconf 83' lang='lat' dir='ltr'><strong>nisi</strong></span> <span class='ocrx_word' id='word_1_326' title='bbox 1064 2526 1174 2561; x_wconf 67' lang='lat' dir='ltr'>cives</span> <span class='ocrx_word' id='word_1_327' title='bbox 1200 2529 1427 2561; x_wconf 76' lang='lat' dir='ltr'><strong>commeatu</strong></span> <span class='ocrx_word' id='word_1_328' title='bbox 1454 2525 1667 2561; x_wconf 73' lang='lat' dir='ltr'><strong>destitutos</strong></span> <span class='ocrx_word' id='word_1_329' title='bbox 1694 2529 1733 2559; x_wconf 78' lang='lat' dir='ltr'><strong><em>et</em></strong></span> 
     </span>
     <span class='ocr_line' id='line_1_37' title="bbox 236 2571 1795 2620; baseline -0.002 -10"><span class='ocrx_word' id='word_1_330' title='bbox 236 2577 363 2610; x_wconf 77' lang='lat' dir='ltr'><strong>semet</strong></span> <span class='ocrx_word' id='word_1_331' title='bbox 388 2575 496 2620; x_wconf 79' lang='lat' dir='ltr'><strong>ipsos</strong></span> <span class='ocrx_word' id='word_1_332' title='bbox 522 2578 561 2610; x_wconf 81' lang='lat' dir='ltr'><strong><em>ot</em></strong></span> <span class='ocrx_word' id='word_1_333' title='bbox 586 2574 727 2610; x_wconf 77' lang='lat' dir='ltr'><strong>urbem</strong></span> <span class='ocrx_word' id='word_1_334' title='bbox 756 2573 857 2609; x_wconf 82' lang='lat' dir='ltr'><strong>hosti</strong></span> <span class='ocrx_word' id='word_1_335' title='bbox 887 2572 1035 2608; x_wconf 79' lang='lat' dir='ltr'><strong>dedere</strong></span> <span class='ocrx_word' id='word_1_336' title='bbox 1063 2574 1189 2608; x_wconf 75' lang='lat' dir='ltr'><strong>sames</strong></span> <span class='ocrx_word' id='word_1_337' title='bbox 1215 2573 1426 2619; x_wconf 59' lang='lat' dir='ltr'><strong><em>cozsgisset.</em></strong></span> <span class='ocrx_word' id='word_1_338' title='bbox 1477 2572 1593 2608; x_wconf 85' lang='lat' dir='ltr'><strong>Tunc</strong></span> <span class='ocrx_word' id='word_1_339' title='bbox 1611 2573 1732 2608; x_wconf 81' lang='lat' dir='ltr'><strong>etiam</strong></span> <span class='ocrx_word' id='word_1_340' title='bbox 1752 2571 1795 2607; x_wconf 96' lang='grc'><strong>10</strong></span> 
     </span>
     <span class='ocr_line' id='line_1_38' title="bbox 237 2620 1732 2667; baseline -0.002 -9"><span class='ocrx_word' id='word_1_341' title='bbox 237 2621 320 2658; x_wconf 82' lang='lat' dir='ltr'><strong><em>Leo</em></strong></span> <span class='ocrx_word' id='word_1_342' title='bbox 347 2620 623 2667; x_wconf 80' lang='lat' dir='ltr'><strong>Tripolitanus</strong></span> <span class='ocrx_word' id='word_1_343' title='bbox 650 2631 740 2657; x_wconf 89' lang='lat' dir='ltr'><strong><em>cum</em></strong></span> <span class='ocrx_word' id='word_1_344' title='bbox 768 2620 983 2656; x_wconf 77' lang='lat' dir='ltr'><strong>navalibus</strong></span> <span class='ocrx_word' id='word_1_345' title='bbox 1009 2621 1135 2666; x_wconf 75' lang='lat' dir='ltr'><strong>copiis</strong></span> <span class='ocrx_word' id='word_1_346' title='bbox 1163 2620 1365 2656; x_wconf 83' lang='lat' dir='ltr'><strong>Romanos</strong></span> <span class='ocrx_word' id='word_1_347' title='bbox 1391 2621 1549 2663; x_wconf 76' lang='lat' dir='ltr'>invasit,</span> <span class='ocrx_word' id='word_1_348' title='bbox 1577 2620 1642 2655; x_wconf 83' lang='lat' dir='ltr'><strong><em>eui</em></strong></span> <span class='ocrx_word' id='word_1_349' title='bbox 1669 2620 1732 2655; x_wconf 83' lang='lat' dir='ltr'>tri-</span> 
     </span>
     <span class='ocr_line' id='line_1_39' title="bbox 237 2666 1733 2727; baseline -0.002 -22"><span class='ocrx_word' id='word_1_350' title='bbox 237 2679 366 2705; x_wconf 64' lang='lat' dir='ltr'><strong>remes</strong></span> <span class='ocrx_word' id='word_1_351' title='bbox 393 2668 600 2705; x_wconf 73' lang='lat' dir='ltr'><strong>Romanae</strong></span> <span class='ocrx_word' id='word_1_352' title='bbox 626 2679 752 2715; x_wconf 80' lang='lat' dir='ltr'><strong>propo</strong></span> <span class='ocrx_word' id='word_1_353' title='bbox 778 2667 972 2703; x_wconf 80' lang='lat' dir='ltr'><strong>Lemnum</strong></span> <span class='ocrx_word' id='word_1_354' title='bbox 1007 2668 1179 2703; x_wconf 78' lang='lat' dir='ltr'><strong>insulam</strong></span> <span class='ocrx_word' id='word_1_355' title='bbox 1205 2668 1366 2703; x_wconf 81' lang='lat' dir='ltr'><strong>obviam</strong></span> <span class='ocrx_word' id='word_1_356' title='bbox 1395 2669 1601 2727; x_wconf 70' lang='lat' dir='ltr'><strong>profectae</strong></span> <span class='ocrx_word' id='word_1_357' title='bbox 1627 2666 1733 2712; x_wconf 75' lang='lat' dir='ltr'><strong>Aga-</strong></span> 
     </span>
     <span class='ocr_line' id='line_1_40' title="bbox 237 2714 1733 2761; baseline -0.004 -8"><span class='ocrx_word' id='word_1_358' title='bbox 237 2727 357 2753; x_wconf 73' lang='lat' dir='ltr'><strong>renos</strong></span> <span class='ocrx_word' id='word_1_359' title='bbox 372 2726 510 2753; x_wconf 72' lang='lat' dir='ltr'><strong>omnes</strong></span> <span class='ocrx_word' id='word_1_360' title='bbox 523 2718 607 2753; x_wconf 81' lang='lat' dir='ltr'><strong>fore</strong></span> <span class='ocrx_word' id='word_1_361' title='bbox 620 2716 855 2753; x_wconf 78' lang='lat' dir='ltr'><strong>occiderunt</strong></span> <span class='ocrx_word' id='word_1_362' title='bbox 871 2725 1079 2761; x_wconf 78' lang='lat' dir='ltr'><strong>navesque</strong></span> <span class='ocrx_word' id='word_1_363' title='bbox 1093 2715 1381 2759; x_wconf 68' lang='lat' dir='ltr'><strong>demoraerunt,</strong></span> <span class='ocrx_word' id='word_1_364' title='bbox 1406 2714 1463 2751; x_wconf 74' lang='lat' dir='ltr'><strong>I&#39;ri</strong></span> <span class='ocrx_word' id='word_1_365' title='bbox 1496 2716 1592 2751; x_wconf 78' lang='lat' dir='ltr'><strong>olita</strong></span> <span class='ocrx_word' id='word_1_366' title='bbox 1608 2724 1733 2760; x_wconf 72' lang='lat' dir='ltr'><strong>aegro.</strong></span> 
     </span>
     <span class='ocr_line' id='line_1_41' title="bbox 238 2762 1790 2811; baseline -0.002 -11"><span class='ocrx_word' id='word_1_367' title='bbox 238 2765 339 2810; x_wconf 67' lang='lat' dir='ltr'><strong><em>suga</em></strong></span> <span class='ocrx_word' id='word_1_368' title='bbox 364 2764 513 2811; x_wconf 73' lang='lat' dir='ltr'><strong>elapso.</strong></span> <span class='ocrx_word' id='word_1_369' title='bbox 565 2764 768 2810; x_wconf 76' lang='lat' dir='ltr'><strong>Bulgarus</strong></span> <span class='ocrx_word' id='word_1_370' title='bbox 795 2773 892 2799; x_wconf 79' lang='lat' dir='ltr'><strong>vero</strong></span> <span class='ocrx_word' id='word_1_371' title='bbox 912 2762 1098 2808; x_wconf 63' lang='lat' dir='ltr'><strong>Symeon,</strong></span> <span class='ocrx_word' id='word_1_372' title='bbox 1126 2762 1362 2798; x_wconf 80' lang='lat' dir='ltr'><strong>Macedonia</strong></span> <span class='ocrx_word' id='word_1_373' title='bbox 1385 2766 1425 2798; x_wconf 78' lang='lat' dir='ltr'><strong><em>et</em></strong></span> <span class='ocrx_word' id='word_1_374' title='bbox 1480 2763 1616 2798; x_wconf 73' lang='lat' dir='ltr'><strong>bracia</strong></span> <span class='ocrx_word' id='word_1_375' title='bbox 1642 2772 1733 2797; x_wconf 87' lang='lat' dir='ltr'><strong><em>cum</em></strong></span> <span class='ocrx_word' id='word_1_376' title='bbox 1754 2762 1790 2797; x_wconf 91' lang='grc'><strong><em>11</em></strong></span> 
     </span>
     <span class='ocr_line' id='line_1_42' title="bbox 236 2809 1734 2858; baseline -0.002 -10"><span class='ocrx_word' id='word_1_377' title='bbox 236 2812 392 2858; x_wconf 82' lang='lat' dir='ltr'>ingenti</span> <span class='ocrx_word' id='word_1_378' title='bbox 411 2813 595 2848; x_wconf 79' lang='lat' dir='ltr'><strong>exercitu</strong></span> <span class='ocrx_word' id='word_1_379' title='bbox 614 2812 838 2855; x_wconf 74' lang='lat' dir='ltr'>devastata,</span> <span class='ocrx_word' id='word_1_380' title='bbox 865 2810 916 2845; x_wconf 82' lang='lat' dir='ltr'><strong><em>ad</em></strong></span> <span class='ocrx_word' id='word_1_381' title='bbox 942 2810 1081 2845; x_wconf 82' lang='lat' dir='ltr'><strong>urbem</strong></span> <span class='ocrx_word' id='word_1_382' title='bbox 1102 2811 1319 2856; x_wconf 77' lang='lat' dir='ltr'><strong>profectus,</strong></span> <span class='ocrx_word' id='word_1_383' title='bbox 1346 2821 1472 2856; x_wconf 82' lang='lat' dir='ltr'><strong>prope</strong></span> <span class='ocrx_word' id='word_1_384' title='bbox 1491 2809 1734 2846; x_wconf 69' lang='lat' dir='ltr'><strong><em>machomus</em></strong></span> 
     </span>
     <span class='ocr_line' id='line_1_43' title="bbox 237 2857 1794 2905; baseline -0.002 -10"><span class='ocrx_word' id='word_1_385' title='bbox 237 2860 379 2895; x_wconf 78' lang='lat' dir='ltr'><strong>eastris</strong></span> <span class='ocrx_word' id='word_1_386' title='bbox 434 2860 544 2895; x_wconf 79' lang='lat' dir='ltr'><strong>ositis</strong></span> <span class='ocrx_word' id='word_1_387' title='bbox 572 2859 815 2905; x_wconf 83' lang='lat' dir='ltr'><strong>colloquium</strong></span> <span class='ocrx_word' id='word_1_388' title='bbox 844 2859 952 2903; x_wconf 74' lang='lat' dir='ltr'>regis</span> <span class='ocrx_word' id='word_1_389' title='bbox 978 2857 1146 2893; x_wconf 77' lang='lat' dir='ltr'><strong>Romani</strong></span> <span class='ocrx_word' id='word_1_390' title='bbox 1178 2858 1335 2903; x_wconf 55' lang='grc' dir='ltr'><strong><em>»αἰνῆς</em></strong></span> <span class='ocrx_word' id='word_1_391' title='bbox 1375 2858 1442 2904; x_wconf 81' lang='lat' dir='ltr'><strong><em>qui</em></strong></span> <span class='ocrx_word' id='word_1_392' title='bbox 1477 2868 1567 2893; x_wconf 89' lang='lat' dir='ltr'><strong><em>cum</em></strong></span> <span class='ocrx_word' id='word_1_393' title='bbox 1599 2857 1652 2892; x_wconf 79' lang='lat' dir='ltr'><strong><em>ab</em></strong></span> <span class='ocrx_word' id='word_1_394' title='bbox 1684 2857 1794 2893; x_wconf 82' lang='lat'><strong>0012</strong></span> 
     </span>
     <span class='ocr_line' id='line_1_44' title="bbox 238 2870 1734 2954; baseline -0.002 -11"><span class='ocrx_word' id='word_1_395' title='bbox 238 2917 320 2943; x_wconf 87' lang='lat' dir='ltr'><strong><em>non</em></strong></span> <span class='ocrx_word' id='word_1_396' title='bbox 349 2870 596 2952; x_wconf 58' lang='lat' dir='ltr'><strong>abRorrex-et,</strong></span> <span class='ocrx_word' id='word_1_397' title='bbox 633 2908 719 2954; x_wconf 81' lang='lat' dir='ltr'><strong>ipse</strong></span> <span class='ocrx_word' id='word_1_398' title='bbox 746 2916 836 2943; x_wconf 86' lang='lat' dir='ltr'><strong><em>cum</em></strong></span> <span class='ocrx_word' id='word_1_399' title='bbox 864 2905 991 2943; x_wconf 73' lang='lat' dir='ltr'>classe</span> <span class='ocrx_word' id='word_1_400' title='bbox 1017 2905 1068 2941; x_wconf 82' lang='lat' dir='ltr'><strong><em>ad</em></strong></span> <span class='ocrx_word' id='word_1_401' title='bbox 1098 2905 1287 2942; x_wconf 77' lang='lat' dir='ltr'><strong>Cosmidii</strong></span> <span class='ocrx_word' id='word_1_402' title='bbox 1316 2906 1408 2942; x_wconf 79' lang='lat' dir='ltr'><strong>litus</strong></span> <span class='ocrx_word' id='word_1_403' title='bbox 1433 2905 1543 2951; x_wconf 77' lang='lat' dir='ltr'>abiit,</span> <span class='ocrx_word' id='word_1_404' title='bbox 1578 2904 1734 2942; x_wconf 77' lang='lat' dir='ltr'><strong>eodem·</strong></span> 
     </span>
    </p>
   </div>
  </div>
 </body>
</html>
