2054 3282
656 234 865 272 BELLVM
884 234 1242 272 BVLGARICVM.
1626 234 1697 271 443

202 371 308 403 κους
338 357 471 398 ἔπεισε
502 355 598 403 τοὺς
626 357 722 410 περὶ
757 356 829 399 τὸν
850 357 1024 411 Ἴστρον,
1067 359 1112 399 οἳ
1137 357 1208 399 καὶ
1245 355 1429 411 Οὗγγροι
1459 357 1696 410 καλοῦνται,

202 429 286 472 τοῖς
317 425 580 479 Βουλγάροις
610 426 844 474 ἐπεξελθεῖν
873 426 944 468 καὶ
972 427 1051 481 ὅση
1090 426 1265 480 δύναμις
1300 429 1496 468 κακῶσαι
1532 426 1696 472 αὐτούς.

202 492 274 535 καὶ
304 492 431 540 αὐτὸς
462 493 507 535 δὲ
538 494 563 536 ὁ
593 494 784 549 βασιλεὺς
821 495 888 537 διά
926 511 968 536 τε
1004 494 1222 549 θαλάσσης
1256 493 1329 536 καὶ
1367 492 1434 536 διὰ
1473 498 1548 549 γῆς
1586 494 1695 548 ἡτοί-
1710 498 1758 532 20

201 576 337 615 μαστο
368 561 477 603 ὅπλα
507 566 671 617 κινῆσαι
700 562 806 604 κατὰ
827 566 913 605 τῶν
934 563 1211 617 Βουλγάρων,
1242 567 1308 617 τῷ
1332 562 1539 616 πατρικίῳ
1561 561 1695 616 Νικη-

164 630 330 685 5φόρῳ
360 635 422 684 τῷ
457 630 595 685 Φωκᾷ
624 630 697 672 τὸν
725 628 816 673 κατ’
849 632 991 673 αὐτῶν
1026 631 1290 685 ἀναθέμενος
1323 631 1524 685 πόλεμον,
1569 631 1695 685 ὃομέ·

200 713 340 741 στικον
359 702 446 740 τῶν
466 699 632 754 σχολῶν
663 699 790 741 αὐτὸν
819 700 1150 754 προβαλόμενος.
1209 699 1295 753 πρὸ
1325 703 1399 741 τοῦ
1429 700 1618 753 πολέμου
1651 699 1696 742 δὲ
1709 703 1752 738 21
1772 702 1845 738 PII
1859 701 1968 739 177A

200 766 272 809 τὸν
302 768 556 822 κοιαίστωρα
587 768 736 810 στέλλει
767 768 791 810 ὁ
823 769 1098 822 αὐτοκράτωρ
1118 768 1227 822 πρὸς
1248 768 1434 822 Συμεὼν
1459 767 1554 822 περὶ
1584 769 1695 823 εἰρή-

200 851 276 890 νης
316 837 637 891 πρεσβεύσαντα.
700 837 724 878 ὁ
756 837 803 878 δὲ
831 837 1051 892 βάρβαρος
1090 837 1205 891 ὁόλῳ
1243 841 1390 878 τοῦτον
1427 836 1697 891 ὑποτοπήσας
1709 839 1756 876 22

202 903 338 945 ἐλθεῖν
368 904 637 958 καθείργνυσι
667 905 738 946 καὶ
771 905 915 959 δεσμεῖ
930 905 1084 959 καὶτῷ
1105 905 1243 959 Φωκᾷ
1263 905 1529 959 ἀντεμάχετο.
1591 904 1695 946 ἒκεί-
1709 909 1757 946 23

144 975 189 1011 10
201 986 278 1013 νου
310 971 358 1014 δὲ
385 973 480 1027 περὶ
510 975 657 1014 τοῦτον
687 973 1002 1028 ἀσχολουμένου
1025 974 1066 1014 οἱ
1085 972 1270 1027 Οὖγγροι
1289 973 1364 1027 τὴν
1393 973 1542 1028 χώραν
1567 973 1696 1014 αὐτοῦ

202 1038 427 1094 ἐληίσαντο.
491 1041 555 1082 διὸ
587 1041 658 1083 τὸν
693 1042 854 1083 Φωκᾶν
884 1042 1017 1083 λιπὼν
1047 1039 1137 1083 κατ’
1171 1042 1344 1083 ἐκείνων
1374 1042 1597 1096 ἐξώρμησε
1626 1041 1698 1083 καὶ
1710 1047 1757 1084 24

200 1108 434 1163 συμβαλὼν
464 1110 604 1156 αὐτοῖς
634 1111 794 1165 ἥττητο,
833 1110 1004 1152 πολλῶν
1033 1109 1112 1164 μὲν
1142 1111 1388 1164 σφαγέντων
1417 1109 1696 1163 Βουλγάρων,

199 1176 406 1219 πλειόνων
436 1175 474 1219 δ’
508 1178 706 1227 ἁλόντων,
750 1180 880 1221 αὐτοῦ
919 1179 965 1220 δὲ
1003 1182 1076 1220 τοῦ
1107 1178 1293 1232 Συμεὼν
1328 1178 1448 1232 μόλις
1485 1178 1529 1219 ἐν
1560 1178 1695 1231 Δορο-

200 1245 337 1299 στόλῳ
367 1246 593 1300 φυγόντος·
631 1252 752 1290 τοῦτο
785 1245 822 1289 δ’
856 1249 881 1302 ἠ
914 1247 1094 1300 Δρίστρα
1126 1247 1218 1289 ἔστί.
1279 1245 1376 1292 τοὺς
1408 1243 1445 1288 ὁ’
1479 1246 1694 1301 αἰχμαλώ-
1709 1253 1756 1289 25

145 1317 187 1354 15
199 1330 297 1361 τους
328 1314 604 1370 Βουλγάρσυς
634 1316 660 1357 ὁ
689 1316 882 1371 βασιλεὺς
910 1315 1027 1370 παρὰ
1058 1319 1143 1357 τῶν
1179 1315 1389 1370 Οὔγγρων
1425 1315 1595 1368 ἐπρίατο
1625 1315 1741 1357 καὶΒ

200 1383 235 1424 ὁ.
261 1382 448 1437 Συμεὼν
483 1384 578 1437 περὶ
620 1385 787 1439 εἰρήνης
829 1385 994 1426 ἱκέτευε.
1055 1383 1127 1425 καὶ
1168 1383 1389 1430 πιστεύσας
1431 1387 1515 1429 τοῖς
1559 1383 1697 1437 λόγοις
1710 1391 1757 1426 26

200 1451 360 1494 ἐκείνου
390 1451 417 1493 ὁ
446 1451 639 1506 βασιλεὺς
666 1452 738 1494 τὸν
758 1452 1089 1508 Χοιροσφάκτην
1119 1452 1326 1494 ἀπέστειλε
1358 1452 1544 1499 σπονδὰς
1574 1467 1695 1507 ποιη-

199 1616 222 1654 9
246 1618 297 1652 ὅτι
320 1617 476 1663 ἐπῆλθον
501 1623 571 1657 τοῖς
596 1619 814 1664 Βουλγάροις
838 1620 875 1654 οἱ
902 1618 1054 1665 Οὖγγροι
1083 1618 1147 1655 CE
1290 1618 1333 1655 13
1357 1618 1435 1664 περὶ
1462 1624 1522 1665 τῆς
1547 1620 1696 1665 Δρίστας

200 1662 253 1708 (V.
280 1665 332 1701 ad
359 1664 450 1701 XVI
478 1665 533 1710 12,
559 1666 620 1710 ⁶24)
646 1667 696 1701 ὅτι
723 1667 942 1711 Δορόστολον
966 1666 1100 1712 ἐλέγετο
1128 1666 1158 1702 E

274 1821 293 1856 l
320 1822 438 1866 ἴστρσν
463 1820 631 1868 prDi,
658 1824 775 1866 ἴστρον
801 1822 841 1866 Ε,
866 1821 1006 1867 οἶστρον
1033 1821 1067 1858 Α
1205 1822 1346 1867 οῖ’ἷγγροι
1375 1822 1470 1868 Ewp
1609 1823 1632 1857 3
1658 1823 1697 1858 ὁὲ

275 1878 351 1904 om.
377 1869 410 1904 Ε
506 1870 554 1915 τε]
582 1875 642 1916 τῆς
667 1869 703 1905 D
811 1869 835 1905 4
861 1874 931 1905 τῶν
958 1881 1032 1906 om.
1061 1869 1159 1915 pr
1268 1870 1291 1905 τ’)
1315 1869 1432 1906 αὐτῶν
1458 1869 1696 1917 R-wale',

272 1915 378 1951 αὐτὸν
395 1916 469 1952 AD
566 1919 588 1953 6
612 1918 895 1964 προβαλλόμενος
914 1915 1054 1964 CEwp‚
1082 1928 1119 1952 v.
1146 1917 1198 1954 ad
1224 1917 1315 1953 XIV
1346 1918 1398 1962 ll,
1422 1917 1445 1953 ὃ
1543 1917 1564 1954 7
1589 1919 1696 1954 >eoml-

271 1977 379 2008 στορα
405 1964 539 2011 DEwp
708 1966 730 1999 ὁ
753 1966 898 2010 αὐτοκρ.
925 1975 1000 2001 om.
1028 1965 1060 2000 Ο
1232 1970 1322 2011 post
1348 1964 1435 2009 πρὸς
1461 1965 1553 2001 add.
1580 1965 1637 2000 τὸν
1665 1966 1696 2001 Ο

272 2011 295 2046 8
318 2013 554 2058 πρεσβεύοντα
581 2013 676 2059 Ewp
821 2014 844 2048 9
871 2018 960 2059 post
987 2013 1148 2058 καθείργ.
1174 2013 1266 2048 add.
1294 2012 1351 2048 τὸν
1376 2013 1489 2057 ἄνδρα
1522 2011 1648 2059 Bpr

318 2065 465 2095 ποιεῖται
483 2060 551 2095 ὑπὸ
568 2061 709 2104 δεσμοῖς
728 2059 760 2097 Ο
848 2061 892 2096 10
909 2061 1030 2095 τούτου
1051 2059 1097 2104 D,
1117 2066 1238 2096 τοῦτον
1257 2071 1358 2096 corr.
1378 2060 1445 2097 Dw
1531 2060 1695 2106 οὔγγαροι

266 2106 369 2153 ‚Ewp
518 2108 557 2142 ll
585 2108 719 2143 ἐκεῖνον
745 2107 793 2152 D,
819 2118 922 2143 corr.
949 2107 1016 2146 Dw
1165 2108 1208 2144 12
1232 2109 1351 2155 ἥπτετο
1377 2107 1423 2152 D,
1452 2119 1554 2144 corr.
1582 2108 1649 2145 Dw

273 2154 318 2189 14
343 2155 465 2199 ὀρίστα
493 2155 603 2200 EDw‚
632 2166 669 2191 v.
695 2154 805 2190 XVII
832 2155 865 2199 2,
884 2155 930 2190 33
957 2160 996 2190 et
1023 2154 1194 2191 Hieroel.
1222 2155 1395 2201 Synecd.
1423 2166 1459 2202 p.
1478 2155 1534 2200 63,
1553 2155 1611 2191 33.
1638 2156 1695 2199 67,

271 2202 317 2237 86
343 2201 598 2238 Burckhardt
759 2203 803 2237 16
827 2203 1016 2249 ἐπρέσβευε
1043 2203 1074 2237 Ο
1251 2203 1434 2242 πιστεύσας
1459 2203 1523 2238 οὖν
1549 2203 1695 2238 omisso

271 2250 331 2285 καὶ
357 2249 389 2285 Ο

200 2388 268 2434 qui
295 2391 334 2423 et
361 2388 489 2433 Ungri
518 2393 727 2432 vocantur,
762 2383 998 2424 muiwribus
1025 2390 1190 2435 impulit,
1232 2394 1275 2424 ut
1304 2389 1502 2434 Bulgm·os
1534 2390 1697 2425 uleisce-

199 2439 341 2471 rentur
366 2439 407 2470 et
433 2446 506 2481 pro
533 2436 686 2471 viu-ibus
708 2436 945 2482 affligerent.
999 2436 1087 2482 lpse
1114 2445 1276 2482 quoque
1296 2447 1366 2472 rex
1388 2441 1496 2472 terra
1515 2438 1697 2483 marique
1710 2435 1758 2471 20

201 2493 314 2519 arma
339 2484 489 2519 inferre
516 2482 703 2528 Bulgaris
742 2487 869 2530 parat,
908 2494 1064 2519 summa
1102 2494 1236 2519 rerum
1275 2485 1444 2530 patricio
1470 2484 1696 2531 Nicephoro

201 2531 372 2573 phocae,
391 2540 509 2576 quem
525 2530 787 2567 domesticum
807 2532 1033 2567 scholarum
1053 2532 1295 2578 designavit,
1315 2532 1516 2567 mandata.
1549 2532 1695 2568 Verum
1711 2530 1752 2565 21

201 2583 295 2614 ante
322 2578 468 2614 bellum
496 2583 751 2623 quaestorem
779 2579 829 2614 de
857 2590 956 2625 paee
985 2579 1161 2625 legatum
1201 2580 1420 2625 imperator
1457 2579 1509 2615 ad
1535 2579 1697 2625 Symeo-

200 2636 291 2662 nem
329 2626 460 2661 mittit.
511 2628 638 2668 Quem
679 2627 878 2662 barbarus
905 2627 998 2662 dolo
1036 2627 1179 2662 adesse
1210 2636 1279 2662 sus
1311 2628 1441 2663 icatus
1467 2629 1507 2662 in
1535 2628 1698 2663 vincula
1710 2625 1757 2661 22

202 2674 427 2711 coniectum
454 2673 624 2709 includit
649 2678 688 2709 et
707 2674 865 2709 Phoc-,ae
892 2674 1049 2710 resistit.
1100 2677 1188 2716 Quo
1215 2675 1319 2710 belo
1347 2674 1441 2710 dum
1461 2680 1696 2721 occupatur,
1710 2674 1757 2709 :23

203 2721 331 2768 Ungri
359 2721 445 2756 eius
478 2730 600 2767 agros
627 2722 885 2767 popuiantur.
937 2724 1070 2763 Quare
1098 2722 1232 2757 phoca
1269 2723 1414 2757 omisso
1442 2726 1583 2758 contra
1610 2723 1697 2758 illos
1711 2722 1756 2757 ‘24

202 2768 468 2816 proficiscitur
493 2776 533 2804 et·
557 2769 646 2804 acie
671 2779 916 2815 congr-oenus
942 2774 1168 2815 superatur,
1206 2769 1340 2805 multis
1366 2768 1554 2816 Bulgaris
1580 2771 1699 2806 inter-

201 2817 329 2861 fectis,
367 2815 547 2861 plurimis
584 2817 730 2862 captim
771 2816 945 2862 Synwon
985 2819 1070 2862 ipae
1099 2816 1369 2859 Dorostolum,
1407 2827 1513 2863 quae
1541 2817 1697 2853 Dristra

201 2868 272 2909 est,
312 2863 378 2898 vix
412 2864 607 2909 confugit.
659 2864 849 2910 Captivos
878 2864 1074 2910 Bulgaros
1112 2875 1181 2900 rex
1223 2866 1274 2899 ab
1315 2864 1463 2910 vngris
1500 2867 1606 2909 emit,
1644 2865 1757 2902 ad25

202 2921 320 2958 quem
347 2909 521 2956 Symeon
562 2911 718 2958 legatos
756 2912 806 2947 de
847 2922 947 2959 pace
974 2913 1096 2956 misit3
1133 2913 1248 2948 euius
1275 2913 1408 2948 vorbis
1444 2912 1521 2949 flde
1560 2913 1756 2951 habita26
