2054 3282
331 220 395 256 140
743 221 923 258 ZONAR.
951 221 1083 256 EPJT.
1109 220 1200 257 XIV
1225 219 1258 265 4,
1285 220 1413 257 3-14.

326 344 563 397 συμπαθεῖν
595 349 644 398 τῇ
676 344 800 398 σαρκὶ
832 348 903 385 τοῦ
936 344 1085 396 κυρίου
1118 343 1188 384 καὶ
1214 343 1288 397 τὴν
1309 343 1500 397 θεότητα,
1535 345 1690 390 ἐκεῖνος
1712 344 1821 398 ἒλέγ-

282 412 310 448 C
326 415 391 460 ξαι
422 412 564 454 θέλων
586 413 719 453 ἄτοπα
743 413 936 467 λέγοντας
957 412 1028 453 καὶ
1051 412 1324 459 διδάσκοντας
1345 413 1506 461 ἄπιστα,
1537 412 1824 467 παρεσκεύασέ

325 497 411 521 τινα
450 485 535 522 τῶν
573 481 739 522 οἰκείων
775 480 1000 534 παρόντων
1036 484 1122 522 τῶν
1159 481 1338 536 ἀνιέρων
1375 481 1617 523 ἐπισκόπων
1654 481 1824 522 ἐκείνων

290 549 432 603 4πρὸς
465 548 539 595 οὗς
570 566 603 590 τι
636 550 753 603 αὐτῷ
785 549 1039 603 ἀπαγγεῖλαι.
1102 554 1175 591 τοῦ
1199 549 1244 591 δὲ
1265 551 1515 604 ποιήσαντος
1535 549 1582 591 τὸ
1605 548 1825 603 ἐπιταχθὲν

290 619 349 659 5ὁ
375 618 719 672 Ἄλαμούνδαρος
751 618 1061 672 ἕσκυθρώπασε
1092 618 1163 659 καὶ
1193 619 1411 660 λυπεῖσθαι
1447 618 1667 672 ὕπεκρίθη.
1730 618 1823 672 ἒρο-
1839 629 1870 661 Ι)
1893 626 2036 661 111263

326 688 468 741 μένων
501 687 546 728 δὲ
576 690 661 727 τῶν
694 686 936 728 ἐπισκόπων
968 687 1066 728 ὅτου
1098 687 1219 741 χάριν
1251 689 1497 742 συγκέχυται
1527 686 1598 728 καὶ
1629 687 1667 728 τί
1691 688 1743 728 ἂν
1763 687 1823 741 εἴη

326 756 372 797 τὸ
404 756 618 810 ἀγγελθέν,
653 756 809 802 ἐκεῖνος
841 756 922 810 ἔφη
956 756 1207 811 ἀγγελθῆναι
1234 758 1350 811 αὐτῷ
1371 756 1442 798 τὸν
1463 755 1721 810 ἀρχάγγελον
1743 755 1824 796 θα-

291 827 312 860 ⁴3
327 829 408 866 νεῖν
440 825 623 879 ῘΙῙιχαήλ.
685 828 770 866 τῶν
803 825 848 866 δὲ
879 825 1020 879 ψευδῆ
1050 825 1124 879 τὴν
1161 826 1351 879 ἀγγελίαν
1384 825 1701 879 διατεινομένων
1730 839 1825 878 τυγ-

327 894 477 948 χάνειν,
523 893 730 934 ἀδύνατον
762 893 841 947 γὰρ
873 892 974 935 εἶναι
1005 894 1149 935 θανεῖν
1179 893 1250 935 τὸν
1282 894 1554 949 ἀρχάγγελον,
1598 892 1827 948 ὑπολαβὼν

328 963 351 1003 ὁ
383 962 602 1016 φύλαρχος
633 961 744 1003 εἶπεν
775 962 844 1003 κεἰ
871 961 947 1003 οὗν
978 962 1151 1016 ἄγγελος
1183 963 1234 1004 οὔ
1255 963 1443 1018 θνήσκει,
1475 966 1570 1008 πῶς
1590 962 1693 1004 καθ’
1716 962 1827 1016 ὑμᾶς
1845 969 1888 1003 10

130 1031 353 1085 1171114ῖὴ
386 1030 538 1085 θεότης
570 1031 706 1072 ἔπαθέ
735 1047 777 1072 τε
815 1030 887 1072 καὶ
924 1031 1050 1072 ἔθανε
1088 1036 1138 1086 τῇ
1178 1031 1302 1085 σαρκὶ
1341 1032 1625 1086 συγκραθεῖσα
1663 1030 1735 1072 καὶ
1771 1031 1827 1076 εἰς

230 1102 265 1137 D
294 1103 313 1138 7
327 1100 427 1154 μίαν
466 1099 591 1154 φύσιν
631 1099 951 1141 ἀποτελεσθεῖσα
960 1116 974 1149 ,·
984 1101 1010 1115 ’²
1053 1101 1212 1147 τούτοις
1244 1102 1283 1142 οἱ
1315 1101 1531 1142 ἐπίσκοποι
1563 1101 1720 1142 ἐκεῖνον
1750 1098 1828 1154 μὲν

329 1168 580 1222 ἐθαύμασαν
610 1174 683 1223 τῆς
715 1170 940 1215 συνέσεως·
973 1169 1090 1210 αὐτοὶ
1122 1168 1167 1210 δὲ
1199 1168 1449 1222 ἀπογνόντες
1474 1169 1536 1214 ὡς
1557 1168 1636 1210 οὒκ
1658 1167 1710 1209 ἄν
1730 1183 1829 1208 ποτε

328 1242 583 1292 μετενεγκεῖν
615 1237 742 1279 αὐτὸν
775 1238 992 1292 δυνηθεῖεν
1024 1239 1080 1283 εἷς
1101 1237 1174 1292 τὴν
1197 1238 1326 1286 δόξαν
1347 1238 1500 1291 αὐτῶν,
1532 1237 1826 1291 ὑπεχώρησαν.

294 1311 315 1343 8
452 1307 547 1348 Τῶν
585 1307 630 1348 δὲ
668 1307 932 1361 Βουλγάρων
969 1305 1094 1353 αὖθις
1130 1306 1175 1348 τὸ
1208 1305 1434 1360 Ἰλλυρικὸν
1469 1304 1829 1359 καταδραμόντων
1848 1311 1889 1347 15

331 1376 600 1424 ἀντετάξαντο
630 1375 790 1422 τούτοις
820 1375 922 1421 τινὲς
958 1379 1043 1416 τῶν
1069 1375 1293 1429 ”Ρ(ι)μαίων
1329 1376 1566 1428 ταξιαρχῶν
1603 1372 1706 1427 μετὰ
1744 1375 1830 1414 τῶν

295 1447 317 1481 9
334 1442 400 1486 ὑπ’
435 1444 587 1490 αὐτοὺς
618 1444 851 1498 ταγμάτων.
915 1444 1087 1485 ἐκείνων
1131 1443 1176 1485 δὲ
1220 1443 1404 1497 ἐπῳδαῖς
1442 1442 1723 1497 χρησαμένων
1760 1441 1832 1482 καὶ

333 1514 547 1568 γοητείαις,
592 1513 832 1568 ἡττήθησαν
876 1513 1062 1567 αἰσχρῶς
1105 1514 1145 1554 οἱ
1178 1512 1377 1566 Ῥωμαῖοι
1416 1511 1487 1553 καὶ
1529 1510 1636 1565 πλὴν
1680 1510 1832 1564 ὀλίγων

339 1660 378 1696 15
404 1660 483 1706 περὶ
509 1664 579 1695 τῶν
607 1662 696 1703 (om.
725 1660 769 1703 E)
795 1660 1024 1706 Βουλγάρων,
1061 1659 1121 1695 καὶ
1146 1661 1242 1699 ὅπως
1268 1661 1418 1706 ἥττησαν
1444 1659 1523 1698 τοὺς
1544 1659 1741 1704 Ῥωμαίους
1769 1658 1832 1695 CE

408 1802 425 1837 1
455 1805 544 1848 post
570 1803 697 1846 κυρίου
724 1802 816 1837 add.
842 1807 988 1847 χριστοῦ
1014 1801 1127 1846 pr,
1156 1812 1192 1836 v.
1220 1801 1312 1836 XIV
1338 1801 1371 1845 3,
1400 1801 1443 1836 17
1553 1800 1575 1835 2
1603 1803 1691 1846 post
1715 1800 1833 1835 θέλων

406 1850 498 1885 add.
524 1849 650 1888 αὐτοὺς
675 1848 833 1895 prDi
929 1850 1039 1884 ἄτοπα
1057 1849 1216 1894 λέγοντας
1234 1849 1294 1884 καὶ
1313 1850 1381 1884 διδ.
1399 1848 1537 1893 ἄπιστα]
1567 1848 1627 1884 De
1654 1848 1831 1883 chiasmo

406 1909 443 1933 V.
471 1898 524 1932 ad
549 1897 646 1933 XIII
672 1897 705 1942 2,
732 1898 754 1933 6
886 1897 909 1931 3
934 1897 1081 1932 ἐκείνων
1106 1897 1312 1932 ἐπισκόπων
1342 1897 1372 1931 Ε
1494 1897 1516 1932 5
1541 1896 1727 1931 λυπεῖσθαι
1753 1896 1832 1930 ὓπε-

407 1946 518 1990 κρίθη
535 1944 614 1989 ΑΕ,
641 1946 847 1990 ὑπεκρίνετο
873 1946 1099 1989 (ὑπεκρίνατο
1114 1944 1165 1987 D)
1193 1944 1250 1979 τὸν
1274 1945 1494 1989 λυπούμενον
1519 1944 1616 1989 pr
1714 1943 1736 1979 7
1761 1944 1831 1988 ἔφη

406 1994 540 2032 ἐκεῖνος
567 1993 664 2039 pr
766 1994 810 2028 10
835 1993 1008 2038 φίλαρχος
1034 1992 1119 2036 ΑΙ),
1147 2003 1249 2028 corr.
1269 1992 1337 2030 Dw
1434 1997 1517 2037 γοῦν
1543 1992 1574 2026 Ε
1673 1991 1714 2025 11
1744 1995 1833 2036 post

407 2042 648 2086 συγκραθεῖσα
667 2041 759 2076 add.
778 2041 837 2076 καὶ
860 2042 1076 2087 συγχυθεῖσα
1095 2040 1193 2085 pr
1294 2040 1338 2075 12
1363 2039 1510 2084 ἐκεῖνον]
1538 2041 1574 2074 οἵ
1596 2039 1627 2074 Ε
1726 2039 1770 2073 13
1796 2038 1835 2073 δὲ

409 2088 526 2131 ARw,
553 2088 585 2124 δ’
612 2088 802 2135 Bs(?)pDi
937 2089 981 2124 15
1006 2088 1201 2134 βαρβάρων
1227 2088 1257 2122 Ε
1392 2088 1435 2123 16
1461 2089 1660 2132 ταξιαρχῶν
1686 2085 1833 2131 Apr,

409 2137 610 2183 ταξιάρχων
636 2135 702 2182 Di,
730 2148 768 2173 v.
796 2137 847 2172 ad
874 2136 971 2172 XIII
999 2137 1053 2180 10,
1083 2137 1125 2170 11
1226 2136 1269 2171 17
1296 2134 1493 2181 ταγμάτων]
1521 2133 1731 2180 ταξξιαρχῶν
1758 2133 1787 2170 C

338 2281 406 2326 qui
446 2281 729 2326 praesentibus
766 2281 966 2326 episcopis
1000 2280 1076 2315 illis
1111 2279 1292 2325 profanis
1327 2280 1367 2314 in
1402 2289 1541 2314 aurem
1575 2278 1727 2323 aliquid
1761 2278 1835 2313 sibi

300 2325 554 2364 4nuntiaret.
613 2329 688 2370 Qui
728 2339 819 2363 cum
857 2329 1011 2363 iussum
1050 2328 1221 2370 fecisset,
1261 2326 1561 2362 Alamundarus
1599 2326 1760 2361 tristitia
1799 2329 1838 2360 ct

301 2373 538 2411 5maestitia
576 2376 763 2411 simulata
798 2375 1007 2422 respondit
1044 2375 1241 2421 episcopis
1282 2374 1582 2420 quaerentibus,
1622 2383 1693 2408 cur
1732 2377 1838 2408 essct

339 2424 534 2459 confusus
561 2427 600 2460 et
627 2425 725 2469 quid
752 2427 857 2460 esset
882 2424 1122 2467 nuntiatum,
1165 2433 1207 2458 se
1244 2423 1455 2458 certiorem
1491 2432 1578 2457 esse
1610 2422 1761 2456 factum
1788 2420 1838 2455 de

301 2469 467 2507 6m0rte
493 2471 698 2507 Michaelis
725 2471 970 2517 archangeli.
1023 2471 1189 2514 Quibus,
1227 2480 1316 2505 cum
1352 2469 1497 2504 falsum
1531 2479 1618 2504 esse
1651 2469 1838 2504 nuntium

338 2523 662 2565 perseverarent,
699 2520 808 2565 quod
835 2520 921 2554 fieri
947 2529 1029 2554 non
1055 2522 1203 2564 posset,
1233 2521 1278 2552 ut
1303 2520 1530 2552 moreretur
1556 2516 1838 2562 archangelus,

339 2577 523 2602 sermone
551 2570 722 2613 excepto
749 2568 938 2613 princeps
963 2565 1036 2602 “Si
1062 2565 1217 2612 igitur”
1247 2566 1378 2610 inquit
1409 2565 1612 2610 “angelus
1645 2575 1727 2599 non
1759 2574 1839 2598 mo·

338 2615 451 2659 ritur,
479 2625 562 2660 qua
586 2616 744 2650 ratione
770 2625 844 2650 vos
870 2614 1075 2649 affirmatis
1102 2614 1291 2649 deitatem
1319 2615 1358 2648 et
1384 2623 1544 2658 passam
1571 2622 1660 2647 esse
1680 2614 1719 2646 et
1737 2622 1839 2646 mor-

340 2665 451 2697 tuam
479 2673 569 2698 cum
603 2673 724 2698 carne
757 2663 1004 2698 commistam
1042 2665 1081 2697 et
1117 2662 1159 2696 in
1193 2671 1317 2696 unam
1352 2664 1538 2695 naturam
1574 2658 1839 2694 1·edactam?”

305 2708 412 2744 7His
439 2711 574 2746 verbis
601 2711 791 2756 episcopi,
817 2710 922 2745 illius
949 2709 1135 2744 admirati
1157 2709 1432 2754 sagacitatem,
1460 2717 1531 2753 spe
1550 2708 1636 2742 eius
1653 2716 1833 2752 unquam

341 2758 582 2793 traducendi
606 2759 646 2793 in
675 2769 789 2793 suam
817 2758 1046 2803 opinionem
1074 2757 1232 2791 abiecta
1258 2759 1522 2791 recesserunt.

306 2804 329 2839 8
464 2805 663 2851 Bulgaris,
698 2816 787 2841 cum
814 2806 959 2841 iterum
985 2805 1027 2839 in
1053 2804 1257 2849 Illyricum
1283 2804 1538 2847 invasissent,
1568 2801 1750 2837 nonnulli
1775 2802 1840 2836 tri·

310 2852 442 2888 9buni
470 2853 640 2888 Romani
667 2863 711 2889 se
737 2863 827 2889 cum
858 2852 1087 2899 legionibus
1119 2851 1202 2887 suis
1235 2853 1523 2896 opposuerunt,
1562 2849 1633 2885 sed
1661 2848 1839 2892 Romani,

346 2910 435 2936 cum
463 2901 598 2936 hostes
625 2901 811 2936 cantibus
838 2900 1007 2946 magicis
1037 2900 1099 2935 usi
1132 2901 1266 2934 essent
1299 2901 1337 2935 et
1369 2898 1610 2944 praestigiis,
1647 2899 1727 2931 tam
1761 2899 1840 2932 tur-
