2054 3282
366 235 436 275 642
755 236 935 277 zoNAR.
963 238 1093 275 EPIT.
1120 235 1231 275 XVII
1256 239 1312 284 26,
1340 236 1467 276 7-21.

365 364 426 414 τῷ
455 361 617 415 βασιλεῖ
642 360 713 402 καὶ
744 359 789 402 τὸ
822 361 1029 415 σωτήριον
1062 360 1288 415 δεξάμενος
1318 361 1528 415 βάπτισμα
1561 362 1737 417 ἐτιμήθη
1775 378 1855 404 πα-

329 428 532 483 8τρίκιος.
594 430 726 471 ἔπεισε
764 429 903 483 μέντοι
942 429 1012 470 καὶ
1043 428 1139 475 τοὺς
1170 428 1244 470 σὺν
1276 430 1392 483 αὐτῷ
1423 429 1603 476 Σκύθας
1633 434 1706 472 τοῦ
1737 431 1857 473 θείου

330 497 513 539 9τούτου
544 498 722 551 λουτροῦ
759 501 986 552 μετασχεῖν.
1047 497 1299 552 ποιούμενος
1331 498 1376 539 δὲ
1407 497 1479 544 τὰς
1511 498 1721 554 διατριβὰς
1751 499 1857 541 κατὰ

363 564 413 606 τὰ
443 566 661 620 παρίστρια
693 565 764 606 καὶ
797 566 1025 619 διαβαίνων
1055 566 1127 607 τὸν
1156 565 1348 620 ποταμὸν
1378 566 1541 621 ἀθρόον
1573 567 1730 609 ἐκάκου
1761 567 1906 615 τοὺςῙ)
1927 570 1980 607 IV
1999 570 2054 607 ΠΕ

307 640 352 675 10
364 637 437 675 τοῦ
472 633 625 688 Τυράχ,
670 634 856 687 ἀναιρῶν
898 650 940 675 τε
978 634 1049 676 καὶ
1087 635 1341 689 ληιζόμενος.
1402 636 1625 690 πρεσβείαν
1660 637 1797 678 τοίνυν
1833 637 1892 678 65

368 701 509 756 Τυρὰχ
529 701 638 756 πρὸς
657 701 729 744 τὸν
757 702 927 757 βασιλέα
960 703 1231 749 ἀπεσταλκὼς
1260 704 1399 758 ᾐτιᾶτο
1431 704 1491 744 ὅτι
1521 704 1592 746 τὸν
1623 705 1858 760 ἀποστάτην

362 773 436 811 τοῦ
469 771 624 816 ἔθνους
661 770 844 825 ἐδέξατο,
889 771 961 812 καὶ
992 772 1030 812 εἷ
1056 771 1115 826 μὴ
1148 772 1327 813 κωλύσει
1359 776 1523 814 κακοῦν
1553 773 1600 815 τὸ
1632 774 1757 820 ἔθνος
1787 774 1858 816 τὸν

305 845 347 880 11
362 838 603 894 πρόσφυγα,
634 838 681 880 τὸ
708 839 835 886 ἔθνος
858 840 957 882 ὅλον
978 841 1057 888 ἕξει
1079 841 1289 895 πολέμιον.
1350 841 1458 895 πρὸς
1478 845 1604 883 ταῦτα
1628 839 1664 883 δ’
1689 842 1713 883 ὁ
1734 843 1856 884 αὖτο-

363 907 536 962 κράτωρ
573 907 699 949 “οὔτε
738 908 986 963 προδότης”
1025 909 1106 964 ἔφη
1144 909 1247 950 “το·ῦ
1284 909 1594 964 προσελθόντος
1633 912 1857 966 γενήσομαι

305 983 350 1017 12
364 977 458 1017 οὔτε
495 976 680 1018 κωλύσω
717 976 777 1031 μὴ
820 977 1064 1031 ἀμύνασθαι
1094 977 1190 1024 τοὺς
1222 978 1639 1032 ἕπιβουλεύσαντας.”
1698 980 1858 1022 τούτων
1872 985 1918 1020 10

361 1047 447 1086 τῶν
477 1045 738 1100 μηνυμάτων
768 1050 829 1100 τῷ
864 1045 1005 1101 Τυράχ
1044 1047 1347 1101 κομισθέντων,
1391 1046 1477 1088 ἐπεὶ
1514 1047 1672 1102 χειμὼν
1710 1048 1856 1104 ἐπέστη

362 1112 434 1155 καὶ
465 1113 489 1154 ὁ
511 1112 670 1168 Ἴστρος
702 1114 747 1163 ἕξ
778 1115 915 1170 ὄχθης
954 1115 1011 1161 εἷς
1049 1114 1123 1169 τὴν
1162 1115 1305 1170 ἑτέραν
1341 1120 1402 1169 τῷ
1440 1116 1558 1170 κρύει
1593 1117 1858 1171 πηγνύμενος

362 1182 717 1237 κεκρυστάλλωτο,
759 1184 865 1238 πεζῇ
904 1183 1019 1238 διέβη
1059 1183 1132 1225 τὸν
1169 1183 1360 1238 ποταμὸν
1399 1183 1473 1225 σὺν
1504 1189 1565 1238 τῷ
1596 1185 1707 1226 ἔθνει
1737 1186 1857 1226 παντὶ

362 1250 433 1292 καὶ
471 1250 545 1306 τὴν
577 1250 793 1306 Ῥωμαΐδα
831 1252 979 1306 χώραν
1016 1252 1270 1307 καταλαβὼν
1306 1252 1355 1293 τὰ
1395 1253 1439 1294 ἓν
1474 1253 1597 1294 ποσὶν
1636 1253 1855 1308 ἕκεράϊζεν.

304 1319 387 1361 136
421 1319 468 1361 δέ
498 1335 543 1374 γε
573 1319 765 1374 βασιλεὺς
795 1323 916 1362 τοῦτο
947 1320 1107 1375 μαθὼν
1138 1320 1328 1375 στρατιὰν
1360 1321 1505 1362 αὐτίκα
1537 1326 1598 1375 τῷ
1618 1326 1690 1376 τῆς
1710 1323 1856 1376 χώρας
1872 1329 1917 1364 15

304 1394 349 1429 14
363 1388 531 1442 ἄρχοντι
561 1388 633 1430 καὶ
662 1393 723 1443 τῷ
755 1389 915 1445 Κεγένῃ
949 1389 1174 1443 ἐπίκουρον
1205 1391 1404 1444 ἔπεμψεν.
1467 1390 1507 1431 οἱ
1536 1391 1675 1445 μέντοι
1700 1391 1854 1441 Πατζι-

319 1457 486 1498 Ονάκαι
507 1460 682 1512 τροφῶν
703 1458 916 1511 ἀφθονίαν
938 1458 1127 1512 εὑρόντες
1148 1458 1219 1499 καὶ
1242 1460 1356 1500 οἴνου
1382 1459 1453 1500 καὶ
1483 1459 1622 1501 ἄλλων
1652 1461 1856 1515 πομάτων

362 1525 683 1580 ἐσκευασμένων
704 1527 752 1568 ἔκ
772 1527 935 1581 μέλιτος
956 1527 1027 1568 καὶ
1047 1527 1140 1582 περὶ
1161 1531 1287 1568 ταῦτα
1310 1528 1699 1582 ἀπληστευσάμενοι,
1731 1531 1855 1585 νοσή-

303 1600 348 1635 15
359 1610 457 1649 ματι
495 1595 699 1649 κοιλιακῷ
734 1597 990 1651 περιέπεσον.
1054 1597 1124 1637 καὶ
1162 1600 1282 1638 τοῦτο
1320 1597 1365 1645 ἒξ
1402 1597 1640 1652 αὐτομόλου
1678 1598 1802 1653 γνοὺς
1832 1599 1856 1641 ὁ

362 1724 408 1759 10
431 1723 511 1770 περὶ
536 1729 596 1770 τῆς
621 1729 691 1761 τῶν
715 1725 844 1771 ἑτέρων
868 1726 1029 1762 Σκυθῶν
1055 1726 1268 1766 ἕπελεύσεως
1293 1726 1352 1762 καὶ
1378 1728 1474 1767 ὅπως
1499 1727 1656 1764 ἑάλωσαν
1682 1727 1711 1764 C

430 1843 455 1878 4
478 1845 665 1889 παρίστρια
679 1844 846 1891 prDi,
872 1845 1010 1892 πά]τρια
1025 1845 1059 1881 Α
1157 1846 1179 1881 5
1201 1847 1368 1893 πρεσβιάν
1386 1847 1427 1891 Ε,
1456 1858 1556 1883 corr.
1577 1848 1639 1886 Ew
1736 1847 1758 1884 7
1783 1862 1855 1884 κω-

430 1892 517 1937 λύση
545 1893 671 1938 E(Wp)
813 1894 835 1929 8
861 1897 952 1939 post
975 1896 1104 1939 πρόςφ.
1132 1895 1224 1930 add.
1250 1895 1378 1940 ἠπείλει
1407 1895 1504 1940 pr
1638 1895 1728 1937 ἕξειν
1754 1896 1852 1942 pr

431 1940 453 1974 9
478 1941 689 1985 γενήσεσθαι
715 1940 813 1987 pr
913 1942 958 1976 10
982 1943 1138 1977 κωλύσω
1164 1941 1249 1987 AD,
1280 1943 1436 1978 κωλύσαι
1462 1943 1560 1988 pr
1658 1944 1852 1988 ἀμύνεσθαι

432 1987 468 2022 D
556 1988 598 2022 11
625 1993 695 2023 τῶν
714 1999 789 2024 om.
805 1988 872 2024 CD
961 1990 1004 2025 13
1030 1991 1302 2034 κεκρυστάλωτο
1315 1990 1396 2035 AR,
1424 1991 1713 2035 κεκρυστάλλωτο
1731 1991 1853 2036 wpDz'

433 2035 479 2069 14
503 2035 728 2080 κατειληφὼς
753 2036 851 2082 pr
951 2037 994 2071 16
1020 2038 1178 2083 ἔπεμψεν
1196 2037 1381 2083 stpDz'‚
1407 2039 1545 2083 ἔπεμψε
1563 2038 1609 2082 A,
1637 2050 1673 2074 V.
1689 2039 1740 2074 ad
1756 2039 1852 2074 XIII

431 2082 464 2126 1,
482 2082 504 2118 5
601 2084 645 2118 17
673 2086 766 2118 ante
792 2098 896 2129 τροφ.
923 2085 1015 2120 add.
1041 2085 1101 2121 καὶ
1128 2085 1158 2119 Β
1254 2086 1423 2131 πομάτων
1440 2086 1509 2121 AO
1529 2085 1850 2132 Ced1·.(Scylitz.)

431 2130 469 2164 II
495 2141 532 2176 p.
558 2131 637 2175 586,
667 2132 721 2176 11,
746 2133 905 2176 ποτίμων
931 2132 1027 2178 Ewp

359 2243 540 2286 spectum
567 2242 676 2287 regis
701 2243 813 2278 venit
840 2245 879 2278 et
904 2243 1072 2278 salutari
1098 2243 1338 2289 baptismate
1364 2244 1544 2280 initiatus
1570 2245 1762 2290 patricius
1789 2248 1851 2281 est

323 2288 585 2334 Sappellatus
603 2290 768 2335 suisque
787 2289 946 2336 Scythis
966 2292 1177 2336 persuasit,
1204 2294 1248 2326 ut
1269 2294 1308 2327 et
1325 2292 1401 2336 ipsi
1428 2292 1565 2327 divino
1592 2293 1658 2328 illo
1685 2293 1849 2328 lavaero

323 2336 631 2372 9abluerentur.
683 2337 782 2372 Cum
809 2348 908 2373 vero
932 2339 974 2373 in
1000 2339 1096 2384 ripis
1122 2339 1213 2373 Istri
1239 2340 1386 2374 stativa
1417 2339 1583 2374 haberet
1615 2343 1654 2375 et
1686 2341 1849 2376 flumine

300 2383 347 2418 10
359 2384 492 2419 subito
519 2385 686 2420 traiecto
705 2384 928 2430 Tyrachios
955 2387 1147 2422 caedibus
1166 2389 1204 2421 et
1222 2387 1374 2432 rapinis
1392 2387 1611 2431 infestaret,
1639 2387 1848 2432 Tyraehus

358 2441 432 2476 per
457 2431 614 2477 legatos
641 2442 731 2467 cum
757 2443 857 2479 rege
876 2434 927 2468 ob
942 2435 1196 2478 transfugam
1216 2438 1445 2479 susceptum
1468 2435 1708 2480 expostulat,
1728 2446 1847 2481 quem

300 2478 342 2512 11
358 2479 435 2514 nisi
461 2482 678 2522 coerceret,
716 2482 839 2515 totam
867 2483 1030 2526 gentem
1055 2482 1110 2516 illi
1141 2483 1228 2516 fore
1254 2482 1418 2517 hostem.
1468 2481 1531 2516 Ad
1558 2492 1605 2517 ea
1631 2483 1848 2528 respondet

358 2527 577 2572 imperator
608 2537 651 2562 se
677 2537 811 2573 neque
838 2528 1068 2564 dediticium
1097 2529 1350 2574 proditurum
1381 2539 1513 2574 neque
1539 2530 1847 2575 prohibiturum,

300 2573 346 2608 12
359 2575 573 2618 quominus
594 2575 850 2611 insidiatores
867 2576 1138 2611 ulcisceretur.
1189 2576 1342 2618 Quibus
1359 2577 1509 2612 nuntiis
1528 2579 1702 2623 acceptis
1725 2578 1848 2623 Tyra-

359 2621 469 2664 ehus,
508 2632 598 2656 cum
624 2622 725 2658 Ister
756 2623 924 2659 hiberno
958 2627 1137 2669 tempore
1167 2627 1274 2659 totus
1307 2625 1609 2669 conglaciasset‚
1647 2635 1737 2660 eum
1763 2630 1847 2661 tota

357 2671 480 2714 gente
507 2670 679 2714 pedibus
705 2670 854 2706 flumen
879 2671 1036 2706 transiit
1053 2671 1318 2716 Romanaque
1336 2672 1545 2716 provincia
1565 2676 1762 2718 occupata
1781 2674 1847 2708 ob-

299 2716 344 2751 13
358 2717 425 2751 via
451 2726 638 2762 quaeque
664 2718 865 2752 vastabat.
915 2717 994 2754 Sed
1019 2729 1092 2754 rex
1119 2720 1340 2754 exercitum
1361 2720 1594 2764 provinciae
1613 2721 1788 2765 praesidi
1807 2725 1846 2756 et

299 2763 344 2798 14
358 2763 509 2809 Cegeni
535 2765 669 2799 statim
695 2765 875 2800 subsidio
900 2766 1030 2801 mittit.
1079 2766 1323 2801 Patzinacae
1340 2776 1448 2810 vem,
1477 2777 1566 2801 eum
1594 2778 1780 2802 annonae
1807 2773 1845 2803 et

356 2811 441 2846 vini
473 2814 512 2847 et
544 2812 714 2847 aliarum
746 2813 965 2858 potionum,
1006 2824 1111 2859 quae
1143 2824 1194 2849 ex
1225 2814 1340 2849 melle
1370 2814 1648 2858 conficiuntur,
1688 2816 1844 2860 copiam

356 2859 605 2894 invenissent
630 2862 669 2894 et
694 2861 742 2895 iis
768 2860 889 2895 avide
914 2871 957 2896 se
982 2861 1314 2907 ingurgitassent,
1346 2863 1386 2896 in
1414 2862 1633 2897 coeliaeum
1660 2863 1843 2898 morbum

298 2905 343 2940 15
356 2906 594 2942 inciderunt.
646 2907 733 2949 Quo
761 2906 944 2953 Cegenes
970 2918 992 2943 e
1017 2909 1231 2955 transfuga
1266 2909 1428 2954 cognito
1455 2909 1645 2945 Romanis
1682 2920 1844 2956 quoque
