<?xml version="1.0" encoding="UTF-8"?>
<!DOCTYPE html PUBLIC "-//W3C//DTD XHTML 1.0 Transitional//EN"
    "http://www.w3.org/TR/xhtml1/DTD/xhtml1-transitional.dtd">
<html xmlns="http://www.w3.org/1999/xhtml" xml:lang="en" lang="en">
 <head>
  <title>
</title>
<meta http-equiv="Content-Type" content="text/html;charset=utf-8" />
  <meta name='ocr-system' content='tesseract 3.04.00' />
  <meta name='ocr-capabilities' content='ocr_page ocr_carea ocr_par ocr_line ocrx_word'/>
</head>
<body>
  <div class='ocr_page' id='page_1' title='image "./corpusscriptorum31niebuoft/corpusscriptorum31niebuoft_0042.png"; bbox 0 0 1968 3302; ppageno 0'>
   <div class='ocr_carea' id='block_1_1' title="bbox 321 204 1424 258">
    <p class='ocr_par' dir='ltr' id='par_1_1' title="bbox 321 204 1424 258">
     <span class='ocr_line' id='line_1_1' title="bbox 321 204 1424 258; baseline -0.001 -7"><span class='ocrx_word' id='word_1_1' title='bbox 321 212 365 251; x_wconf 87' lang='grc'><em>16</em></span> <span class='ocrx_word' id='word_1_2' title='bbox 723 205 904 251; x_wconf 74' lang='lat' dir='ltr'><strong>ZONAR.</strong></span> <span class='ocrx_word' id='word_1_3' title='bbox 933 205 1062 249; x_wconf 77' lang='grc' dir='ltr'>ΕΡΙΤ.</span> <span class='ocrx_word' id='word_1_4' title='bbox 1090 204 1186 249; x_wconf 82' lang='lat' dir='ltr'>XIII</span> <span class='ocrx_word' id='word_1_5' title='bbox 1212 210 1245 258; x_wconf 85' lang='lat'><em>3,</em></span> <span class='ocrx_word' id='word_1_6' title='bbox 1275 206 1424 251; x_wconf 75' lang='lat'>11-2&#39;3.</span> 
     </span>
    </p>
   </div>
   <div class='ocr_carea' id='block_1_2' title="bbox 259 335 1968 1491">
    <p class='ocr_par' dir='ltr' id='par_1_2' title="bbox 262 335 1859 667">
     <span class='ocr_line' id='line_1_2' title="bbox 262 335 1822 392; baseline 0.002 -13"><span class='ocrx_word' id='word_1_7' title='bbox 262 345 306 380; x_wconf 80' lang='lat'><em>12</em></span> <span class='ocrx_word' id='word_1_8' title='bbox 318 337 390 379; x_wconf 85' lang='grc' dir='ltr'><em>καὶ</em></span> <span class='ocrx_word' id='word_1_9' title='bbox 421 337 591 392; x_wconf 78' lang='grc' dir='ltr'><em>ἀνδρῶν</em></span> <span class='ocrx_word' id='word_1_10' title='bbox 623 336 871 392; x_wconf 77' lang='grc' dir='ltr'><em>γενναιότητι</em></span> <span class='ocrx_word' id='word_1_11' title='bbox 908 335 979 377; x_wconf 82' lang='grc' dir='ltr'><em>καὶ</em></span> <span class='ocrx_word' id='word_1_12' title='bbox 1015 338 1163 390; x_wconf 81' lang='grc' dir='ltr'><strong><em>τειχῶν</em></strong></span> <span class='ocrx_word' id='word_1_13' title='bbox 1201 335 1458 392; x_wconf 79' lang='grc' dir='ltr'><em>ἐρυμνότητι,</em></span> <span class='ocrx_word' id='word_1_14' title='bbox 1507 338 1578 380; x_wconf 83' lang='grc' dir='ltr'><em>καὶ</em></span> <span class='ocrx_word' id='word_1_15' title='bbox 1621 339 1822 382; x_wconf 78' lang='grc' dir='ltr'><em>τοσοῦτον</em></span> 
     </span>
     <span class='ocr_line' id='line_1_3' title="bbox 319 404 1823 462; baseline 0.002 -15"><span class='ocrx_word' id='word_1_16' title='bbox 319 406 381 452; x_wconf 86' lang='grc' dir='ltr'><em>ὡς</em></span> <span class='ocrx_word' id='word_1_17' title='bbox 412 405 478 447; x_wconf 80' lang='grc' dir='ltr'><em>ἐπὶ</em></span> <span class='ocrx_word' id='word_1_18' title='bbox 508 409 614 460; x_wconf 88' lang='grc' dir='ltr'><em>τρεῖς</em></span> <span class='ocrx_word' id='word_1_19' title='bbox 645 404 857 451; x_wconf 76' lang='grc' dir='ltr'><em>ἐνιαυτοὺς</em></span> <span class='ocrx_word' id='word_1_20' title='bbox 888 405 953 446; x_wconf 76' lang='grc' dir='ltr'><em>ἐπὶ</em></span> <span class='ocrx_word' id='word_1_21' title='bbox 984 405 1182 459; x_wconf 79' lang='grc' dir='ltr'><em>Σευῆρου</em></span> <span class='ocrx_word' id='word_1_22' title='bbox 1214 409 1287 446; x_wconf 86' lang='grc' dir='ltr'><em>τοῦ</em></span> <span class='ocrx_word' id='word_1_23' title='bbox 1325 406 1369 447; x_wconf 81' lang='grc' dir='ltr'><em>ἓν</em></span> <span class='ocrx_word' id='word_1_24' title='bbox 1395 406 1538 462; x_wconf 82' lang='grc' dir='ltr'><em>Ῥώμῃ</em></span> <span class='ocrx_word' id='word_1_25' title='bbox 1577 412 1627 462; x_wconf 87' lang='grc' dir='ltr'><em>τῇ</em></span> <span class='ocrx_word' id='word_1_26' title='bbox 1663 407 1823 462; x_wconf 81' lang='grc' dir='ltr'><strong><em>παλαιᾷ</em></strong></span> 
     </span>
     <span class='ocr_line' id='line_1_4' title="bbox 317 473 1821 531; baseline 0.002 -16"><span class='ocrx_word' id='word_1_27' title='bbox 317 474 636 530; x_wconf 81' lang='grc' dir='ltr'><em>βασιλεύσαντος</em></span> <span class='ocrx_word' id='word_1_28' title='bbox 665 473 782 527; x_wconf 88' lang='grc' dir='ltr'><em>παρὰ</em></span> <span class='ocrx_word' id='word_1_29' title='bbox 810 473 1034 528; x_wconf 82' lang='grc' dir='ltr'><em>Ῥωμαίων</em></span> <span class='ocrx_word' id='word_1_30' title='bbox 1069 473 1384 527; x_wconf 76' lang='grc' dir='ltr'><em>πολιορκεῖσθαι</em></span> <span class='ocrx_word' id='word_1_31' title='bbox 1421 475 1492 516; x_wconf 81' lang='grc' dir='ltr'><em>καὶ</em></span> <span class='ocrx_word' id='word_1_32' title='bbox 1531 475 1664 517; x_wconf 86' lang='grc' dir='ltr'><em>πολλὰ</em></span> <span class='ocrx_word' id='word_1_33' title='bbox 1701 475 1821 531; x_wconf 86' lang='grc' dir='ltr'><em>παρὰ</em></span> 
     </span>
     <span class='ocr_line' id='line_1_5' title="bbox 317 542 1820 599; baseline 0.001 -15"><span class='ocrx_word' id='word_1_34' title='bbox 317 546 403 585; x_wconf 84' lang='grc' dir='ltr'><em>τῶν</em></span> <span class='ocrx_word' id='word_1_35' title='bbox 433 543 807 597; x_wconf 81' lang='grc' dir='ltr'><em>πολιορκουμένων</em></span> <span class='ocrx_word' id='word_1_36' title='bbox 839 543 1066 596; x_wconf 76' lang='grc' dir='ltr'><em>ὑποστῆναι</em></span> <span class='ocrx_word' id='word_1_37' title='bbox 1098 542 1265 596; x_wconf 72' lang='grc' dir='ltr'><em>αὐτούς,</em></span> <span class='ocrx_word' id='word_1_38' title='bbox 1303 542 1364 588; x_wconf 82' lang='grc' dir='ltr'><em>ὡς</em></span> <span class='ocrx_word' id='word_1_39' title='bbox 1396 543 1440 584; x_wconf 81' lang='grc' dir='ltr'><em>ἓν</em></span> <span class='ocrx_word' id='word_1_40' title='bbox 1470 547 1555 590; x_wconf 86' lang='grc' dir='ltr'><em>τοῖς</em></span> <span class='ocrx_word' id='word_1_41' title='bbox 1585 543 1680 599; x_wconf 85' lang='grc' dir='ltr'><em>περὶ</em></span> <span class='ocrx_word' id='word_1_42' title='bbox 1711 544 1820 586; x_wconf 91' lang='grc' dir='ltr'><em>Σευ-</em></span> 
     </span>
     <span class='ocr_line' id='line_1_6' title="bbox 318 611 1859 667; baseline -0.004 -14"><span class='ocrx_word' id='word_1_43' title='bbox 318 613 426 667; x_wconf 85' lang='grc' dir='ltr'><em>ήρου</em></span> <span class='ocrx_word' id='word_1_44' title='bbox 457 627 531 665; x_wconf 93' lang='grc' dir='ltr'><em>μοι</em></span> <span class='ocrx_word' id='word_1_45' title='bbox 562 611 866 665; x_wconf 78' lang='grc' dir='ltr'><em>προϊστόρηται.</em></span> <span class='ocrx_word' id='word_1_46' title='bbox 1834 618 1859 655; x_wconf 81' lang='lat'>5</span> 
     </span>
    </p>

    <p class='ocr_par' dir='ltr' id='par_1_3' title="bbox 260 678 1822 736">
     <span class='ocr_line' id='line_1_7' title="bbox 260 678 1822 736; baseline 0.002 -16"><span class='ocrx_word' id='word_1_47' title='bbox 260 690 305 724; x_wconf 80' lang='lat'><em>13</em></span> <span class='ocrx_word' id='word_1_48' title='bbox 437 679 545 734; x_wconf 84' lang='grc' dir='ltr'><em>ΙῙερὶ</em></span> <span class='ocrx_word' id='word_1_49' title='bbox 594 680 638 722; x_wconf 82' lang='grc' dir='ltr'><em>ὁὲ</em></span> <span class='ocrx_word' id='word_1_50' title='bbox 685 683 756 734; x_wconf 83' lang='grc' dir='ltr'><em>τῆς</em></span> <span class='ocrx_word' id='word_1_51' title='bbox 802 682 886 719; x_wconf 84' lang='grc' dir='ltr'><em>τῶν</em></span> <span class='ocrx_word' id='word_1_52' title='bbox 933 678 1180 727; x_wconf 77' lang='grc' dir='ltr'><em>Βυζαντίων</em></span> <span class='ocrx_word' id='word_1_53' title='bbox 1227 679 1450 733; x_wconf 79' lang='grc' dir='ltr'><em>δυνάμεως</em></span> <span class='ocrx_word' id='word_1_54' title='bbox 1496 680 1568 722; x_wconf 85' lang='grc' dir='ltr'><em>καὶ</em></span> <span class='ocrx_word' id='word_1_55' title='bbox 1613 685 1686 736; x_wconf 87' lang='grc' dir='ltr'><em>τῆς</em></span> <span class='ocrx_word' id='word_1_56' title='bbox 1734 685 1822 723; x_wconf 84' lang='grc' dir='ltr'><em>τῶν</em></span> 
     </span>
    </p>

    <p class='ocr_par' dir='ltr' id='par_1_4' title="bbox 272 747 1818 805">
     <span class='ocr_line' id='line_1_8' title="bbox 272 747 1818 805; baseline 0.001 -14"><span class='ocrx_word' id='word_1_57' title='bbox 272 752 464 803; x_wconf 86' lang='grc' dir='ltr'><em>Βτειχῶν</em></span> <span class='ocrx_word' id='word_1_58' title='bbox 503 748 757 802; x_wconf 82' lang='grc' dir='ltr'><em>ὀχυρότητος</em></span> <span class='ocrx_word' id='word_1_59' title='bbox 793 750 918 788; x_wconf 84' lang='grc' dir='ltr'><em>ταῦτα</em></span> <span class='ocrx_word' id='word_1_60' title='bbox 952 747 975 787; x_wconf 87' lang='grc' dir='ltr'>ὁ</span> <span class='ocrx_word' id='word_1_61' title='bbox 1009 747 1122 788; x_wconf 86' lang='grc' dir='ltr'><em>Δίων</em></span> <span class='ocrx_word' id='word_1_62' title='bbox 1154 747 1197 788; x_wconf 78' lang='grc' dir='ltr'><em>ἓν</em></span> <span class='ocrx_word' id='word_1_63' title='bbox 1226 751 1312 794; x_wconf 88' lang='grc' dir='ltr'><em>τοῖς</em></span> <span class='ocrx_word' id='word_1_64' title='bbox 1342 748 1437 803; x_wconf 86' lang='grc' dir='ltr'><em>περὶ</em></span> <span class='ocrx_word' id='word_1_65' title='bbox 1467 749 1665 805; x_wconf 85' lang='grc' dir='ltr'><em>Σευήρου</em></span> <span class='ocrx_word' id='word_1_66' title='bbox 1697 750 1818 805; x_wconf 82' lang='grc' dir='ltr'><em>φησί·</em></span> 
     </span>
    </p>

    <p class='ocr_par' dir='ltr' id='par_1_5' title="bbox 261 815 1880 1079">
     <span class='ocr_line' id='line_1_9' title="bbox 261 815 1819 873; baseline -0.001 -12"><span class='ocrx_word' id='word_1_67' title='bbox 261 817 479 871; x_wconf 84' lang='grc' dir='ltr'><em>14“Τείχη</em></span> <span class='ocrx_word' id='word_1_68' title='bbox 521 817 566 858; x_wconf 78' lang='grc' dir='ltr'><em>δὲ</em></span> <span class='ocrx_word' id='word_1_69' title='bbox 609 816 655 857; x_wconf 87' lang='grc' dir='ltr'><em>τὸ</em></span> <span class='ocrx_word' id='word_1_70' title='bbox 688 816 918 864; x_wconf 80' lang='grc' dir='ltr'><em>Βυζάντιον</em></span> <span class='ocrx_word' id='word_1_71' title='bbox 962 816 1257 870; x_wconf 81' lang='grc' dir='ltr'><em>καρτερώτατα</em></span> <span class='ocrx_word' id='word_1_72' title='bbox 1296 815 1417 871; x_wconf 85' lang='grc' dir='ltr'><em>εἶχεν·</em></span> <span class='ocrx_word' id='word_1_73' title='bbox 1463 818 1489 858; x_wconf 85' lang='grc' dir='ltr'><strong><em>ὅ</em></strong></span> <span class='ocrx_word' id='word_1_74' title='bbox 1524 835 1566 859; x_wconf 88' lang='grc' dir='ltr'><em>τε</em></span> <span class='ocrx_word' id='word_1_75' title='bbox 1606 817 1686 873; x_wconf 84' lang='grc' dir='ltr'><em>γὰρ</em></span> <span class='ocrx_word' id='word_1_76' title='bbox 1724 819 1819 861; x_wconf 72' lang='grc' dir='ltr'><em>θώ-</em></span> 
     </span>
     <span class='ocr_line' id='line_1_10' title="bbox 318 884 1820 941; baseline 0.002 -15"><span class='ocrx_word' id='word_1_77' title='bbox 318 887 399 940; x_wconf 83' lang='grc' dir='ltr'><em>ραξ</em></span> <span class='ocrx_word' id='word_1_78' title='bbox 442 886 582 926; x_wconf 78' lang='grc' dir='ltr'><em>αὐτῶν</em></span> <span class='ocrx_word' id='word_1_79' title='bbox 626 885 758 930; x_wconf 75' lang='grc' dir='ltr'><em>λίθοις</em></span> <span class='ocrx_word' id='word_1_80' title='bbox 800 884 1064 938; x_wconf 83' lang='grc' dir='ltr'><em>τετραπέὸοις</em></span> <span class='ocrx_word' id='word_1_81' title='bbox 1112 886 1262 939; x_wconf 86' lang='grc' dir='ltr'><em>παχέσι</em></span> <span class='ocrx_word' id='word_1_82' title='bbox 1312 886 1647 941; x_wconf 78' lang='grc' dir='ltr'><em>συνῳκοδόμητο</em></span> <span class='ocrx_word' id='word_1_83' title='bbox 1697 887 1820 936; x_wconf 82' lang='grc' dir='ltr'><em>πλαξὶ</em></span> 
     </span>
     <span class='ocr_line' id='line_1_11' title="bbox 317 953 1880 1010; baseline 0.003 -16"><span class='ocrx_word' id='word_1_84' title='bbox 317 954 491 1008; x_wconf 81' lang='grc' dir='ltr'><em>χαλκαῖς</em></span> <span class='ocrx_word' id='word_1_85' title='bbox 535 953 844 1007; x_wconf 74' lang='grc' dir='ltr'><em>συνὸουμένοις,</em></span> <span class='ocrx_word' id='word_1_86' title='bbox 889 953 960 994; x_wconf 79' lang='grc' dir='ltr'><em>καὶ</em></span> <span class='ocrx_word' id='word_1_87' title='bbox 1003 953 1051 994; x_wconf 86' lang='grc' dir='ltr'><em>τὰ</em></span> <span class='ocrx_word' id='word_1_88' title='bbox 1097 954 1211 1000; x_wconf 77' lang='grc' dir='ltr'><em>ἐντὸς</em></span> <span class='ocrx_word' id='word_1_89' title='bbox 1255 955 1395 996; x_wconf 67' lang='grc' dir='ltr'><em>αὐτῶν</em></span> <span class='ocrx_word' id='word_1_90' title='bbox 1434 955 1505 996; x_wconf 82' lang='grc' dir='ltr'><em>καὶ</em></span> <span class='ocrx_word' id='word_1_91' title='bbox 1542 957 1711 1010; x_wconf 86' lang='grc' dir='ltr'><em>χώμασι</em></span> <span class='ocrx_word' id='word_1_92' title='bbox 1748 956 1819 999; x_wconf 86' lang='grc' dir='ltr'><em>καὶ</em></span> <span class='ocrx_word' id='word_1_93' title='bbox 1834 963 1880 998; x_wconf 94' lang='grc'><strong>10</strong></span> 
     </span>
     <span class='ocr_line' id='line_1_12' title="bbox 318 1022 1819 1079; baseline 0.001 -15"><span class='ocrx_word' id='word_1_94' title='bbox 318 1023 653 1077; x_wconf 61' lang='grc' dir='ltr'><em>οἰκοδομήΙιιασιν</em></span> <span class='ocrx_word' id='word_1_95' title='bbox 698 1023 921 1076; x_wconf 74' lang='grc' dir='ltr'><em>ὠχύρωτο,</em></span> <span class='ocrx_word' id='word_1_96' title='bbox 967 1023 1074 1064; x_wconf 83' lang='grc' dir='ltr'><em>ὥστε</em></span> <span class='ocrx_word' id='word_1_97' title='bbox 1117 1022 1188 1064; x_wconf 83' lang='grc' dir='ltr'><em>καὶ</em></span> <span class='ocrx_word' id='word_1_98' title='bbox 1231 1024 1276 1064; x_wconf 81' lang='grc' dir='ltr'><em>ἓν</em></span> <span class='ocrx_word' id='word_1_99' title='bbox 1319 1028 1451 1078; x_wconf 84' lang='grc' dir='ltr'><em>τεῖχος</em></span> <span class='ocrx_word' id='word_1_100' title='bbox 1493 1024 1607 1079; x_wconf 83' lang='grc' dir='ltr'><em>παχὺ</em></span> <span class='ocrx_word' id='word_1_101' title='bbox 1652 1025 1698 1066; x_wconf 85' lang='grc' dir='ltr'><em>τὸ</em></span> <span class='ocrx_word' id='word_1_102' title='bbox 1734 1029 1819 1067; x_wconf 87' lang='grc' dir='ltr'><em>πᾶν</em></span> 
     </span>
    </p>

    <p class='ocr_par' dir='ltr' id='par_1_6' title="bbox 259 1091 1968 1491">
     <span class='ocr_line' id='line_1_13' title="bbox 261 1091 1817 1146; baseline 0.002 -14"><span class='ocrx_word' id='word_1_103' title='bbox 261 1091 418 1138; x_wconf 78' lang='grc' dir='ltr'><em>15εἶναι</em></span> <span class='ocrx_word' id='word_1_104' title='bbox 463 1092 611 1133; x_wconf 78' lang='grc' dir='ltr'><em>δοκεῖν.</em></span> <span class='ocrx_word' id='word_1_105' title='bbox 674 1091 827 1145; x_wconf 72' lang='grc' dir='ltr'><em>πύργοι</em></span> <span class='ocrx_word' id='word_1_106' title='bbox 869 1107 910 1132; x_wconf 88' lang='grc' dir='ltr'><em>τε</em></span> <span class='ocrx_word' id='word_1_107' title='bbox 953 1091 1098 1132; x_wconf 85' lang='grc' dir='ltr'><em>πολλοὶ</em></span> <span class='ocrx_word' id='word_1_108' title='bbox 1141 1092 1212 1132; x_wconf 82' lang='grc' dir='ltr'><em>καὶ</em></span> <span class='ocrx_word' id='word_1_109' title='bbox 1254 1092 1427 1146; x_wconf 79' lang='grc' dir='ltr'><em>μεγάλοι</em></span> <span class='ocrx_word' id='word_1_110' title='bbox 1471 1094 1554 1140; x_wconf 76' lang='grc' dir='ltr'><em>ἔξω</em></span> <span class='ocrx_word' id='word_1_111' title='bbox 1599 1109 1641 1134; x_wconf 83' lang='grc' dir='ltr'><em>τε</em></span> <span class='ocrx_word' id='word_1_112' title='bbox 1685 1094 1817 1136; x_wconf 80' lang='grc' dir='ltr'><em>ἐκκεί-</em></span> 
     </span>
     <span class='ocr_line' id='line_1_14' title="bbox 259 1160 1818 1216; baseline 0.001 -14"><span class='ocrx_word' id='word_1_113' title='bbox 259 1172 435 1215; x_wconf 83' lang='grc' dir='ltr'><em>16μενοι</em></span> <span class='ocrx_word' id='word_1_114' title='bbox 474 1161 545 1201; x_wconf 78' lang='grc' dir='ltr'><em>καὶ</em></span> <span class='ocrx_word' id='word_1_115' title='bbox 583 1161 764 1215; x_wconf 75' lang='grc' dir='ltr'><em>θυρίδας</em></span> <span class='ocrx_word' id='word_1_116' title='bbox 806 1161 925 1214; x_wconf 73' lang='grc' dir='ltr'><em>πέριξ</em></span> <span class='ocrx_word' id='word_1_117' title='bbox 969 1160 1226 1215; x_wconf 75' lang='grc' dir='ltr'><em>ἐπαλλήλους</em></span> <span class='ocrx_word' id='word_1_118' title='bbox 1270 1162 1433 1215; x_wconf 75' lang='grc' dir='ltr'><em>ἔχοντες</em></span> <span class='ocrx_word' id='word_1_119' title='bbox 1476 1161 1593 1216; x_wconf 82' lang='grc' dir='ltr'><em>ἦσαν.</em></span> <span class='ocrx_word' id='word_1_120' title='bbox 1655 1163 1727 1204; x_wconf 83' lang='grc' dir='ltr'><em>καὶ</em></span> <span class='ocrx_word' id='word_1_121' title='bbox 1768 1163 1818 1204; x_wconf 88' lang='grc' dir='ltr'><em>τὰ</em></span> 
     </span>
     <span class='ocr_line' id='line_1_15' title="bbox 316 1229 1819 1286; baseline 0.001 -14"><span class='ocrx_word' id='word_1_122' title='bbox 316 1230 394 1284; x_wconf 86' lang='grc' dir='ltr'><em>μὲν</em></span> <span class='ocrx_word' id='word_1_123' title='bbox 423 1229 533 1284; x_wconf 83' lang='grc' dir='ltr'><em>πρὸς</em></span> <span class='ocrx_word' id='word_1_124' title='bbox 563 1229 637 1283; x_wconf 79' lang='grc' dir='ltr'><em>τὴν</em></span> <span class='ocrx_word' id='word_1_125' title='bbox 669 1231 841 1284; x_wconf 81' lang='grc' dir='ltr'><em>ἤπειρον</em></span> <span class='ocrx_word' id='word_1_126' title='bbox 872 1230 981 1284; x_wconf 84' lang='grc' dir='ltr'><em>τείχη</em></span> <span class='ocrx_word' id='word_1_127' title='bbox 1015 1230 1057 1275; x_wconf 79' lang='grc' dir='ltr'><em>ἒς</em></span> <span class='ocrx_word' id='word_1_128' title='bbox 1087 1231 1195 1283; x_wconf 73' lang='grc' dir='ltr'><em>μέγα</em></span> <span class='ocrx_word' id='word_1_129' title='bbox 1236 1230 1349 1284; x_wconf 74' lang='grc' dir='ltr'><em>ὕψος</em></span> <span class='ocrx_word' id='word_1_130' title='bbox 1385 1229 1501 1285; x_wconf 77' lang='grc' dir='ltr'><em>ἦρτο,</em></span> <span class='ocrx_word' id='word_1_131' title='bbox 1541 1231 1589 1272; x_wconf 82' lang='grc' dir='ltr'><em>τὰ</em></span> <span class='ocrx_word' id='word_1_132' title='bbox 1628 1231 1674 1273; x_wconf 75' lang='grc' dir='ltr'><em>δὲ</em></span> <span class='ocrx_word' id='word_1_133' title='bbox 1710 1231 1819 1286; x_wconf 88' lang='grc' dir='ltr'><em>πρὸς</em></span> 
     </span>
     <span class='ocr_line' id='line_1_16' title="bbox 317 1297 1878 1356; baseline 0.002 -17"><span class='ocrx_word' id='word_1_134' title='bbox 317 1298 536 1340; x_wconf 71' lang='grc' dir='ltr'><em>θάλασσαν</em></span> <span class='ocrx_word' id='word_1_135' title='bbox 569 1297 689 1353; x_wconf 82' lang='grc' dir='ltr'><em>ἧττον</em></span> <span class='ocrx_word' id='word_1_136' title='bbox 723 1299 898 1351; x_wconf 60' lang='lat' dir='ltr'><em>fumoso,</em></span> <span class='ocrx_word' id='word_1_137' title='bbox 932 1299 1042 1339; x_wconf 81' lang='grc' dir='ltr'><em>οἵτε</em></span> <span class='ocrx_word' id='word_1_138' title='bbox 1073 1299 1232 1352; x_wconf 80' lang='grc' dir='ltr'><em>λιμένες</em></span> <span class='ocrx_word' id='word_1_139' title='bbox 1264 1299 1378 1345; x_wconf 75' lang='grc' dir='ltr'><em>ἐντὸς</em></span> <span class='ocrx_word' id='word_1_140' title='bbox 1405 1301 1564 1354; x_wconf 82' lang='grc' dir='ltr'><em>τείχους</em></span> <span class='ocrx_word' id='word_1_141' title='bbox 1586 1300 1817 1356; x_wconf 81' lang='grc' dir='ltr'><em>ἀμφότεροι</em></span> <span class='ocrx_word' id='word_1_142' title='bbox 1833 1306 1878 1342; x_wconf 78' lang='lat'><em>15</em></span> 
     </span>
     <span class='ocr_line' id='line_1_17' title="bbox 317 1367 1968 1424; baseline 0.004 -17"><span class='ocrx_word' id='word_1_143' title='bbox 317 1367 491 1408; x_wconf 83' lang='grc' dir='ltr'><em>κλειστοὶ</em></span> <span class='ocrx_word' id='word_1_144' title='bbox 531 1367 721 1408; x_wconf 81' lang='grc' dir='ltr'><em>ἁλύσεσιν</em></span> <span class='ocrx_word' id='word_1_145' title='bbox 759 1367 866 1421; x_wconf 79' lang='grc' dir='ltr'><em>ἦσαν</em></span> <span class='ocrx_word' id='word_1_146' title='bbox 897 1367 968 1408; x_wconf 79' lang='grc' dir='ltr'><em>καὶ</em></span> <span class='ocrx_word' id='word_1_147' title='bbox 1000 1369 1043 1408; x_wconf 84' lang='grc' dir='ltr'><em>αῖ</em></span> <span class='ocrx_word' id='word_1_148' title='bbox 1073 1368 1195 1422; x_wconf 77' lang='grc' dir='ltr'><em>χηλαὶ</em></span> <span class='ocrx_word' id='word_1_149' title='bbox 1227 1369 1367 1409; x_wconf 72' lang='grc' dir='ltr'><em>αὐτῶν</em></span> <span class='ocrx_word' id='word_1_150' title='bbox 1397 1369 1587 1422; x_wconf 79' lang='grc' dir='ltr'><em>πύργους</em></span> <span class='ocrx_word' id='word_1_151' title='bbox 1619 1367 1685 1424; x_wconf 79' lang='grc' dir='ltr'><em>ἐφ’</em></span> <span class='ocrx_word' id='word_1_152' title='bbox 1719 1370 1968 1413; x_wconf 79' lang='grc' dir='ltr'>ἑκά-ΒΙΙΙ]</span> 
     </span>
     <span class='ocr_line' id='line_1_18' title="bbox 260 1433 1819 1491; baseline 0.002 -14"><span class='ocrx_word' id='word_1_153' title='bbox 260 1448 304 1484; x_wconf 74' lang='grc'><em>17</em></span> <span class='ocrx_word' id='word_1_154' title='bbox 318 1452 415 1491; x_wconf 87' lang='grc' dir='ltr'><em>τερα</em></span> <span class='ocrx_word' id='word_1_155' title='bbox 446 1435 553 1477; x_wconf 78' lang='grc' dir='ltr'><em>πολὺ</em></span> <span class='ocrx_word' id='word_1_156' title='bbox 584 1437 842 1491; x_wconf 81' lang='grc' dir='ltr'><em>προέχοντας</em></span> <span class='ocrx_word' id='word_1_157' title='bbox 874 1437 1037 1491; x_wconf 76' lang='grc' dir='ltr'><em>ἔφερον.</em></span> <span class='ocrx_word' id='word_1_158' title='bbox 1099 1436 1222 1477; x_wconf 85' lang='grc' dir='ltr'><em>πλοῖα</em></span> <span class='ocrx_word' id='word_1_159' title='bbox 1257 1433 1293 1477; x_wconf 78' lang='grc' dir='ltr'><em>δ’</em></span> <span class='ocrx_word' id='word_1_160' title='bbox 1327 1436 1435 1490; x_wconf 82' lang='grc' dir='ltr'><em>ἦσαν</em></span> <span class='ocrx_word' id='word_1_161' title='bbox 1465 1441 1550 1484; x_wconf 86' lang='grc' dir='ltr'><em>τοῖς</em></span> <span class='ocrx_word' id='word_1_162' title='bbox 1576 1437 1819 1487; x_wconf 82' lang='grc' dir='ltr'><em>Βυζαντίοις</em></span> 
     </span>
    </p>
   </div>
   <div class='ocr_carea' id='block_1_3' title="bbox 318 1527 1582 1573">
    <p class='ocr_par' dir='ltr' id='par_1_7' title="bbox 318 1527 1582 1573">
     <span class='ocr_line' id='line_1_19' title="bbox 318 1527 1582 1573; baseline 0.002 -12"><span class='ocrx_word' id='word_1_163' title='bbox 318 1528 340 1562; x_wconf 81' lang='grc'><strong>6</strong></span> <span class='ocrx_word' id='word_1_164' title='bbox 365 1527 444 1572; x_wconf 81' lang='grc' dir='ltr'><em>περὶ</em></span> <span class='ocrx_word' id='word_1_165' title='bbox 470 1532 532 1562; x_wconf 84' lang='grc' dir='ltr'><em>τοῦ</em></span> <span class='ocrx_word' id='word_1_166' title='bbox 559 1528 755 1568; x_wconf 81' lang='grc' dir='ltr'><em>Βυζαντίου</em></span> <span class='ocrx_word' id='word_1_167' title='bbox 783 1527 842 1562; x_wconf 84' lang='grc' dir='ltr'><em>καὶ</em></span> <span class='ocrx_word' id='word_1_168' title='bbox 871 1528 934 1562; x_wconf 85' lang='grc' dir='ltr'><em>ὅσα</em></span> <span class='ocrx_word' id='word_1_169' title='bbox 961 1527 981 1561; x_wconf 82' lang='grc' dir='ltr'>ὁ</span> <span class='ocrx_word' id='word_1_170' title='bbox 1005 1528 1101 1562; x_wconf 86' lang='grc' dir='ltr'><em>Δίων</em></span> <span class='ocrx_word' id='word_1_171' title='bbox 1126 1527 1204 1572; x_wconf 82' lang='grc' dir='ltr'><em>περὶ</em></span> <span class='ocrx_word' id='word_1_172' title='bbox 1230 1527 1337 1562; x_wconf 84' lang='grc' dir='ltr'><em>αὐτοῦ</em></span> <span class='ocrx_word' id='word_1_173' title='bbox 1364 1529 1497 1573; x_wconf 72' lang='grc' dir='ltr'><em>ἱστορεῖ</em></span> <span class='ocrx_word' id='word_1_174' title='bbox 1519 1528 1582 1564; x_wconf 84' lang='lat' dir='ltr'><em>CE</em></span> 
     </span>
    </p>
   </div>
   <div class='ocr_carea' id='block_1_4' title="bbox 389 1610 1817 2186">
    <p class='ocr_par' dir='ltr' id='par_1_8' title="bbox 389 1610 1817 1995">
     <span class='ocr_line' id='line_1_20' title="bbox 389 1610 1817 1659; baseline 0.002 -13"><span class='ocrx_word' id='word_1_175' title='bbox 389 1611 411 1646; x_wconf 80' lang='lat'><strong>2</strong></span> <span class='ocrx_word' id='word_1_176' title='bbox 437 1612 591 1658; x_wconf 75' lang='grc' dir='ltr'><em>σεβήρου</em></span> <span class='ocrx_word' id='word_1_177' title='bbox 618 1611 732 1658; x_wconf 88' lang='lat' dir='ltr'><em>pr‚</em></span> <span class='ocrx_word' id='word_1_178' title='bbox 758 1612 829 1647; x_wconf 75' lang='lat' dir='ltr'><em>sed</em></span> <span class='ocrx_word' id='word_1_179' title='bbox 857 1623 914 1647; x_wconf 80' lang='lat' dir='ltr'><em>vs.</em></span> <span class='ocrx_word' id='word_1_180' title='bbox 940 1611 972 1646; x_wconf 84' lang='lat'><em>4.</em></span> <span class='ocrx_word' id='word_1_181' title='bbox 1001 1612 1031 1656; x_wconf 75' lang='grc'><em>7,</em></span> <span class='ocrx_word' id='word_1_182' title='bbox 1060 1611 1211 1656; x_wconf 79' lang='grc' dir='ltr'><em>σευήρου</em></span> <span class='ocrx_word' id='word_1_183' title='bbox 1238 1610 1374 1658; x_wconf 80' lang='lat' dir='ltr'><em>Apr</em></span> <span class='ocrx_word' id='word_1_184' title='bbox 1533 1612 1656 1659; x_wconf 85' lang='grc' dir='ltr'><em>Ῥώμῃ</em></span> <span class='ocrx_word' id='word_1_185' title='bbox 1686 1623 1760 1648; x_wconf 88' lang='lat' dir='ltr'><em>om.</em></span> <span class='ocrx_word' id='word_1_186' title='bbox 1788 1612 1817 1650; x_wconf 85' lang='lat' dir='ltr'>C</span> 
     </span>
     <span class='ocr_line' id='line_1_21' title="bbox 389 1659 1815 1706; baseline 0.002 -12"><span class='ocrx_word' id='word_1_187' title='bbox 389 1660 412 1695; x_wconf 84' lang='lat'>5</span> <span class='ocrx_word' id='word_1_188' title='bbox 436 1660 697 1705; x_wconf 85' lang='grc' dir='ltr'><em>προϊστόρηται]</em></span> <span class='ocrx_word' id='word_1_189' title='bbox 726 1660 763 1695; x_wconf 92' lang='lat' dir='ltr'>lI</span> <span class='ocrx_word' id='word_1_190' title='bbox 790 1660 924 1706; x_wconf 55' lang='grc'><strong>11548,</strong></span> <span class='ocrx_word' id='word_1_191' title='bbox 939 1660 961 1695; x_wconf 87' lang='lat'>9</span> <span class='ocrx_word' id='word_1_192' title='bbox 976 1670 1024 1695; x_wconf 85' lang='lat' dir='ltr'><em>ss.</em></span> <span class='ocrx_word' id='word_1_193' title='bbox 1125 1660 1145 1695; x_wconf 82' lang='grc'>7</span> <span class='ocrx_word' id='word_1_194' title='bbox 1172 1659 1281 1705; x_wconf 82' lang='grc' dir='ltr'><em>Δίων]</em></span> <span class='ocrx_word' id='word_1_195' title='bbox 1308 1660 1455 1706; x_wconf 80' lang='lat' dir='ltr'><strong>Xipllss.</strong></span> <span class='ocrx_word' id='word_1_196' title='bbox 1475 1659 1640 1696; x_wconf 90' lang='lat' dir='ltr'>LXXIV</span> <span class='ocrx_word' id='word_1_197' title='bbox 1660 1662 1715 1697; x_wconf 89' lang='grc'><em>10.</em></span> <span class='ocrx_word' id='word_1_198' title='bbox 1729 1661 1752 1697; x_wconf 90' lang='grc'><strong>3</strong></span> <span class='ocrx_word' id='word_1_199' title='bbox 1767 1672 1815 1697; x_wconf 85' lang='lat' dir='ltr'><em>ss.</em></span> 
     </span>
     <span class='ocr_line' id='line_1_22' title="bbox 389 1707 1817 1754; baseline 0.001 -11"><span class='ocrx_word' id='word_1_200' title='bbox 389 1708 411 1743; x_wconf 89' lang='grc'><strong>9</strong></span> <span class='ocrx_word' id='word_1_201' title='bbox 437 1709 661 1753; x_wconf 80' lang='grc' dir='ltr'><em>τετραπόδως</em></span> <span class='ocrx_word' id='word_1_202' title='bbox 680 1708 715 1743; x_wconf 96' lang='lat' dir='ltr'>D</span> <span class='ocrx_word' id='word_1_203' title='bbox 816 1709 860 1744; x_wconf 91' lang='grc'><em>10</em></span> <span class='ocrx_word' id='word_1_204' title='bbox 886 1709 1138 1753; x_wconf 77' lang='grc' dir='ltr'><em>συνδουμέναις</em></span> <span class='ocrx_word' id='word_1_205' title='bbox 1164 1707 1199 1742; x_wconf 91' lang='grc' dir='ltr'><strong>Α</strong></span> <span class='ocrx_word' id='word_1_206' title='bbox 1225 1708 1398 1744; x_wconf 81' lang='lat' dir='ltr'><strong>fort-asse</strong></span> <span class='ocrx_word' id='word_1_207' title='bbox 1417 1712 1537 1753; x_wconf 79' lang='lat' dir='ltr'><strong>recte,</strong></span> <span class='ocrx_word' id='word_1_208' title='bbox 1567 1710 1817 1754; x_wconf 80' lang='grc' dir='ltr'><em>συνὸουμένοις</em></span> 
     </span>
     <span class='ocr_line' id='line_1_23' title="bbox 389 1755 1816 1804; baseline 0.001 -13"><span class='ocrx_word' id='word_1_209' title='bbox 389 1755 488 1802; x_wconf 88' lang='lat' dir='ltr'>pr</span> <span class='ocrx_word' id='word_1_210' title='bbox 503 1755 560 1791; x_wconf 83' lang='lat' dir='ltr'><em>Di</em></span> <span class='ocrx_word' id='word_1_211' title='bbox 674 1757 717 1791; x_wconf 94' lang='grc'><strong>11</strong></span> <span class='ocrx_word' id='word_1_212' title='bbox 747 1756 930 1802; x_wconf 86' lang='grc' dir='ltr'><em>ὠχύροντο</em></span> <span class='ocrx_word' id='word_1_213' title='bbox 955 1756 1069 1803; x_wconf 90' lang='lat' dir='ltr'><em>pr‚</em></span> <span class='ocrx_word' id='word_1_214' title='bbox 1097 1756 1271 1801; x_wconf 85' lang='grc' dir='ltr'><em>ὠχύρωτο</em></span> <span class='ocrx_word' id='word_1_215' title='bbox 1298 1755 1369 1791; x_wconf 86' lang='lat' dir='ltr'><em>AR</em></span> <span class='ocrx_word' id='word_1_216' title='bbox 1395 1756 1541 1802; x_wconf 86' lang='lat' dir='ltr'><strong>Xiphil.</strong></span> <span class='ocrx_word' id='word_1_217' title='bbox 1656 1757 1701 1792; x_wconf 84' lang='lat'><em>12</em></span> <span class='ocrx_word' id='word_1_218' title='bbox 1726 1761 1816 1804; x_wconf 82' lang='lat' dir='ltr'><strong>post</strong></span> 
     </span>
     <span class='ocr_line' id='line_1_24' title="bbox 390 1803 1816 1850; baseline 0.001 -11"><span class='ocrx_word' id='word_1_219' title='bbox 390 1805 509 1839; x_wconf 85' lang='grc' dir='ltr'><em>δοκεῖν</em></span> <span class='ocrx_word' id='word_1_220' title='bbox 536 1804 628 1839; x_wconf 87' lang='lat' dir='ltr'><strong>add.</strong></span> <span class='ocrx_word' id='word_1_221' title='bbox 655 1803 803 1850; x_wconf 84' lang='lat' dir='ltr'><strong>Xiphil.</strong></span> <span class='ocrx_word' id='word_1_222' title='bbox 830 1805 1025 1840; x_wconf 87' lang='lat' dir='ltr'><strong>nonnulla</strong></span> <span class='ocrx_word' id='word_1_223' title='bbox 1156 1810 1283 1849; x_wconf 83' lang='grc' dir='ltr'><em>πῦργοι</em></span> <span class='ocrx_word' id='word_1_224' title='bbox 1309 1804 1356 1849; x_wconf 85' lang='lat' dir='ltr'><em>A,</em></span> <span class='ocrx_word' id='word_1_225' title='bbox 1384 1815 1421 1839; x_wconf 87' lang='lat' dir='ltr'><em>v.</em></span> <span class='ocrx_word' id='word_1_226' title='bbox 1447 1804 1544 1839; x_wconf 90' lang='lat' dir='ltr'>XIII</span> <span class='ocrx_word' id='word_1_227' title='bbox 1570 1805 1603 1850; x_wconf 86' lang='lat'><em>3,</em></span> <span class='ocrx_word' id='word_1_228' title='bbox 1632 1805 1685 1841; x_wconf 84' lang='lat'><em>19.</em></span> <span class='ocrx_word' id='word_1_229' title='bbox 1724 1805 1816 1841; x_wconf 92' lang='lat' dir='ltr'><em>XIV</em></span> 
     </span>
     <span class='ocr_line' id='line_1_25' title="bbox 390 1852 1817 1899; baseline 0.001 -11"><span class='ocrx_word' id='word_1_230' title='bbox 390 1853 422 1897; x_wconf 78' lang='lat'><em>2,</em></span> <span class='ocrx_word' id='word_1_231' title='bbox 451 1853 504 1888; x_wconf 83' lang='lat'><em>18.</em></span> <span class='ocrx_word' id='word_1_232' title='bbox 533 1852 664 1888; x_wconf 92' lang='lat' dir='ltr'>XVIII</span> <span class='ocrx_word' id='word_1_233' title='bbox 693 1853 748 1896; x_wconf 68' lang='lat'><em>16,</em></span> <span class='ocrx_word' id='word_1_234' title='bbox 774 1854 830 1888; x_wconf 79' lang='lat'><em>34.</em></span> <span class='ocrx_word' id='word_1_235' title='bbox 860 1853 915 1896; x_wconf 68' lang='grc' dir='ltr'><em>ΞΟ,</em></span> <span class='ocrx_word' id='word_1_236' title='bbox 943 1853 965 1887; x_wconf 83' lang='grc'><strong>6</strong></span> <span class='ocrx_word' id='word_1_237' title='bbox 1125 1853 1169 1887; x_wconf 82' lang='grc'><strong>13</strong></span> <span class='ocrx_word' id='word_1_238' title='bbox 1195 1857 1285 1897; x_wconf 85' lang='lat' dir='ltr'><strong>post</strong></span> <span class='ocrx_word' id='word_1_239' title='bbox 1313 1853 1401 1897; x_wconf 81' lang='grc' dir='ltr'><em>ἦσαν</em></span> <span class='ocrx_word' id='word_1_240' title='bbox 1427 1853 1518 1887; x_wconf 85' lang='lat' dir='ltr'>add.</span> <span class='ocrx_word' id='word_1_241' title='bbox 1545 1852 1693 1899; x_wconf 90' lang='lat' dir='ltr'><strong>Xiphil.</strong></span> <span class='ocrx_word' id='word_1_242' title='bbox 1719 1864 1817 1889; x_wconf 89' lang='lat' dir='ltr'><strong>non-</strong></span> 
     </span>
     <span class='ocr_line' id='line_1_26' title="bbox 389 1900 1817 1947; baseline 0.001 -12"><span class='ocrx_word' id='word_1_243' title='bbox 389 1901 500 1936; x_wconf 83' lang='lat' dir='ltr'><strong>nulla</strong></span> <span class='ocrx_word' id='word_1_244' title='bbox 639 1901 698 1936; x_wconf 82' lang='grc' dir='ltr'><strong><em>καὶ</em></strong></span> <span class='ocrx_word' id='word_1_245' title='bbox 724 1901 764 1936; x_wconf 87' lang='grc' dir='ltr'><em>τὰ</em></span> <span class='ocrx_word' id='word_1_246' title='bbox 790 1900 926 1946; x_wconf 79' lang='lat' dir='ltr'><em>Apr</em></span> <span class='ocrx_word' id='word_1_247' title='bbox 953 1900 1112 1946; x_wconf 83' lang='lat' dir='ltr'><strong>Xiphil.,</strong></span> <span class='ocrx_word' id='word_1_248' title='bbox 1138 1900 1229 1935; x_wconf 82' lang='grc' dir='ltr'><em>κατὰ</em></span> <span class='ocrx_word' id='word_1_249' title='bbox 1254 1900 1285 1934; x_wconf 90' lang='grc' dir='ltr'>Β</span> <span class='ocrx_word' id='word_1_250' title='bbox 1422 1900 1466 1935; x_wconf 81' lang='lat'><em>14</em></span> <span class='ocrx_word' id='word_1_251' title='bbox 1490 1901 1559 1945; x_wconf 85' lang='grc' dir='ltr'><em>πρὸ</em></span> <span class='ocrx_word' id='word_1_252' title='bbox 1585 1907 1645 1946; x_wconf 78' lang='grc' dir='ltr'><em>τῆς</em></span> <span class='ocrx_word' id='word_1_253' title='bbox 1670 1902 1817 1947; x_wconf 80' lang='grc' dir='ltr'><em>ἠπείρου</em></span> 
     </span>
     <span class='ocr_line' id='line_1_27' title="bbox 389 1948 1816 1995; baseline 0.001 -11"><span class='ocrx_word' id='word_1_254' title='bbox 389 1948 535 1994; x_wconf 77' lang='lat' dir='ltr'><strong>Xiphil.</strong></span> <span class='ocrx_word' id='word_1_255' title='bbox 551 1949 612 1984; x_wconf 85' lang='lat' dir='ltr'><em>ed.</em></span> <span class='ocrx_word' id='word_1_256' title='bbox 630 1948 769 1993; x_wconf 70' lang='lat' dir='ltr'><strong>Sturz„</strong></span> <span class='ocrx_word' id='word_1_257' title='bbox 795 1949 882 1994; x_wconf 86' lang='grc' dir='ltr'><em>πρὸς</em></span> <span class='ocrx_word' id='word_1_258' title='bbox 908 1955 966 1995; x_wconf 84' lang='grc' dir='ltr'><em>τῆς</em></span> <span class='ocrx_word' id='word_1_259' title='bbox 992 1950 1139 1994; x_wconf 84' lang='grc' dir='ltr'><em>ἠπείρου</em></span> <span class='ocrx_word' id='word_1_260' title='bbox 1165 1949 1312 1994; x_wconf 82' lang='lat' dir='ltr'><strong>Xiphil.</strong></span> <span class='ocrx_word' id='word_1_261' title='bbox 1328 1948 1389 1983; x_wconf 76' lang='lat' dir='ltr'><em>od.</em></span> <span class='ocrx_word' id='word_1_262' title='bbox 1406 1948 1590 1984; x_wconf 85' lang='lat' dir='ltr'><strong>Dindorf.</strong></span> <span class='ocrx_word' id='word_1_263' title='bbox 1679 1949 1767 1995; x_wconf 78' lang='grc' dir='ltr'><em>ἦρτο</em></span> <span class='ocrx_word' id='word_1_264' title='bbox 1781 1949 1816 1984; x_wconf 89' lang='grc' dir='ltr'><strong>Α</strong></span> 
     </span>
    </p>

    <p class='ocr_par' dir='ltr' id='par_1_9' title="bbox 389 1996 1817 2186">
     <span class='ocr_line' id='line_1_28' title="bbox 438 1996 1817 2044; baseline 0 -12"><span class='ocrx_word' id='word_1_265' title='bbox 438 2002 529 2042; x_wconf 81' lang='lat' dir='ltr'><strong>post</strong></span> <span class='ocrx_word' id='word_1_266' title='bbox 546 1997 634 2042; x_wconf 83' lang='grc' dir='ltr'><em>ἦρτο</em></span> <span class='ocrx_word' id='word_1_267' title='bbox 653 1997 744 2032; x_wconf 81' lang='lat' dir='ltr'>add.</span> <span class='ocrx_word' id='word_1_268' title='bbox 763 1997 910 2042; x_wconf 86' lang='lat' dir='ltr'><strong>Xiphil.</strong></span> <span class='ocrx_word' id='word_1_269' title='bbox 930 1997 1124 2032; x_wconf 85' lang='lat' dir='ltr'><strong>nonnulla</strong></span> <span class='ocrx_word' id='word_1_270' title='bbox 1217 1996 1259 2032; x_wconf 81' lang='lat'><em>15</em></span> <span class='ocrx_word' id='word_1_271' title='bbox 1274 2003 1316 2041; x_wconf 77' lang='grc' dir='ltr'><em>τῇ</em></span> <span class='ocrx_word' id='word_1_272' title='bbox 1330 1997 1481 2041; x_wconf 70' lang='grc' dir='ltr'><em>θαλάττῃ</em></span> <span class='ocrx_word' id='word_1_273' title='bbox 1496 1997 1643 2042; x_wconf 87' lang='lat' dir='ltr'><strong>Xiphil.</strong></span> <span class='ocrx_word' id='word_1_274' title='bbox 1726 2002 1817 2044; x_wconf 85' lang='lat' dir='ltr'><strong>post</strong></span> 
     </span>
     <span class='ocr_line' id='line_1_29' title="bbox 390 2043 1817 2092; baseline 0.001 -12"><span class='ocrx_word' id='word_1_275' title='bbox 390 2045 494 2092; x_wconf 81' lang='grc' dir='ltr'><em>ἦττον</em></span> <span class='ocrx_word' id='word_1_276' title='bbox 512 2046 649 2090; x_wconf 77' lang='grc' dir='ltr'><em>ὑψοῦτο</em></span> <span class='ocrx_word' id='word_1_277' title='bbox 676 2045 791 2087; x_wconf 82' lang='lat' dir='ltr'><strong>(haec</strong></span> <span class='ocrx_word' id='word_1_278' title='bbox 807 2055 829 2080; x_wconf 86' lang='lat' dir='ltr'><strong>e</strong></span> <span class='ocrx_word' id='word_1_279' title='bbox 844 2045 1001 2080; x_wconf 87' lang='lat' dir='ltr'><strong>Zonara</strong></span> <span class='ocrx_word' id='word_1_280' title='bbox 1017 2049 1110 2080; x_wconf 82' lang='lat' dir='ltr'><strong>sunt</strong></span> <span class='ocrx_word' id='word_1_281' title='bbox 1124 2044 1325 2090; x_wconf 81' lang='lat' dir='ltr'><strong>suppleta)</strong></span> <span class='ocrx_word' id='word_1_282' title='bbox 1353 2045 1444 2080; x_wconf 84' lang='lat' dir='ltr'><strong>add.</strong></span> <span class='ocrx_word' id='word_1_283' title='bbox 1459 2043 1606 2090; x_wconf 86' lang='lat' dir='ltr'><strong>Xiphil.</strong></span> <span class='ocrx_word' id='word_1_284' title='bbox 1620 2046 1817 2081; x_wconf 83' lang='lat' dir='ltr'><strong>nonnulla</strong></span> 
     </span>
     <span class='ocr_line' id='line_1_30' title="bbox 391 2092 1814 2139; baseline 0 -11"><span class='ocrx_word' id='word_1_285' title='bbox 391 2095 434 2129; x_wconf 83' lang='lat'><em>17</em></span> <span class='ocrx_word' id='word_1_286' title='bbox 461 2098 550 2139; x_wconf 87' lang='lat' dir='ltr'><strong>post</strong></span> <span class='ocrx_word' id='word_1_287' title='bbox 576 2094 706 2138; x_wconf 79' lang='grc' dir='ltr'><em>ἔφερον</em></span> <span class='ocrx_word' id='word_1_288' title='bbox 734 2093 825 2128; x_wconf 83' lang='lat' dir='ltr'>add.</span> <span class='ocrx_word' id='word_1_289' title='bbox 852 2093 997 2138; x_wconf 84' lang='lat' dir='ltr'><strong>Xiphil.</strong></span> <span class='ocrx_word' id='word_1_290' title='bbox 1026 2093 1197 2138; x_wconf 74' lang='lat' dir='ltr'><strong>plurima</strong></span> <span class='ocrx_word' id='word_1_291' title='bbox 1322 2093 1363 2129; x_wconf 82' lang='lat'><em>17</em></span> <span class='ocrx_word' id='word_1_292' title='bbox 1388 2113 1430 2117; x_wconf 86' lang='lat'><em>-—</em></span> <span class='ocrx_word' id='word_1_293' title='bbox 1459 2104 1495 2138; x_wconf 84' lang='lat' dir='ltr'><em>p.</em></span> <span class='ocrx_word' id='word_1_294' title='bbox 1526 2093 1578 2137; x_wconf 75' lang='lat'><em>17,</em></span> <span class='ocrx_word' id='word_1_295' title='bbox 1606 2092 1640 2138; x_wconf 83' lang='lat'><em>5]</em></span> <span class='ocrx_word' id='word_1_296' title='bbox 1668 2093 1814 2139; x_wconf 81' lang='lat' dir='ltr'><strong>Xiphil.</strong></span> 
     </span>
     <span class='ocr_line' id='line_1_31' title="bbox 389 2141 686 2186; baseline -0.003 -10"><span class='ocrx_word' id='word_1_297' title='bbox 389 2141 555 2177; x_wconf 90' lang='lat' dir='ltr'>LXXIV</span> <span class='ocrx_word' id='word_1_298' title='bbox 584 2142 636 2186; x_wconf 88' lang='lat'><em>11,</em></span> <span class='ocrx_word' id='word_1_299' title='bbox 664 2143 686 2176; x_wconf 83' lang='lat'><strong>3</strong></span> 
     </span>
    </p>
   </div>
   <div class='ocr_carea' id='block_1_5' title="bbox 258 2225 1863 2943">
    <p class='ocr_par' dir='ltr' id='par_1_10' title="bbox 259 2225 1863 2406">
     <span class='ocr_line' id='line_1_32' title="bbox 259 2225 1815 2272; baseline -0.001 -10"><span class='ocrx_word' id='word_1_300' title='bbox 259 2230 303 2266; x_wconf 77' lang='lat'><em>12</em></span> <span class='ocrx_word' id='word_1_301' title='bbox 317 2227 394 2262; x_wconf 89' lang='lat' dir='ltr'><em>bus</em></span> <span class='ocrx_word' id='word_1_302' title='bbox 428 2230 468 2262; x_wconf 86' lang='lat' dir='ltr'><strong>et</strong></span> <span class='ocrx_word' id='word_1_303' title='bbox 506 2227 718 2262; x_wconf 85' lang='lat' dir='ltr'><strong>moenibus</strong></span> <span class='ocrx_word' id='word_1_304' title='bbox 756 2227 1005 2272; x_wconf 78' lang='lat' dir='ltr'><strong>permunitis,</strong></span> <span class='ocrx_word' id='word_1_305' title='bbox 1045 2226 1148 2261; x_wconf 79' lang='lat' dir='ltr'><strong>adeo</strong></span> <span class='ocrx_word' id='word_1_306' title='bbox 1188 2229 1232 2261; x_wconf 87' lang='lat' dir='ltr'><em>ut</em></span> <span class='ocrx_word' id='word_1_307' title='bbox 1267 2226 1343 2261; x_wconf 82' lang='lat' dir='ltr'><em>sub</em></span> <span class='ocrx_word' id='word_1_308' title='bbox 1379 2225 1544 2268; x_wconf 85' lang='lat' dir='ltr'><strong>Severo,</strong></span> <span class='ocrx_word' id='word_1_309' title='bbox 1583 2227 1652 2271; x_wconf 89' lang='lat' dir='ltr'><strong>qui</strong></span> <span class='ocrx_word' id='word_1_310' title='bbox 1687 2226 1815 2262; x_wconf 84' lang='lat' dir='ltr'><strong>veteri</strong></span> 
     </span>
     <span class='ocr_line' id='line_1_33' title="bbox 317 2274 1863 2320; baseline -0.001 -10"><span class='ocrx_word' id='word_1_311' title='bbox 317 2275 470 2310; x_wconf 84' lang='lat' dir='ltr'><strong>Romae</strong></span> <span class='ocrx_word' id='word_1_312' title='bbox 494 2275 731 2320; x_wconf 80' lang='lat' dir='ltr'>imperabat,</span> <span class='ocrx_word' id='word_1_313' title='bbox 759 2285 831 2320; x_wconf 88' lang='lat' dir='ltr'><strong>per</strong></span> <span class='ocrx_word' id='word_1_314' title='bbox 857 2275 1074 2310; x_wconf 82' lang='lat' dir='ltr'><strong>triennium</strong></span> <span class='ocrx_word' id='word_1_315' title='bbox 1096 2285 1119 2309; x_wconf 87' lang='lat' dir='ltr'>a</span> <span class='ocrx_word' id='word_1_316' title='bbox 1138 2274 1328 2309; x_wconf 81' lang='lat' dir='ltr'><strong>Romanis</strong></span> <span class='ocrx_word' id='word_1_317' title='bbox 1350 2274 1603 2309; x_wconf 78' lang='lat' dir='ltr'>obsideretur</span> <span class='ocrx_word' id='word_1_318' title='bbox 1621 2284 1669 2309; x_wconf 85' lang='lat' dir='ltr'><strong>ae</strong></span> <span class='ocrx_word' id='word_1_319' title='bbox 1689 2274 1815 2309; x_wconf 81' lang='lat' dir='ltr'><strong>multa</strong></span> <span class='ocrx_word' id='word_1_320' title='bbox 1860 2288 1863 2291; x_wconf 36' lang='lat' dir='ltr'>v</span> 
     </span>
     <span class='ocr_line' id='line_1_34' title="bbox 318 2320 1814 2367; baseline -0.001 -8"><span class='ocrx_word' id='word_1_321' title='bbox 318 2323 549 2359; x_wconf 81' lang='lat' dir='ltr'><strong>obsidentes</strong></span> <span class='ocrx_word' id='word_1_322' title='bbox 575 2322 797 2358; x_wconf 82' lang='lat' dir='ltr'><strong>tolerarent</strong></span> <span class='ocrx_word' id='word_1_323' title='bbox 823 2323 875 2357; x_wconf 87' lang='lat' dir='ltr'><em>ab</em></span> <span class='ocrx_word' id='word_1_324' title='bbox 903 2323 1087 2366; x_wconf 80' lang='lat' dir='ltr'><strong>obsessis,</strong></span> <span class='ocrx_word' id='word_1_325' title='bbox 1119 2323 1222 2357; x_wconf 78' lang='lat' dir='ltr'><strong>sieut</strong></span> <span class='ocrx_word' id='word_1_326' title='bbox 1249 2332 1372 2367; x_wconf 83' lang='lat' dir='ltr'><strong>supra</strong></span> <span class='ocrx_word' id='word_1_327' title='bbox 1399 2322 1439 2356; x_wconf 90' lang='lat' dir='ltr'><em>in</em></span> <span class='ocrx_word' id='word_1_328' title='bbox 1466 2322 1512 2356; x_wconf 89' lang='lat' dir='ltr'><em>iis</em></span> <span class='ocrx_word' id='word_1_329' title='bbox 1539 2331 1644 2366; x_wconf 82' lang='lat' dir='ltr'><strong>quae</strong></span> <span class='ocrx_word' id='word_1_330' title='bbox 1673 2321 1722 2356; x_wconf 84' lang='lat' dir='ltr'><strong>de</strong></span> <span class='ocrx_word' id='word_1_331' title='bbox 1748 2320 1814 2358; x_wconf 88' lang='lat' dir='ltr'><strong>Se-</strong></span> 
     </span>
     <span class='ocr_line' id='line_1_35' title="bbox 316 2371 974 2406; baseline -0.002 0"><span class='ocrx_word' id='word_1_332' title='bbox 316 2381 415 2406; x_wconf 84' lang='lat' dir='ltr'><strong>vero</strong></span> <span class='ocrx_word' id='word_1_333' title='bbox 442 2371 699 2406; x_wconf 84' lang='lat' dir='ltr'><strong>narravimus</strong></span> <span class='ocrx_word' id='word_1_334' title='bbox 727 2371 877 2406; x_wconf 70' lang='lat' dir='ltr'><strong>(fictum</strong></span> <span class='ocrx_word' id='word_1_335' title='bbox 905 2374 974 2406; x_wconf 79' lang='lat' dir='ltr'><strong>est.</strong></span> 
     </span>
    </p>

    <p class='ocr_par' dir='ltr' id='par_1_11' title="bbox 258 2417 1814 2464">
     <span class='ocr_line' id='line_1_36' title="bbox 258 2417 1814 2464; baseline -0.002 -10"><span class='ocrx_word' id='word_1_336' title='bbox 258 2423 303 2458; x_wconf 88' lang='lat'><em>13</em></span> <span class='ocrx_word' id='word_1_337' title='bbox 436 2419 497 2454; x_wconf 93' lang='lat' dir='ltr'><strong>De</strong></span> <span class='ocrx_word' id='word_1_338' title='bbox 530 2419 710 2464; x_wconf 82' lang='lat' dir='ltr'><strong>potentia</strong></span> <span class='ocrx_word' id='word_1_339' title='bbox 743 2429 841 2454; x_wconf 88' lang='lat' dir='ltr'><strong>vero</strong></span> <span class='ocrx_word' id='word_1_340' title='bbox 868 2418 1158 2464; x_wconf 77' lang='lat' dir='ltr'>Byzantiorum</span> <span class='ocrx_word' id='word_1_341' title='bbox 1191 2422 1230 2453; x_wconf 88' lang='lat' dir='ltr'><strong>et</strong></span> <span class='ocrx_word' id='word_1_342' title='bbox 1262 2424 1468 2452; x_wconf 78' lang='lat' dir='ltr'><strong>murorum</strong></span> <span class='ocrx_word' id='word_1_343' title='bbox 1500 2417 1687 2452; x_wconf 84' lang='lat' dir='ltr'><strong>firmitate</strong></span> <span class='ocrx_word' id='word_1_344' title='bbox 1714 2417 1814 2452; x_wconf 79' lang='lat' dir='ltr'><strong>haec</strong></span> 
     </span>
    </p>

    <p class='ocr_par' dir='ltr' id='par_1_12' title="bbox 258 2465 1814 2656">
     <span class='ocr_line' id='line_1_37' title="bbox 258 2465 1814 2512; baseline -0.003 -8"><span class='ocrx_word' id='word_1_345' title='bbox 258 2470 304 2505; x_wconf 85' lang='lat'><em>14</em></span> <span class='ocrx_word' id='word_1_346' title='bbox 318 2466 394 2503; x_wconf 93' lang='lat' dir='ltr'><strong>Dio</strong></span> <span class='ocrx_word' id='word_1_347' title='bbox 421 2468 462 2502; x_wconf 88' lang='lat' dir='ltr'><em>in</em></span> <span class='ocrx_word' id='word_1_348' title='bbox 489 2467 536 2502; x_wconf 88' lang='lat' dir='ltr'><em>iis</em></span> <span class='ocrx_word' id='word_1_349' title='bbox 567 2476 674 2512; x_wconf 85' lang='lat' dir='ltr'><strong>quae</strong></span> <span class='ocrx_word' id='word_1_350' title='bbox 705 2471 845 2502; x_wconf 85' lang='lat' dir='ltr'><strong>narrat</strong></span> <span class='ocrx_word' id='word_1_351' title='bbox 872 2467 922 2502; x_wconf 86' lang='lat' dir='ltr'><strong>de</strong></span> <span class='ocrx_word' id='word_1_352' title='bbox 949 2466 1100 2502; x_wconf 86' lang='lat' dir='ltr'><strong>Severo</strong></span> <span class='ocrx_word' id='word_1_353' title='bbox 1135 2466 1230 2500; x_wconf 78' lang='lat' dir='ltr'><strong>dicit</strong></span> <span class='ocrx_word' id='word_1_354' title='bbox 1256 2465 1523 2510; x_wconf 79' lang='lat' dir='ltr'><strong>“Byzantium</strong></span> <span class='ocrx_word' id='word_1_355' title='bbox 1556 2465 1717 2500; x_wconf 88' lang='lat' dir='ltr'><strong>moenia</strong></span> <span class='ocrx_word' id='word_1_356' title='bbox 1748 2465 1814 2500; x_wconf 86' lang='lat' dir='ltr'><em>ha-</em></span> 
     </span>
     <span class='ocr_line' id='line_1_38' title="bbox 317 2513 1814 2559; baseline -0.002 -9"><span class='ocrx_word' id='word_1_357' title='bbox 317 2515 439 2550; x_wconf 84' lang='lat' dir='ltr'><strong>bebat</strong></span> <span class='ocrx_word' id='word_1_358' title='bbox 459 2515 756 2559; x_wconf 81' lang='lat' dir='ltr'><strong>robustissima3</strong></span> <span class='ocrx_word' id='word_1_359' title='bbox 783 2525 876 2549; x_wconf 83' lang='lat' dir='ltr'><em>nam</em></span> <span class='ocrx_word' id='word_1_360' title='bbox 903 2524 1042 2550; x_wconf 87' lang='lat' dir='ltr'><strong>eorum</strong></span> <span class='ocrx_word' id='word_1_361' title='bbox 1069 2514 1194 2549; x_wconf 80' lang='lat' dir='ltr'><strong>lorica</strong></span> <span class='ocrx_word' id='word_1_362' title='bbox 1219 2513 1420 2558; x_wconf 82' lang='lat' dir='ltr'>lapidibus</span> <span class='ocrx_word' id='word_1_363' title='bbox 1440 2513 1648 2558; x_wconf 79' lang='lat' dir='ltr'><strong>quadratis</strong></span> <span class='ocrx_word' id='word_1_364' title='bbox 1669 2513 1814 2548; x_wconf 83' lang='lat' dir='ltr'><strong>crassis</strong></span> 
     </span>
     <span class='ocr_line' id='line_1_39' title="bbox 318 2561 1814 2606; baseline -0.001 -9"><span class='ocrx_word' id='word_1_365' title='bbox 318 2566 549 2597; x_wconf 83' lang='lat' dir='ltr'><strong>constructa</strong></span> <span class='ocrx_word' id='word_1_366' title='bbox 577 2566 664 2597; x_wconf 78' lang='lat' dir='ltr'><strong>erat</strong></span> <span class='ocrx_word' id='word_1_367' title='bbox 690 2564 915 2598; x_wconf 79' lang='lat' dir='ltr'><strong>ferrearum</strong></span> <span class='ocrx_word' id='word_1_368' title='bbox 934 2562 1174 2597; x_wconf 81' lang='lat' dir='ltr'><strong>laminarum</strong></span> <span class='ocrx_word' id='word_1_369' title='bbox 1194 2572 1269 2606; x_wconf 87' lang='lat' dir='ltr'><strong>ope</strong></span> <span class='ocrx_word' id='word_1_370' title='bbox 1291 2562 1394 2596; x_wconf 78' lang='lat' dir='ltr'><strong>inter</strong></span> <span class='ocrx_word' id='word_1_371' title='bbox 1413 2571 1454 2595; x_wconf 82' lang='lat' dir='ltr'><strong>se</strong></span> <span class='ocrx_word' id='word_1_372' title='bbox 1474 2561 1689 2606; x_wconf 83' lang='lat' dir='ltr'><strong>colligatis:</strong></span> <span class='ocrx_word' id='word_1_373' title='bbox 1716 2561 1814 2596; x_wconf 86' lang='lat' dir='ltr'><strong>inte·</strong></span> 
     </span>
     <span class='ocr_line' id='line_1_40' title="bbox 316 2609 1814 2656; baseline 0 -12"><span class='ocrx_word' id='word_1_374' title='bbox 316 2610 425 2644; x_wconf 86' lang='lat' dir='ltr'><strong>riora</strong></span> <span class='ocrx_word' id='word_1_375' title='bbox 451 2614 490 2646; x_wconf 87' lang='lat' dir='ltr'><strong>et</strong></span> <span class='ocrx_word' id='word_1_376' title='bbox 517 2611 740 2656; x_wconf 80' lang='lat' dir='ltr'><strong>aggeribus</strong></span> <span class='ocrx_word' id='word_1_377' title='bbox 767 2614 806 2645; x_wconf 87' lang='lat' dir='ltr'><strong>et</strong></span> <span class='ocrx_word' id='word_1_378' title='bbox 832 2610 1026 2646; x_wconf 82' lang='lat' dir='ltr'><strong>aedificiis</strong></span> <span class='ocrx_word' id='word_1_379' title='bbox 1051 2610 1107 2644; x_wconf 82' lang='lat' dir='ltr'><strong>ita</strong></span> <span class='ocrx_word' id='word_1_380' title='bbox 1133 2609 1288 2644; x_wconf 82' lang='lat' dir='ltr'><strong>munita</strong></span> <span class='ocrx_word' id='word_1_381' title='bbox 1315 2612 1441 2652; x_wconf 81' lang='lat' dir='ltr'><strong>erant,</strong></span> <span class='ocrx_word' id='word_1_382' title='bbox 1472 2612 1516 2643; x_wconf 88' lang='lat' dir='ltr'><em>ut</em></span> <span class='ocrx_word' id='word_1_383' title='bbox 1542 2618 1648 2644; x_wconf 90' lang='lat' dir='ltr'><strong>unus</strong></span> <span class='ocrx_word' id='word_1_384' title='bbox 1674 2618 1814 2644; x_wconf 85' lang='lat' dir='ltr'><strong>murus</strong></span> 
     </span>
    </p>

    <p class='ocr_par' dir='ltr' id='par_1_13' title="bbox 259 2657 1813 2751">
     <span class='ocr_line' id='line_1_41' title="bbox 259 2657 1813 2704; baseline -0.001 -12"><span class='ocrx_word' id='word_1_385' title='bbox 259 2661 303 2696; x_wconf 80' lang='lat'><em>15</em></span> <span class='ocrx_word' id='word_1_386' title='bbox 318 2667 479 2692; x_wconf 79' lang='lat' dir='ltr'><strong>crassus</strong></span> <span class='ocrx_word' id='word_1_387' title='bbox 513 2662 641 2693; x_wconf 84' lang='lat' dir='ltr'><strong>totum</strong></span> <span class='ocrx_word' id='word_1_388' title='bbox 678 2668 780 2704; x_wconf 87' lang='lat' dir='ltr'><strong>opus</strong></span> <span class='ocrx_word' id='word_1_389' title='bbox 819 2668 907 2693; x_wconf 78' lang='lat' dir='ltr'><strong>esse</strong></span> <span class='ocrx_word' id='word_1_390' title='bbox 948 2657 1166 2693; x_wconf 81' lang='lat' dir='ltr'><strong>videretur.</strong></span> <span class='ocrx_word' id='word_1_391' title='bbox 1217 2657 1341 2691; x_wconf 80' lang='lat' dir='ltr'><strong>Erant</strong></span> <span class='ocrx_word' id='word_1_392' title='bbox 1376 2661 1415 2691; x_wconf 88' lang='lat' dir='ltr'><strong>et</strong></span> <span class='ocrx_word' id='word_1_393' title='bbox 1451 2657 1602 2691; x_wconf 79' lang='lat' dir='ltr'><strong>multae</strong></span> <span class='ocrx_word' id='word_1_394' title='bbox 1638 2666 1813 2702; x_wconf 81' lang='lat' dir='ltr'><strong>magnae</strong></span> 
     </span>
     <span class='ocr_line' id='line_1_42' title="bbox 318 2704 1812 2751; baseline 0 -12"><span class='ocrx_word' id='word_1_395' title='bbox 318 2708 450 2740; x_wconf 85' lang='lat' dir='ltr'><strong>turres</strong></span> <span class='ocrx_word' id='word_1_396' title='bbox 478 2706 588 2740; x_wconf 81' lang='lat' dir='ltr'><strong>foras</strong></span> <span class='ocrx_word' id='word_1_397' title='bbox 615 2707 899 2750; x_wconf 82' lang='lat' dir='ltr'><strong>prominentes,</strong></span> <span class='ocrx_word' id='word_1_398' title='bbox 927 2715 1033 2751; x_wconf 83' lang='lat' dir='ltr'><strong>quae</strong></span> <span class='ocrx_word' id='word_1_399' title='bbox 1061 2704 1204 2740; x_wconf 85' lang='lat' dir='ltr'><strong>ostiola</strong></span> <span class='ocrx_word' id='word_1_400' title='bbox 1230 2704 1411 2749; x_wconf 87' lang='lat' dir='ltr'><strong>undique</strong></span> <span class='ocrx_word' id='word_1_401' title='bbox 1431 2704 1505 2738; x_wconf 85' lang='lat' dir='ltr'><strong>sibi</strong></span> <span class='ocrx_word' id='word_1_402' title='bbox 1525 2704 1812 2749; x_wconf 82' lang='lat' dir='ltr'><strong>respondentia</strong></span> 
     </span>
    </p>

    <p class='ocr_par' dir='ltr' id='par_1_14' title="bbox 261 2752 1814 2943">
     <span class='ocr_line' id='line_1_43' title="bbox 261 2752 1814 2796; baseline 0 -10"><span class='ocrx_word' id='word_1_403' title='bbox 261 2756 303 2791; x_wconf 86' lang='lat'><em>16</em></span> <span class='ocrx_word' id='word_1_404' title='bbox 318 2752 534 2788; x_wconf 82' lang='lat' dir='ltr'><strong>habebant.</strong></span> <span class='ocrx_word' id='word_1_405' title='bbox 583 2753 643 2788; x_wconf 82' lang='lat' dir='ltr'><em>Ac</em></span> <span class='ocrx_word' id='word_1_406' title='bbox 675 2754 835 2788; x_wconf 84' lang='lat' dir='ltr'><strong>moenia</strong></span> <span class='ocrx_word' id='word_1_407' title='bbox 867 2753 1088 2789; x_wconf 83' lang='lat' dir='ltr'><strong>continenti</strong></span> <span class='ocrx_word' id='word_1_408' title='bbox 1120 2752 1294 2787; x_wconf 82' lang='lat' dir='ltr'><strong>obversa</strong></span> <span class='ocrx_word' id='word_1_409' title='bbox 1326 2752 1377 2786; x_wconf 84' lang='lat' dir='ltr'><em>ad</em></span> <span class='ocrx_word' id='word_1_410' title='bbox 1404 2762 1595 2796; x_wconf 82' lang='lat' dir='ltr'><strong>magnam</strong></span> <span class='ocrx_word' id='word_1_411' title='bbox 1623 2761 1814 2796; x_wconf 82' lang='lat' dir='ltr'><strong>exsurge-</strong></span> 
     </span>
     <span class='ocr_line' id='line_1_44' title="bbox 318 2799 1813 2844; baseline 0 -10"><span class='ocrx_word' id='word_1_412' title='bbox 318 2801 417 2835; x_wconf 86' lang='lat' dir='ltr'><strong>bant</strong></span> <span class='ocrx_word' id='word_1_413' title='bbox 457 2801 722 2844; x_wconf 81' lang='lat' dir='ltr'><strong>altitudinem,</strong></span> <span class='ocrx_word' id='word_1_414' title='bbox 767 2801 838 2837; x_wconf 87' lang='lat' dir='ltr'><strong>sed</strong></span> <span class='ocrx_word' id='word_1_415' title='bbox 880 2802 981 2836; x_wconf 85' lang='lat' dir='ltr'><strong>mari</strong></span> <span class='ocrx_word' id='word_1_416' title='bbox 1020 2801 1194 2836; x_wconf 82' lang='lat' dir='ltr'><strong>obversa</strong></span> <span class='ocrx_word' id='word_1_417' title='bbox 1232 2800 1284 2834; x_wconf 80' lang='lat' dir='ltr'><em>ad</em></span> <span class='ocrx_word' id='word_1_418' title='bbox 1323 2800 1530 2834; x_wconf 88' lang='lat' dir='ltr'><strong>minorem.</strong></span> <span class='ocrx_word' id='word_1_419' title='bbox 1595 2799 1813 2835; x_wconf 80' lang='lat' dir='ltr'><strong>Praeterea</strong></span> 
     </span>
     <span class='ocr_line' id='line_1_45' title="bbox 318 2847 1814 2893; baseline 0 -11"><span class='ocrx_word' id='word_1_420' title='bbox 318 2851 459 2893; x_wconf 88' lang='lat' dir='ltr'><strong>portus</strong></span> <span class='ocrx_word' id='word_1_421' title='bbox 495 2851 668 2893; x_wconf 85' lang='lat' dir='ltr'><strong>uterque</strong></span> <span class='ocrx_word' id='word_1_422' title='bbox 703 2850 808 2884; x_wconf 88' lang='lat' dir='ltr'><strong>intra</strong></span> <span class='ocrx_word' id='word_1_423' title='bbox 842 2850 1002 2885; x_wconf 87' lang='lat' dir='ltr'><strong>moenia</strong></span> <span class='ocrx_word' id='word_1_424' title='bbox 1038 2848 1191 2884; x_wconf 82' lang='lat' dir='ltr'><strong>catenis</strong></span> <span class='ocrx_word' id='word_1_425' title='bbox 1227 2847 1358 2883; x_wconf 77' lang='lat' dir='ltr'><strong>claudi</strong></span> <span class='ocrx_word' id='word_1_426' title='bbox 1396 2851 1553 2893; x_wconf 83' lang='lat' dir='ltr'><strong>poterat</strong></span> <span class='ocrx_word' id='word_1_427' title='bbox 1592 2857 1814 2892; x_wconf 86' lang='lat' dir='ltr'><strong>eorumque</strong></span> 
     </span>
     <span class='ocr_line' id='line_1_46' title="bbox 319 2894 1814 2943; baseline -0.002 -10"><span class='ocrx_word' id='word_1_428' title='bbox 319 2895 486 2933; x_wconf 82' lang='lat' dir='ltr'><strong>brachia</strong></span> <span class='ocrx_word' id='word_1_429' title='bbox 520 2900 653 2932; x_wconf 85' lang='lat' dir='ltr'><strong>turres</strong></span> <span class='ocrx_word' id='word_1_430' title='bbox 684 2898 888 2943; x_wconf 85' lang='lat' dir='ltr'><strong>utrimque</strong></span> <span class='ocrx_word' id='word_1_431' title='bbox 920 2896 1089 2933; x_wconf 85' lang='lat' dir='ltr'><strong>multum</strong></span> <span class='ocrx_word' id='word_1_432' title='bbox 1116 2896 1338 2932; x_wconf 82' lang='lat' dir='ltr'><strong>eminentes</strong></span> <span class='ocrx_word' id='word_1_433' title='bbox 1365 2895 1629 2932; x_wconf 80' lang='lat' dir='ltr'><strong>sustinebant.</strong></span> <span class='ocrx_word' id='word_1_434' title='bbox 1679 2894 1814 2932; x_wconf 84' lang='lat' dir='ltr'><strong>Naves</strong></span> 
     </span>
    </p>
   </div>
  </div>
 </body>
</html>
