1968 3302
638 167 923 208 CONCILIVM
947 165 1229 207 NICAENVM.
1637 170 1684 209 23

183 296 257 337 τοῦ
289 294 382 337 υἱοῦ
415 293 700 348 δογματίσασα
731 292 803 335 καὶ
832 291 880 336 τὸ
910 293 1028 335 θεῖον
1057 292 1204 335 αὐτίκα
1225 297 1298 348 τῆς
1318 293 1495 342 πίστεως
1517 295 1684 345 ἐξέθετο

0 362 87 406 ΜΠ
102 365 170 402 186
183 363 398 418 σύμβολον
427 362 522 416 περὶ
552 366 626 404 τοῦ
657 362 816 417 πατρὸς
846 363 918 404 καὶ
947 366 1021 404 τοῦ
1053 363 1147 404 υἱοῦ
1178 362 1473 417 θεολογήσασα
1500 365 1545 407 ἕν
1566 366 1687 421 αὐτῳ

182 433 253 474 καὶ
283 434 406 487 μέχρι
436 436 510 474 τοῦ
541 430 630 474 “οὖ
661 436 733 487 τῆς
763 433 971 486 βασιλείας
1002 433 1082 474 οὐκ
1114 433 1224 475 ἔσται
1254 433 1406 480 τέλος”
1408 466 1419 487 ,
1455 433 1502 476 τὸ
1533 435 1682 477 τούτου

181 501 297 548 τέλος
326 503 599 557 ποιησαμένη.
661 503 687 557 ἠ
721 501 801 556 γὰρ
831 501 927 556 περὶ
956 505 1030 544 τοῦ
1062 502 1182 555 ἁγίου
1213 502 1451 557 πνεύματος
1484 503 1681 558 θεολογία
1698 504 1742 540 19

145 572 168 610 5
179 571 394 625 μετέπειτα
432 571 667 626 προσετέθη
707 572 752 613 ἒν
787 575 838 626 τῇ
876 571 1049 625 δευτέρᾳ
1086 570 1256 626 συνόδῳ
1291 575 1366 627 τῆς
1400 571 1495 626 περὶ
1531 573 1681 615 τούτου

181 641 407 694 γενομένης
438 641 662 695 ζητήσεως,
695 642 720 695 ἢ
753 639 859 682 κατὰ
891 638 1166 682 Μακεδονίου
1198 645 1389 696 συνῆκτο.

299 707 349 751 Ὁ
379 706 416 751 δ’
450 709 723 756 ἶσαπόστολος
754 709 1032 763 αὐτοκράτωρ
1065 708 1131 750 ἕπὶ
1161 713 1211 764 τῇ
1240 712 1327 751 τῶν
1357 710 1554 764 πατέρων
1575 711 1679 765 ὁμο·
1694 710 1742 747 20
1758 710 1836 747 ΡῙῙ
1846 710 1892 747 10
1908 709 1943 746 Α

179 778 272 832 νοίᾳ
302 778 447 832 ἡσθεὶς
479 778 685 827 ἐδεξιοῦτο
717 778 881 825 αὐτούς.
944 778 1019 820 καί
1045 793 1170 820 τινων
1199 782 1273 834 τῆς
1302 778 1409 833 ὑπὲρ
1440 783 1514 822 τοῦ
1544 785 1679 835 σωτῆ-

179 862 255 900 ρος
288 847 514 901 ὁμολογίας
551 847 771 902 φερόντων
806 846 855 888 τὰ
893 847 1091 901 στίγματα
1130 847 1174 889 ἒν
1209 851 1295 894 τοῖς
1330 848 1512 903 σώμασι,
1551 865 1679 904 κατη-

121 916 168 953 10
180 915 358 964 σπάζετο
395 915 444 957 τὰ
480 916 768 971 πεπηρωμένα
805 916 967 958 τούτων
1004 916 1108 970 μέλη
1149 915 1219 957 καὶ
1254 916 1384 971 μόρια
1421 917 1492 959 καὶ
1529 918 1682 965 αὐτοὺς

180 982 247 1024 διὰ
283 983 356 1030 τὰς
400 984 613 1039 πηρώσεις
658 985 800 1026 αὐτῶν
836 984 1075 1038 ἐμακάριζε.
1145 985 1361 1027 δοθέντων
1399 986 1444 1028 δὲ
1480 986 1680 1042 λιβέλλων
1693 986 1738 1022 21

178 1052 296 1106 αὐτῷ
326 1053 433 1094 κατά
463 1068 588 1094 τινων
619 1052 876 1106 ἐπισκόπων,
909 1050 995 1095 οὔτ’
1029 1053 1192 1107 ἀνέγνω
1221 1054 1395 1101 τούτους
1416 1052 1502 1097 οὔτ’
1526 1057 1583 1102 εἷς
1605 1057 1677 1111 ζή-

177 1136 291 1175 τησιν
318 1122 504 1176 ἤνεγκεν,
537 1119 624 1163 ἀλλ’
648 1122 829 1163 ἐνώπιον
851 1122 1050 1164 ἁπάντων
1070 1122 1170 1176 πυρὶ
1192 1122 1345 1169 αὐτοὺς
1366 1123 1677 1179 ἄπετέφρωσεν,

178 1188 360 1232 ἐπειπὼν
392 1191 451 1232 ὅτι
482 1191 600 1232 “κᾶν
636 1191 844 1245 αὐτόπτης
881 1190 1084 1245 ἐγενόμην
1123 1191 1353 1246 ἀρχιερέως
1390 1191 1500 1240 τινὸς
1538 1194 1677 1248 ἆμαρ-

118 1260 164 1296 15
176 1259 384 1312 τάνοντος,
424 1263 474 1314 τῇ
510 1259 741 1314 πορφυρίδι
777 1275 863 1314 μου
895 1261 947 1301 ἂν
978 1258 1106 1301 αὐτὸν
1137 1260 1455 1315 συνεκάλυψα.”
1516 1262 1678 1304 ἐκεῖθεν
1692 1263 1738 1299 22

177 1329 234 1374 εἷς
263 1327 310 1369 τὸ
341 1325 442 1382 παρ’
475 1329 604 1370 αὐτοῦ
636 1328 803 1370 κτισθὲν
833 1328 1040 1383 βασίλειον
1071 1328 1172 1370 ἄστυ
1203 1328 1300 1375 τοὺς
1328 1329 1473 1376 θείους
1493 1331 1679 1377 ἐκείνους

173 1397 424 1451 μεταγαγὼν
454 1398 638 1452 πατέρας
667 1397 739 1439 καὶ
768 1402 843 1453 τῆς
874 1398 919 1445 ἐξ
949 1397 1091 1439 αὐτῶν
1122 1397 1311 1451 εὐλογίας
1350 1399 1537 1446 ἀξιώσας
1574 1400 1676 1442 αὐτὸ

174 1465 246 1508 καὶ
276 1467 620 1522 χειροτονηθῆναι
645 1466 973 1522 παρασκευάσας
994 1467 1038 1508 ἒν
1060 1466 1178 1521 αὐτῷ
1199 1466 1394 1522 δεύτερον
1414 1468 1677 1525 πατριάρχην
1690 1470 1722 1506 Β

176 1608 198 1645 7
223 1610 319 1649 ὅπως
344 1609 485 1655 ἐτίμησε
511 1608 591 1649 τοὺς
617 1610 736 1656 ἁγίους
760 1610 911 1656 πατέρας
937 1611 959 1646 ὅ
980 1611 1146 1657 βασιλεύς
1173 1610 1236 1648 ΟΕ

247 1754 269 1789 3
295 1754 364 1789 ἔστι
391 1754 426 1789 D
615 1757 706 1800 post
732 1755 826 1795 τέλος
852 1755 944 1791 add.
971 1770 1032 1792 και
1057 1770 1106 1795 εις
1131 1755 1170 1791 τὸ
1194 1761 1333 1801 πνεῦμα
1359 1755 1397 1791 τὸ
1423 1757 1522 1802 ἅγιον
1547 1756 1677 1803 Bpr

248 1801 270 1837 6
295 1807 357 1838 τοῦ
384 1805 478 1838 ante
502 1803 718 1864 μακεδόνίου
746 1803 837 1838 add.
866 1804 896 1838 E
1060 1805 1082 1839 8
1109 1807 1201 1849 post
1225 1818 1332 1840 τινων
1358 1804 1450 1840 add.
1477 1819 1548 1840 των
1574 1805 1677 1852 pr

295 1855 355 1896 τῆς
369 1849 455 1895 ὑπὲρ
475 1849 556 1895 AR,
582 1851 669 1896 ὑπὲρ
684 1856 744 1896 τῆς
758 1850 930 1897 prDz',
958 1851 1072 1888 Cedr.
1101 1851 1118 1887 I
1145 1863 1180 1898 p.
1208 1852 1289 1897 501,
1306 1853 1325 1887 1
1352 1852 1411 1888 διὰ
1437 1852 1499 1898 τὴν
1524 1854 1574 1892 εἷς
1591 1855 1680 1897 Χρι-

248 1898 328 1933 στὸν
355 1899 541 1943 ὁμολογίαν
566 1905 666 1935 τοῦτο
690 1900 886 1935 πεπόνθασι
997 1900 1019 1934 9
1045 1900 1206 1945 σώμασιν
1231 1900 1333 1946 pr
1343 1899 1410 1944 Di,
1437 1912 1475 1936 V.
1503 1901 1556 1936 ad
1582 1901 1679 1937 XIII

247 1946 279 1989 1,
295 1946 317 1982 5
393 1946 439 1982 10
463 1947 597 1982 τούτων
612 1958 687 1983 om.
703 1947 732 1984 C
805 1947 1001 1993 μεγάληῙ),
1021 1959 1123 1983 corn
1138 1947 1208 1986 Dw
1283 1949 1401 1984 11.12
1425 1949 1619 1994 ἐμακάριζε
1635 1969 1678 1974 -

247 1994 450 2030 ἐπισκόπων
478 2005 553 2030 om.
580 1995 611 2031 E
758 1995 802 2031 13
828 1996 993 2032 ἁπάντων
1018 1994 1166 2042 Apr,
1192 1996 1309 2032 αὐτῶν
1336 1996 1367 2032 E
1527 1997 1573 2033 15
1598 1997 1679 2033 ἀπε·

248 2042 396 2088 κάλυψα
422 2042 453 2077 Ε

0 1560 34 1910 *Qffw

177 2185 229 2222 de
255 2187 381 2232 patris
408 2190 447 2222 et
474 2187 541 2222 filii
568 2187 779 2224 divinitate
797 2187 1044 2232 disserendo,
1073 2199 1155 2224 non
1173 2188 1280 2224 ultra
1298 2189 1397 2224 illud
1416 2200 1679 2235 progressum

176 2233 323 2270 “Cuius
348 2235 466 2281 regni
492 2245 575 2270 non
602 2236 677 2271 erit
707 2235 820 2270 finis”
852 2239 975 2280 atque
1006 2237 1047 2271 in
1079 2246 1126 2271 eo
1160 2236 1288 2272 desiit.
1338 2236 1440 2273 Nam
1473 2238 1680 2283 theologia
1697 2235 1740 2270 19

178 2281 228 2317 de
255 2261 419 2328 spirituo
426 2286 566 2318 sancto
593 2283 762 2329 posthac
786 2284 828 2318 in
847 2283 1027 2319 secundo
1048 2284 1217 2320 concilio
1237 2288 1378 2320 contra
1397 2285 1680 2321 Macedonium

179 2333 442 2376 congregato,
470 2341 518 2366 ea
546 2332 784 2376 quaestione
811 2332 979 2377 agitata,
1006 2332 1167 2367 adiecta
1194 2336 1264 2367 est.

297 2376 349 2413 At
380 2379 601 2425 imperator
633 2390 707 2424 par
746 2380 949 2424 apostolis,
991 2383 1150 2424 patrum
1190 2381 1409 2415 concordia
1445 2379 1742 2424 (lelectatus‚‘.20

179 2425 364 2461 dextram
391 2427 449 2462 eis
476 2427 668 2472 porrexit.
719 2426 854 2472 Atque
881 2427 1150 2472 quorundam,
1179 2429 1247 2473 qui
1274 2433 1392 2463 notas
1413 2429 1680 2464 confessionis

180 2473 230 2510 de
256 2474 460 2510 salvatore
486 2475 527 2509 in
555 2475 793 2520 corporibus
825 2476 906 2510 suis
939 2475 1150 2520 gerebant,
1186 2476 1369 2510 mutilata
1402 2476 1468 2510 illa
1501 2477 1681 2511 membra

179 2524 218 2557 et
252 2525 388 2567 partes
424 2522 740 2558 deosculabatur
774 2524 965 2569 ipsosque
1009 2524 1059 2557 ob
1098 2523 1371 2558 mutilationes
1410 2524 1498 2559 illos
1537 2525 1680 2560 beatos

179 2570 481 2614 pronuntiabat.
532 2569 709 2606 Libellos
732 2581 830 2606 vero
859 2575 983 2606 ‹eontr-
978 2582 998 2604 ·ι
1027 2570 1223 2615 quosdam
1245 2572 1458 2627 (piscopos
1478 2573 1553 2607 sibi
1575 2572 1681 2608 obla
1695 2570 1737 2605 21

179 2621 241 2652 tos
267 2627 401 2662 neque
431 2618 530 2674 legit
563 2628 697 2664 neque
730 2620 952 2654 examinari
993 2629 1135 2662 passus
1171 2623 1229 2653 (st
1269 2619 1339 2654 sed
1379 2620 1419 2654 in
1460 2631 1610 2666 ‹onsfu
1614 2624 1682 2656 ctu

182 2665 360 2700 omnium
399 2666 485 2711 igni
519 2666 743 2712 absumpsit
777 2666 924 2701 additis
961 2667 1020 2700 his
1054 2666 1209 2701 uubis.
1255 2667 1447 2702 ‘Etiamsi
1482 2668 1568 2713 ipse
1603 2670 1683 2714 epi

180 2723 347 2758 scopum
375 2723 492 2759 quem
521 2713 821 2759 delinquentem
851 2715 1052 2757 vidissmn
1087 2724 1269 2769 purpura
1295 2725 1383 2750 ine-1
1419 2725 1510 2750 oum
1546 2716 1625 2751 obv
1631 2717 1682 2751 ol-

181 2761 340 2796 vissem.
344 2760 366 2772 '‘
424 2761 524 2796 Inde
559 2771 649 2796 cum
687 2762 846 2797 divinos
882 2763 969 2797 illos
1002 2766 1138 2807 panes
1170 2763 1210 2796 in
1237 2762 1379 2798 urbem
1406 2764 1561 2809 regiam
1589 2775 1612 2798 ·ι
1640 2763 1742 2799 5822

182 2808 384 2843 conditam
425 2808 684 2849 traduxisset
722 2813 768 2844 ut
806 2820 892 2844 (am
934 2810 1076 2844 inustis
1116 2811 1511 2855 compi-mationibus
1548 2822 1682 2857 proso

184 2860 404 2903 querentur
431 2861 471 2893 et
498 2857 722 2894 secundum
756 2859 1027 2905 patrzinelrnu
1064 2858 1105 2893 in
1141 2867 1189 2893 ea
1224 2858 1462 2905 delig·m·,ent
1497 2863 1683 2897 sanctum
