2054 3282
2027 67 2029 69 -
2010 0 2036 55 ,,4;Ἐ

343 233 413 270 536
743 231 924 270 ZONAR.
951 231 1082 267 EPIT.
1108 230 1220 267 XVII
1245 230 1278 276 4,
1303 230 1432 267 3-14.

308 355 389 396 4τό
411 356 541 409 ἅρμα.
604 354 709 396 κατὰ
733 353 871 408 δὲτὴν
893 351 1134 406 Πλακωτὴν
1165 352 1391 407 λεγομένην
1423 352 1646 407 γενόμενος
1677 353 1836 407 ἀγορὰν

345 423 525 464 ἀπέδυσε
561 422 632 464 τὸν
664 422 848 475 Βορίσην
884 420 932 461 τὰ
969 425 1041 475 τῆς
1076 419 1192 474 παρὰ
1223 425 1308 467 τοῖς
1339 421 1601 475 Βουλγάροις
1631 422 1837 476 βασιλείας

309 491 574 545 ὅπαράσημα
596 490 748 543 καὶτῷ
778 493 863 530 τῶν
893 490 1134 542 μαγίστρων
1165 489 1351 543 ἐτίμησεν
1379 489 1591 543 ἀξιώματι.
1654 489 1678 530 ὁ
1698 490 1837 543 μέντοι

344 559 705 613 Σφενόοσθλάβος
746 557 849 611 μετὰ
886 561 971 598 τῶν
1005 557 1110 603 Ῥῶς
1148 555 1210 598 ἔπ’
1250 559 1369 599 οἴκου
1411 557 1663 611 ἀναζευγνὺς
1698 557 1837 612 λόχοις

343 627 568 680 περιπίπτει
599 630 684 667 τῶν
714 626 1007 679 Πατζινάκων,
1040 626 1111 667 καὶ
1140 626 1289 672 πάντες
1320 625 1473 679 ἀθρόοι
1505 626 1735 668 ἀπώλοντο.
1849 631 1873 666 5

309 698 331 731 6
469 693 603 740 Οὗτος
634 694 658 734 ὁ
694 693 885 748 βασιλεὺς
920 693 991 735 τὸν
1030 695 1073 735 ἒν
1109 698 1158 749 τῇ
1190 693 1344 748 Χαλκῇ
1386 693 1488 735 ναὸν
1530 698 1604 735 τοῦ
1648 699 1838 749 σωτῆρος

311 762 531 815 7Χριστοῦ
562 762 895 816 μεγαλοπρεπῶς
927 762 1176 816 ἒόομήσατο.
1238 766 1311 803 τοῦ
1345 762 1390 803 δὲ
1420 762 1679 817 πατριάρχου
1707 763 1836 804 Βασι-

344 830 453 871 λείου
493 830 562 870 ἐπί
600 845 675 871 τισι
718 831 1083 885 κατηγορηθέντος
1126 831 1354 885 ἐγκλήμασι
1397 830 1468 871 καὶ
1510 831 1847 885 καθαιρεθέντος

345 898 579 944 συνοὸικῶς
621 897 724 952 μετὰ
761 899 965 951 τέσσαρας
1002 898 1212 945 ἐνιαυτοὺς
1249 903 1321 953 τῆς
1359 899 1487 940 αὐτοῦ
1525 899 1836 953 προχειρίσεως,

345 967 640 1021 ἐχειροτονήθη
672 967 930 1020 πατριάρχης
961 967 985 1008 ὅ
1016 966 1244 1021 Στουὸίτης
1269 966 1501 1012 Ἀντώνιος.
1853 974 1900 1009 10

85 1036 283 1074 P11215A
309 1038 331 1072 8
456 1034 546 1076 ‘'On
578 1034 623 1075 δὲ
654 1035 698 1076 αἱ
734 1035 1060 1089 προσκτηθεῖσαι
1087 1034 1308 1088 Ῥωμαίοις
1343 1034 1482 1080 πόλεις
1518 1034 1623 1076 κατὰ
1662 1034 1736 1089 τὴν
1778 1035 1837 1076 ἕω

344 1102 453 1157 πρὸς
491 1103 745 1144 ἀποστασίαν
784 1103 954 1144 ἀπεῖόον
990 1102 1061 1144 καὶ
1097 1102 1167 1144 τὸν
1197 1107 1268 1157 τῆς
1301 1103 1490 1149 δουλείας
1520 1102 1647 1156 ζυγὸν
1677 1103 1887 1145 ἀπεσεί-Ι)
1909 1110 1959 1147 1V
1982 1110 2054 1147 103*

346 1187 470 1213 σαντο
507 1171 577 1213 καὶ
612 1171 709 1218 τοὺς
747 1170 927 1226 δεσμοὺς
967 1172 1188 1226 διέρρηξαν
1224 1176 1296 1226 τῆς
1326 1175 1411 1213 τῶν
1437 1171 1660 1226 Ῥωμαίων
1691 1172 1837 1226 ἀρχῆς,

310 1241 655 1294 9ἒξεστράτευσεν
676 1241 700 1282 ὁ
721 1239 911 1294 βασιλεὺς
936 1238 1026 1281 κατ’
1050 1240 1206 1281 αὐτῶν·
1238 1239 1309 1281 καὶ
1340 1242 1415 1286 οὓς
1443 1239 1522 1294 μὲν
1553 1240 1840 1294 ἀπραγμόνως

346 1309 648 1362 ὗποκύψαντας
679 1307 817 1362 αὖθις,
851 1310 925 1354 οὓς
957 1308 1002 1350 δὲ
1028 1309 1190 1363 σιδήρῳ
1211 1308 1282 1349 καὶ
1304 1308 1464 1362 ἀνάγκῃ
1486 1309 1620 1364 πολλῇ
1640 1314 1702 1363 τῷ
1724 1310 1840 1363 ζυγῷ
1854 1316 1900 1352 15

289 1382 334 1416 10
345 1381 417 1432 τῆς
454 1380 540 1418 τῶν
573 1377 796 1431 Ῥωμαίων
833 1378 966 1432 ἀρχῆς
1002 1377 1250 1431 ὑπηγάγετο.
1314 1377 1566 1431 ἀναζευγνὺς
1603 1374 1640 1419 δ’
1678 1378 1840 1419 ἐκεῖθεν

347 1543 368 1578 6
394 1542 474 1587 περὶ
492 1547 552 1578 τοῦ
577 1542 614 1577 ἕν
631 1548 672 1588 τῇ
689 1543 818 1588 Χαλκῇ
843 1543 926 1586 (τοῖς
943 1542 1088 1587 χαλκοῖς
1107 1542 1150 1586 C)
1176 1547 1261 1578 ναοῦ
1284 1548 1344 1578 τοῦ
1370 1548 1529 1588 σωτῆρος
1556 1542 1618 1579 ΟΕ
1715 1542 1737 1578 7
1761 1542 1840 1586 περὶ

345 1595 574 1635 πατριαρχῶν
601 1589 664 1626 CE
762 1591 804 1625 11
833 1591 893 1624 ὅτι,
910 1590 1222 1635 ἀποστατησάντων
1247 1595 1318 1625 τῶν
1343 1591 1446 1635 ἑῴων
1470 1591 1665 1636 βαρβάρων
1682 1590 1840 1634 ἐξεστρά-

346 1651 465 1672 τευσεν
491 1639 512 1672 ό
534 1637 698 1684 βασιλεὺς
722 1637 799 1673 κατ’
825 1638 958 1673 αὐτῶν·
986 1638 1046 1673 καὶ
1072 1639 1156 1673 ὅθεν
1182 1639 1202 1672 ὁ
1224 1639 1543 1682 παρακοιμώμενος
1565 1638 1743 1683 ἠρεθίσθη
1770 1638 1840 1672 ε’πι-

345 1686 532 1730 βουλεῦσαι
558 1685 655 1730 αὐτῷ
681 1685 803 1730 (αὐτοῦ
817 1684 878 1728 C)·
906 1685 966 1721 καὶ
991 1687 1089 1725 ὅπως
1114 1685 1364 1732 ἐπεβούλευσεν
1391 1685 1453 1722 CE
1480 1686 1553 1728 (καὶ
1566 1685 1839 1733 ὅθεν-ἐπεβού-

344 1733 466 1768 λευσεν
493 1744 567 1768 om.
595 1733 640 1775 Ε)

418 1882 435 1916 1
464 1885 558 1917 ante
583 1882 773 1927 λεγομένην
798 1882 890 1917 add.
917 1881 979 1928 τὴν
1006 1882 1041 1916 D
1163 1883 1186 1917 ‘2
1211 1887 1270 1927 τῆς
1298 1893 1372 1917 om.
1398 1882 1434 1917 D
1551 1883 1784 1928 βουλαγαρίας
1810 1882 1839 1919 C

463 1930 641 1975 βασιλείας
669 1940 745 1965 om.
773 1928 801 1966 C
911 1930 934 1965 4
959 1930 1248 1976 σφενδόσθλαβος
1274 1930 1382 1975 Ewp,
1410 1941 1447 1964 v.
1474 1930 1526 1965 ad
1551 1930 1661 1965 XVII
1687 1930 1720 1974 2,
1746 1930 1792 1965 34

464 1976 537 2022 ρὼς
563 1975 725 2022 prDi
862 1977 883 2012 7
910 1982 1000 2022 post
1025 1978 1212 2013 Βασιλείου
1239 1977 1330 2013 add.
1357 1983 1416 2013 τοῦ
1442 1979 1716 2023 σκαμανδρηνοῦ
1742 1978 1838 2023 Ewp

416 2025 439 2060 8
464 2024 709 2070 κατηγορηθὲν
735 2024 770 2059 D
912 2025 945 2060 8.
972 2025 994 2060 9
1022 2026 1165 2070 καθαιρ.
1192 2026 1390 2064 συνοόικῶς
1417 2028 1507 2071 post
1530 2026 1780 2070 προχειρίσεως
1807 2025 1838 2061 O

417 2072 459 2106 11
488 2077 582 2108 ante
607 2072 779 2117 ῥωμαίοις
806 2072 897 2108 add.
925 2078 995 2112 τοῖς
1022 2073 1156 2118 DEwp
1254 2073 1425 2117 ῥωμαίοις
1443 2071 1610 2118 prDz',
1636 2073 1787 2117 ῥωμαίοι
1803 2071 1838 2107 Α

463 2119 557 2155 ἑώαν
580 2121 708 2165 μοῖραν
727 2119 758 2156 Ο
858 2120 902 2155 13
928 2125 998 2155 τῶν
1026 2131 1101 2156 om.
1126 2120 1162 2155 D
1262 2121 1306 2155 15
1332 2121 1467 2165 σιδηρῷ
1493 2119 1580 2166 w*p
1606 2121 1742 2155 invitis
1767 2119 1839 2156 AR

417 2167 461 2202 16
487 2172 557 2202 τῶν
577 2178 651 2204 om.
671 2168 712 2212 E,
735 2167 930 2214 ὑπηγάγετο
947 2166 1116 2214 prDi,
1142 2168 1331 2214 ἐπηγάγετο
1350 2171 1389 2203 et
1405 2168 1509 2214 ῦπηγ.
1528 2178 1601 2214 per
1621 2168 1784 2215 dittogr.
1802 2166 1838 2203 A

307 2325 439 2372 4gine
466 2327 658 2372 deiparae
684 2328 891 2372 collocata,
917 2329 1147 2374 praecessit.
1198 2327 1296 2364 Cum
1323 2332 1457 2364 autem
1483 2329 1524 2363 in
1550 2329 1682 2364 forum
1701 2329 1838 2364 Placo-

342 2377 426 2409 tum
445 2375 708 2420 pervenisset,
734 2375 913 2411 Borisem
931 2375 1157 2422 Bulgaricis
1179 2377 1406 2422 insignibus
1429 2376 1621 2422 depositis
1640 2376 1837 2422 dignitate

307 2419 605 2466 omagistratus
633 2424 804 2458 ornavit.
855 2422 907 2459 At
934 2422 1306 2469 Sphendosthlabus
1333 2434 1424 2458 cum
1450 2423 1589 2459 Russis
1616 2425 1770 2459 cunctis
1795 2425 1836 2459 in

343 2469 476 2504 reditu
491 2469 801 2505 Patzinaeorum
815 2470 971 2506 insidiis
986 2475 1181 2516 exceptus
1200 2471 1252 2505 ad
1270 2471 1584 2506 internecionem
1605 2481 1746 2507 caesus
1765 2475 1836 2507 est.

306 2515 328 2549 6
461 2516 571 2552 Idem
605 2517 669 2552 hic
700 2528 773 2553 rex
807 2519 1026 2553 servatoris
1053 2517 1196 2554 Christi
1228 2519 1421 2563 templum
1446 2519 1487 2553 in
1514 2518 1658 2554 Chalee
1683 2520 1836 2564 magni-

307 2563 459 2598 7ficum
488 2565 700 2600 exstruxit.
749 2565 986 2600 Patriarcha
1006 2565 1178 2601 Basilius
1200 2575 1290 2600 cum
1317 2569 1408 2610 post
1434 2566 1744 2611 quadriennium
1771 2566 1836 2601 de-

342 2611 580 2655 signationis
611 2612 661 2647 de
689 2612 930 2658 quibusdam
958 2613 1125 2649 obiectis
1152 2613 1384 2648 criminibus
1410 2623 1482 2658 per
1508 2614 1720 2649 concilium
1746 2614 1835 2649 loco

340 2662 472 2693 motus
499 2662 613 2703 esset,
641 2658 841 2695 Antonius
867 2659 1027 2696 studita
1051 2661 1281 2706 patriarcha
1308 2664 1367 2695 est
1394 2660 1641 2706 designatus.

305 2705 327 2739 8
459 2705 546 2741 Rex
581 2716 677 2742 vero
711 2710 853 2742 contra
885 2708 1007 2744 urbes
1033 2707 1214 2743 Romano
1246 2708 1414 2753 imperio
1445 2708 1486 2742 in
1514 2708 1676 2743 Oriente
1702 2709 1836 2753 acqui-

341 2753 447 2795 sitas,
479 2763 584 2797 quae
612 2754 663 2788 ad
691 2755 957 2790 defectionem
984 2755 1280 2791 inclinaverant
1306 2759 1344 2790 et
1370 2756 1576 2790 servitutis
1601 2757 1743 2801 iugum
1769 2766 1836 2791 ex-

342 2804 551 2835 cusserant
589 2805 628 2836 et
666 2801 874 2838 Romanae
912 2802 1081 2838 dicionis
1119 2802 1283 2838 vincula
1325 2806 1533 2848 ruperant,
1577 2803 1835 2848 expeditione

305 2846 541 2892 9suscepta,
567 2848 668 2884 alias
694 2849 804 2884 nullo
833 2850 997 2895 negotio
1024 2850 1076 2884 ad
1105 2850 1277 2885 officium
1303 2860 1500 2893 reversas,
1528 2851 1627 2885 alias
1653 2852 1760 2885 ferro
1787 2861 1836 2885 ac

281 2892 326 2927 10
340 2903 489 2939 magna
517 2895 557 2928 vi
583 2896 658 2930 sub
685 2897 826 2942 iugum
854 2898 1066 2942 pristinum
1092 2897 1265 2933 reduxit.
1318 2896 1416 2933 Cum
1442 2898 1537 2933 inde
1562 2898 1722 2934 rediens
1749 2908 1835 2933 ver-
