2054 3282
375 234 445 270 524
747 234 927 272 ZONAR.
955 235 1085 270 EPIT.
1112 234 1223 270 XVII
1252 235 1281 279 1,
1309 235 1436 280 ‘Al-9,
1462 236 1495 271 6.

374 357 592 411 τριάκοντα
636 357 845 411 μυριάδας
889 357 1208 410 (ἰριτ9’,ιιοι,’[ιιέιήι’
1248 357 1547 410 σι,·στησάμενοι
1583 357 1656 412 τὴν
1693 358 1868 414 Θρᾴκην

102 426 294 463 W111168
315 429 361 463 22
375 427 542 467 ἅπασαν
579 427 797 480 ἐληίζοντο.
860 425 1019 470 τούτοις
1058 423 1133 464 οὖν
1169 424 1228 478 μὴ
1268 425 1448 478 θαρρῶν
1479 425 1503 466 ὁ
1534 426 1731 480 Σκληρός
1761 443 1866 481 συμ-

373 495 488 548 μίξαι
519 495 589 535 καὶ
620 494 725 535 κατὰ
758 494 965 547 συστάδην
995 494 1263 547 μαχέσασθαι
1297 492 1541 546 (πολλοστὸν
1573 493 1652 548 γὰρ
1685 494 1736 549 ἦν
1760 495 1868 548 πρὸς

374 562 419 604 τὸ
450 563 615 617 πλῆθος
652 563 823 604 ἐκείνων
860 562 905 603 τὸ
941 559 1029 616 μετ’
1063 563 1192 603 αὐτοῦ
1231 563 1539 616 στρατιωτικόν)
1582 569 1868 618 στρατηγικαῖς

257 632 287 666 Β
314 634 360 668 23
371 631 575 685 μεθ’όόοις
606 631 701 677 τοὺς
731 631 978 685 βαρβάρους
1009 632 1335 685 κατηγωνίσατο.
1398 632 1468 673 καὶ
1498 636 1668 686 πρῶτον
1698 633 1776 687 μὲν
1796 633 1902 674 iri-5

373 716 475 754 χους
495 700 676 745 καθίσας
697 699 767 740 καὶ
787 699 933 754 μόνοις
955 703 1039 745 τοῖς
1062 698 1342 748 ῙΙατζινάκαις
1371 700 1563 742 ἐπελθὼν
1594 701 1664 742 καὶ
1695 702 1867 756 εὐφυῶς

373 767 524 814 αὖτοὺς
554 768 822 822 περιαγαγὼν
853 769 909 814 εἷς
940 768 1036 814 τοὺς
1067 768 1231 822 λόχους,
1278 768 1375 815 τοὺς
1404 769 1482 823 μὲν
1513 769 1655 823 ἀνεῖλε,
1699 769 1796 816 τοὺς
1827 767 1865 812 δ’

372 836 449 877 εἷλε
489 838 666 885 ζῶντας·
711 836 793 878 εἶτα
834 837 904 878 καὶ
940 841 1024 883 τοῖς
1055 837 1192 883 ἄλλοις
1225 838 1470 891 συμμίξαντι
1499 838 1622 892 μέχρι
1652 839 1731 892 μέν
1760 855 1868 885 τινος

312 907 357 942 94
372 904 598 959 ἰσόρροπος
630 905 681 959 ἦν
712 906 737 959 ἡ
769 906 885 960 μάχη
919 907 1051 960 αὐτῷ·
1085 906 1147 952 ὡς
1173 907 1220 947 δέ
1240 923 1296 952 τις
1317 909 1402 947 τῶν
1423 906 1616 947 Σκυθῶν
1646 905 1717 947 καὶ
1748 907 1867 960 ὄγκῳ

372 974 569 1027 σώματος
612 973 683 1014 καὶ
725 979 867 1029 ψυχῆς
909 975 1200 1029 παραστήματι
1244 979 1429 1028 γενναῖος
1472 974 1572 1015 εἶναι
1616 975 1760 1017 δοκῶν
1796 975 1867 1017 καὶ
1886 979 1927 1014 10

371 1045 456 1083 τῶν
487 1042 706 1096 ὁμογενῶν
738 1043 936 1084 ἁπάντων
957 1044 1204 1097 ὒπερτερεῖν,
1238 1044 1354 1097 ὁρῶν
1375 1043 1446 1084 τὸν
1467 1043 1665 1098 Σκληρόν
1686 1045 1867 1098 ἔφιππον

372 1110 524 1151 ὃιιόντα
554 1110 626 1157 τὰς
655 1108 728 1165 ὑφ’
753 1111 901 1153 ἑαυτὸν
931 1112 1063 1160 τάξεις
1093 1111 1164 1154 καὶ
1195 1112 1346 1158 ταύτας
1372 1113 1429 1158 εἷς
1450 1111 1582 1166 ἀλκὴν
1604 1113 1865 1166 διεγείροντα,

370 1179 545 1233 ὥρμησε
566 1176 656 1220 κατ’
681 1179 840 1221 ἐκείνου
862 1179 933 1221 καὶ
954 1181 1182 1234 κατήνεγκε
1210 1180 1256 1221 τὸ
1289 1181 1410 1234 ξίφος
1441 1180 1546 1222 κατὰ
1578 1185 1650 1235 τῆς
1680 1182 1867 1236 κεφαλῆς

370 1251 443 1288 τοῦ
483 1247 654 1301 ἀνδρός·
699 1247 745 1289 τὸ
786 1248 830 1289 δὲ
867 1253 916 1303 τῇ
947 1253 1021 1290 τοῦ
1053 1249 1237 1302 κράνους
1269 1249 1381 1303 ἰσχύϊ
1407 1249 1478 1290 καὶ
1507 1254 1557 1304 τῇ
1588 1250 1756 1304 λειότητι
1787 1251 1866 1305 οὐχ

310 1318 357 1354 25
370 1317 510 1370 ἥψατο
532 1317 672 1358 αὐτοῦ.
736 1316 760 1357 0‘
783 1316 978 1371 Σκληρός
1000 1316 1124 1363 αὖθις
1144 1317 1249 1358 κατὰ
1275 1323 1347 1372 τῆς
1377 1318 1564 1373 κεφαλῆς
1594 1317 1665 1359 τὸν
1686 1318 1867 1374 Σκύθην
1884 1321 1925 1357 15

369 1385 605 1439 ἀντέπληξε,
650 1385 721 1426 καὶ
752 1386 776 1439 ἡ
809 1389 883 1427 τοῦ
922 1386 1070 1440 ξίφους
1108 1386 1332 1440 καταφορὰ
1372 1388 1429 1432 εἰς
1465 1391 1663 1428 τοσοῦτον
1701 1387 1915 1441 γέγονενΙ)
1933 1392 1985 1427 IV
2000 1391 2046 1428 95

326 1455 354 1492 C
369 1452 537 1507 ἐνεργὸς
568 1453 630 1500 ὡς
662 1454 756 1509 διχῇ
782 1455 992 1509 τμηθῆναι
1012 1454 1084 1496 τὸν
1103 1456 1324 1509 βάρβαρον
1345 1455 1415 1496 καὶ
1437 1456 1619 1510 ἡμίτομα
1642 1460 1715 1497 τοῦ
1737 1457 1866 1498 ἵππου

309 1525 356 1561 26
368 1520 417 1561 τὰ
448 1522 556 1576 μέρη
590 1522 718 1564 αὐτοῦ
750 1523 946 1564 ἐκπεσεῖν.
1009 1524 1049 1564 οἱ
1078 1524 1288 1578 βάρβαροι
1319 1524 1431 1565 δὲτὸ
1453 1525 1577 1578 ἔργον
1599 1524 1867 1578 ἐκπλαγέντες

369 1590 426 1640 εἷς
459 1590 609 1631 δειλίαν
641 1591 835 1632 ἐνέπεσον
866 1591 937 1632 καὶ
968 1592 1025 1637 εἷς
1062 1591 1202 1647 φυγὴν
1242 1593 1388 1634 αὐτίκα
1427 1593 1675 1648 ἐτράπησαν,
1722 1593 1784 1640 οἷς
1827 1595 1868 1635 οἳ

368 1731 391 1766 2
415 1732 513 1770 ὅπως
538 1733 559 1766 ὁ
582 1732 748 1778 Σκληρός
774 1733 853 1771 τοὺς
874 1734 964 1772 Ῥῶς
984 1733 1070 1777 (ῥὼς
1085 1733 1162 1775 CE)
1182 1735 1444 1779 κατηγωνίσατο
1462 1734 1523 1769 καὶ
1546 1734 1624 1774 τοὺς
1642 1741 1864 1781 συμμαχοῦν-

368 1793 426 1818 τας
452 1779 569 1819 αὐτοῖς
595 1779 658 1816 CE
760 1780 802 1816 15
829 1782 1026 1826 σημείωσαι
1053 1781 1086 1816 A

442 1912 459 1946 1
488 1911 756 1957 ἇριθμουμένην
786 1924 860 1948 om.
888 1913 924 1948 D
1038 1913 1060 1948 4
1085 1914 1198 1948 ἐκεῖνο
1224 1913 1259 1948 D
1369 1913 1494 1953 αὐτοὺς
1517 1914 1521 1958 Ι
1544 1914 1580 1948 D
1691 1915 1714 1949 8
1739 1916 1863 1959 συμμί-

439 1961 558 2000 ξαντες
585 1959 620 1994 D
753 1960 795 1994 11
821 1961 963 1995 πάντων
990 1962 1189 2006 ὑπερτερεῖν
1214 1967 1284 1996 τῶν
1310 1962 1489 2006 ὁμογενῶν
1515 1962 1546 1997 Ο
1675 1962 1719 1996 12
1743 1962 1865 1997 ἑαυτὸν

440 2005 660 2053 EstpDi,
685 2007 820 2043 ἑαυτῶν
845 2007 912 2043 ΑΒ
1012 2010 1056 2045 15
1082 2009 1121 2044 δὲ
1140 2013 1234 2045 ante
1254 2009 1407 2054 σκληρὸς
1430 2009 1521 2044 add.
1540 2008 1708 2054 prDi,
1735 2021 1809 2045 om.
1830 2010 1863 2045 A

441 2055 484 2089 16
509 2055 558 2093 εἷς
583 2054 696 2101 Awp,
721 2056 756 2095 ἒς
782 2056 826 2100 R,
853 2067 890 2091 V.
918 2057 970 2091 ad
995 2056 1086 2092 XIV
1114 2057 1170 2101 12,
1197 2057 1241 2091 14
1396 2058 1451 2092 17.
1479 2057 1524 2092 18
1549 2062 1609 2092 τοῦ
1637 2058 1743 2092 &mov
1769 2061 1864 2093 ante

438 2103 598 2138 ἐκπεσεῖν
623 2103 720 2149 Ewp
822 2104 864 2139 18
890 2103 929 2139 δὲ
956 2115 1030 2139 om.
1058 2104 1157 2151 pr
1259 2105 1303 2140 19
1329 2105 1475 2140 δειλειάν
1500 2105 1661 2146 ἐξέπεσον
1687 2105 1736 2152 ρ*

368 2239 420 2274 ad
451 2240 544 2275 belli
577 2241 809 2276 societatem
841 2242 987 2286 ascitis,
1027 2243 1210 2278 exercitu
1241 2243 1399 2278 circiter
1426 2241 1518 2278 CCC
1544 2242 1694 2277 milium
1721 2245 1861 2278 coacto

307 2284 353 2320 22
368 2287 581 2323 Thraciam
601 2298 758 2323 omnem
777 2289 1005 2334 populatur.
1057 2289 1227 2334 Sclerus,
1255 2291 1323 2336 qui
1351 2300 1442 2325 cum
1468 2292 1581 2325 tanta
1606 2290 1863 2325 multitudine

368 2336 454 2370 acie
481 2335 676 2381 congredi
703 2346 783 2371 non
811 2337 993 2382 auderet,
1021 2338 1170 2384 quippe
1197 2338 1323 2383 copiis
1348 2338 1473 2373 multo
1496 2338 1675 2380 inferior,
1700 2338 1861 2372 militari

307 2381 353 2416 23
367 2382 543 2418 sollertia
575 2383 774 2419 barbaros
811 2384 970 2420 devicit.
1020 2385 1079 2420 Ac
1105 2386 1276 2431 primum
1304 2385 1463 2430 quidem
1491 2385 1729 2420 Patzinacas
1755 2385 1861 2420 solos

366 2430 407 2464 in
433 2430 598 2466 insidias
630 2430 773 2466 callide
807 2432 997 2477 pellectos
1029 2434 1174 2478 partim
1207 2433 1362 2475 cecidit,
1399 2433 1544 2478 partim
1582 2433 1699 2467 vivos
1737 2433 1859 2478 cepit;

306 2476 351 2511 24
367 2477 513 2513 deinde
554 2489 643 2513 cum
688 2480 830 2514 ceteris
873 2479 1123 2524 aliquamdiu
1164 2490 1294 2526 aequo
1334 2480 1460 2515 Marte
1499 2481 1712 2525 pugnavit.
1780 2479 1859 2515 Sed

366 2535 456 2560 cum
484 2525 648 2570 quidam
674 2536 724 2561 ex
752 2525 909 2572 Scythis
941 2532 979 2562 et
1013 2528 1053 2562 vi
1087 2529 1267 2573 corporis
1299 2530 1338 2563 et
1369 2528 1491 2562 animi
1524 2528 1668 2573 vigore
1699 2527 1859 2569 florens,

366 2572 428 2607 vir
461 2573 647 2609 omnibus
680 2574 762 2608 suis
794 2575 1060 2620 popularibus
1095 2576 1290 2621 superior,
1331 2574 1508 2611 Sclerum
1548 2584 1642 2609 suas
1679 2575 1860 2620 legiones

366 2630 471 2664 equo
499 2621 743 2656 circumvehi
772 2625 810 2657 et
836 2622 887 2656 ad
914 2633 997 2658 rem
1025 2626 1189 2658 strenue
1215 2623 1435 2669 gerendam
1463 2622 1664 2657 cohortari
1685 2622 1859 2666 vidisset,

366 2668 566 2703 concitato
594 2679 698 2714 equo
726 2679 860 2704 ensem
888 2670 1009 2715 capiti
1038 2671 1113 2705 viri
1139 2671 1317 2716 impegit,
1348 2670 1417 2715 qui
1444 2676 1482 2704 et
1501 2669 1648 2704 duritie
1667 2673 1705 2705 et
1723 2670 1862 2705 levore

305 2715 351 2751 25
366 2715 510 2760 galeae
548 2716 733 2761 repulsus
771 2727 854 2752 non
894 2718 1136 2762 penetravit.
1194 2717 1354 2754 Sclerus
1393 2717 1554 2762 quidem
1593 2720 1706 2752 tanta
1744 2717 1861 2753 vehe-

365 2763 515 2797 mentia
554 2763 734 2808 gladium
769 2765 810 2799 in
844 2768 966 2810 caput
998 2763 1172 2810 Scythae
1203 2765 1321 2809 illisit,
1358 2768 1403 2799 ut
1441 2764 1642 2799 barbarus
1680 2765 1718 2799 in
1760 2764 1862 2800 duas

365 2813 502 2854 partes
543 2810 826 2855 dissecaretur,
868 2812 1108 2858 mediaeque
1144 2815 1280 2858 partes
1315 2813 1402 2847 eius
1435 2812 1639 2857 utrimque
1674 2812 1723 2847 de
1756 2822 1861 2857 equo

305 2855 351 2890 26
366 2856 610 2892 laberentur.
662 2858 749 2900 Qua
771 2869 814 2894 re
834 2859 996 2895 barbari
1017 2860 1217 2905 perterriti
1236 2860 1362 2906 fugae
1388 2859 1518 2894 statim
1539 2869 1580 2894 se
1607 2859 1861 2903 mandarunt,

368 2913 468 2950 quos
487 2903 652 2940 Romani
674 2916 698 2940 a
716 2908 832 2951 tergo
851 2907 1021 2943 insecuti
1041 2908 1186 2943 multos
1212 2907 1457 2950 occiderunt,
1484 2907 1629 2942 multos
1656 2909 1860 2952 ceperunt.
