1968 3302
508 216 1027 263 CONSTANTINOPOLIS
1054 214 1332 260 CONDITVR.
1633 214 1677 256 1¹?

172 348 438 402 πεντακόσια,
469 347 518 389 τὰ
549 347 628 402 μὲν
658 347 824 389 πλεῖστα
855 346 1038 401 μονήρη,
1077 346 1158 387 ἔστι
1191 342 1227 386 δ’
1262 346 1288 385 ἃ
1320 343 1392 386 καὶ
1430 343 1568 398 διήρη,
1606 342 1682 384 καί

173 434 272 460 τισιν
304 418 445 459 αὐτῶν
476 417 546 458 καὶ
578 417 625 458 ἐκ
657 420 729 471 τῆς
759 413 939 470 πρῴρας
970 414 1041 456 καὶ
1072 415 1119 456 ἐκ
1151 418 1224 469 τῆς
1260 413 1457 468 πρύμνης
1493 411 1676 467 πηδάλια
1693 414 1722 452 C

173 488 346 542 ἤσκητο,
391 486 461 528 καὶ
500 486 759 540 κυβερνήτας
796 485 950 530 ναύτας
987 500 1028 525 τε
1067 483 1239 529 διπλοῦς
1278 481 1402 537 εἶχον,
1449 481 1569 528 ὅπως
1607 481 1678 523 καὶ
1694 485 1738 520 18

175 555 398 597 ἕπιπλέωσι
428 554 499 596 καὶ
530 554 787 608 (Ξναχωρῶσι
822 553 882 607 μὴ
922 551 1277 607 ἀναστρεφόμενοι
1315 550 1387 592 καὶ
1423 549 1520 596 τοὺς
1559 550 1677 591 ἐναν-

138 624 285 669 5τίους
315 624 359 664 ἔν
389 639 431 664 τε
467 627 528 677 τῷ
568 621 775 676 πρόσπλῳ
815 622 885 662 καὶ
923 626 984 675 τῷ
1021 620 1202 674 ἀπόπλῳ
1240 619 1382 661 αὐτῶν
1419 618 1679 673 σφάλλωσι.”

173 691 282 746 πρὸς
311 691 471 737 τούτοις
503 691 644 744 ἐπάγει
676 690 700 731 ὁ
732 690 857 738 Δίων,
897 691 959 736 ὡς
990 690 1091 731 ἑπτὰ
1124 689 1209 730 ἀπὸ
1240 692 1326 730 τῶν
1363 686 1567 742 Θρᾳκίων
1597 703 1676 729 πυ-
1694 692 1738 728 19

173 761 261 803 λῶν
297 761 450 815 πύργοι
487 759 795 814 καθεστηκότες
833 759 942 813 πρὸς
978 758 1052 813 τὴν
1089 758 1309 800 θάλασσαν
1348 755 1472 812 ἦσαν·
1518 756 1679 798 τούτων
1691 762 1739 797 20

176 827 213 871 δ’
247 830 284 871 εἶ
310 830 390 883 μέν
420 845 477 875 τις
508 828 623 882 ἄλλῳ
660 843 721 882 τῳ
758 829 1023 882 προσέμιξεν,
1062 828 1220 882 ἥσυχος
1256 825 1324 881 ἦν·
1369 826 1407 867 εἰ
1441 825 1487 867 δὲ
1527 825 1578 880 δὴ
1617 830 1678 879 τῴ

173 898 334 953 πρώτῳ
365 914 399 939 τι
431 897 651 952 ἐνεβόησεν
682 899 707 951 ἢ
741 897 811 938 καὶ
842 897 962 938 λίθον
993 897 1291 950 προσέρριψεν,
1324 894 1450 940 αὐτός
1481 910 1522 935 τε
1548 893 1679 935 ἐλάλει

115 976 161 1012 10
175 967 222 1008 ἔκ
253 982 362 1013 τινος
391 970 586 1021 μηχανῆς
617 966 688 1007 καὶ
719 971 780 1020 τῷ
819 966 1003 1020 δευτέρῳ
1041 964 1087 1005 τὸ
1125 964 1228 1005 αὐτὸ
1264 963 1493 1018 παρεδίδου
1533 967 1677 1018 ποιεῖν,

174 1035 246 1077 καὶ
277 1036 390 1077 οὕτω
423 1034 490 1077 διὰ
522 1035 693 1076 πάντων
725 1034 886 1089 ὁμοίως
918 1034 1081 1088 ἐχώρει,
1116 1033 1216 1074 οὐδὲ
1248 1033 1521 1087 ἐπετάραττον
1552 1032 1677 1087 ἆλλή-
1693 1040 1737 1075 21

173 1105 286 1158 λους,
325 1103 412 1145 ἀλλ’
452 1104 495 1145 ἒν
531 1109 592 1157 τῷ
623 1104 739 1158 μέρει
770 1103 921 1149 πάντες
950 1102 1067 1157 παρόι
1098 1106 1172 1144 τοῦ
1204 1102 1289 1157 πρὸ
1322 1102 1451 1143 αὐτοῦ
1484 1102 1508 1143 ὁ
1540 1102 1680 1156 ἕτερος

173 1174 247 1228 τήν
277 1189 319 1215 τε
350 1173 502 1228 φωνὴν
533 1173 604 1214 καὶ
634 1173 708 1227 τὴν
740 1172 848 1227 ἠχὴν
881 1172 1125 1226 διεδέχοντο.

297 1242 472 1297 Τοιαύτη
495 1242 573 1296 μὲν
595 1240 671 1283 οὗν
691 1245 764 1283 τοῦ
788 1241 1021 1290 Βυζαντίου
1043 1241 1170 1282 πάλαι
1192 1242 1216 1295 ἡ
1239 1240 1358 1287 πόλις
1383 1241 1620 1296 ἐτύγχανεν·
1654 1241 1679 1282 ὃ
1693 1248 1740 1284 22
1756 1248 1790 1283 D
1806 1249 1854 1286 W
1869 1250 1963 1288 1118

114 1318 159 1353 15
176 1311 221 1353 δὲ
242 1311 434 1365 ἀοίδιμος
455 1312 773 1357 Κωνσταντῖνος
793 1310 1107 1352 πολλαπλασίαν
1129 1309 1258 1364 αὐτὴν
1280 1309 1557 1363 ἐξειργάσατο.
1605 1310 1677 1352 καὶ
1691 1318 1738 1354 23

176 1450 221 1486 14
243 1450 338 1535 περέ
349 1455 410 1486 τοῦ
436 1450 472 1485 ἒν
498 1455 548 1495 τῷ
567 1450 761 1495 Πλακωτῷ
791 1450 971 1494 (πλακοτῶ
990 1450 1035 1494 Ε)
1062 1451 1190 1495 κιόνος,
1218 1450 1278 1486 καὶ
1303 1454 1365 1486 τοῦ
1391 1450 1428 1485 ἓν
1453 1449 1551 1495 αὐτῷ
1573 1450 1675 1496 ἀγάλ-

171 1512 282 1544 ματος
340 1498 372 1534 Ε

246 1628 265 1663 1
292 1628 398 1674 ὅιήρη
417 1626 464 1673 A,
491 1629 636 1674 δι’κροτα
661 1626 819 1675 prDi
844 1627 992 1676 Xiphil.
1090 1628 1113 1664 2
1138 1628 1198 1664 καὶ
1225 1631 1315 1675 post
1335 1628 1453 1664 αὐτῶν
1472 1632 1512 1665 et
1528 1629 1678 1675 πρῴρας

246 1686 321 1712 om.
350 1677 380 1711 Ε
493 1677 640 1722 πρώρας
665 1675 816 1723 Apr,
842 1687 943 1712 corr.
971 1675 1028 1712 Di
1137 1676 1161 1712 4
1185 1676 1240 1712 ἐπὶ
1256 1677 1389 1712 πλέωσι
1418 1675 1481 1713 CE
1579 1677 1601 1713 5
1627 1683 1677 1723 τῷ·

244 1724 314 1760 ἀπὸ
332 1724 490 1760 lineolis
513 1725 621 1760 infra
640 1725 835 1771 appositis
853 1727 994 1761 notata
1014 1735 1115 1761 corr.
1131 1724 1199 1763 Dw
1317 1725 1502 1771 σφάλλωσι
1530 1725 1677 1771 Xiphil.

244 1771 311 1816 Di,
338 1773 502 1818 σφάλωσι
520 1771 656 1819 Apr
756 1773 778 1809 6
803 1773 912 1819 Δίων]
939 1773 1087 1820 Xiphil.
1113 1772 1280 1809 LXXIV
1307 1773 1400 1818 14,5
1503 1774 1524 1809 7
1550 1779 1677 1819 πῢργοι

246 1821 330 1862 (Sic)
356 1821 402 1865 A,
431 1831 468 1856 V.
495 1820 548 1856 ad
574 1821 671 1856 XIII
695 1821 730 1864 3,
757 1822 801 1857 15
914 1822 1175 1867 καθεστηκότες
1201 1820 1337 1867 Apr
1364 1821 1511 1867 Xiphil.
1539 1822 1678 1868 vulgo,

245 1879 282 1903 v.
310 1868 512 1905 Sturzium
540 1869 592 1904 ad
619 1869 655 1904 h.
682 1870 704 1904 l.
731 1869 877 1915 Xiphil.
970 1869 1032 1916 τὴν
1060 1880 1134 1906 om.
1162 1870 1193 1904 E
1219 1870 1333 1905 initio
1360 1880 1505 1905 versus
1603 1871 1678 1906 τού-

244 1930 315 1953 των
340 1916 438 1963 pr
454 1917 520 1962 Dz',
548 1918 658 1953 τούτω
685 1918 720 1952 Α
890 1919 912 1954 8
938 1917 983 1964 δὴ
1012 1928 1088 1954 om.
1114 1917 1194 1962 AE,
1237 1921 1376 1954 tenent
1404 1917 1501 1964 pr
1530 1917 1677 1965 Xiphil.

244 1965 266 2000 9
291 1965 456 2011 ἕνεβόησέ
481 1980 554 2001 τινα
580 1965 726 2012 Xiphil.
838 1966 1023 2012 ε’νέρριψεν
1050 1965 1198 2012 Xiphil.
1311 1966 1344 2001 9.
1373 1966 1418 2002 10
1441 1973 1587 2013 μηχανῇ
1612 1981 1676 2002 τινι

243 2013 354 2048 ἐλάλει
380 2013 539 2059 Xiphil.,
566 2015 681 2050 euius
708 2014 836 2050 verba
862 2025 887 2050 a
914 2014 1072 2050 Sturzio
1106 2018 1146 2056 (t.
1162 2014 1214 2050 IV
1241 2025 1279 2060 p.
1293 2014 1362 2050 571
1390 2025 1483 2050 ann.
1511 2015 1564 2055 m)
1595 2025 1678 2051 non

244 2061 349 2097 bene
374 2066 585 2098 mutantur
610 2063 651 2098 in
678 2063 755 2108 ἤχει
782 2064 842 2099 καὶ
867 2063 978 2098 ἐλάλει
1180 2063 1202 2098 9
1227 2063 1376 2098 ἐνελάλει
1404 2062 1451 2107 D,
1479 2073 1580 2099 corr.
1608 2063 1677 2101 Dw

246 2109 292 2144 10
315 2109 354 2144 τὸ
378 2109 464 2145 αὐτὸ
489 2114 590 2146 τοῦτο
615 2110 761 2156 Xiphil.
869 2111 912 2146 11
939 2110 1016 2146 οὐδ’
1038 2110 1068 2146 Ε
1168 2110 1213 2146 12
1238 2112 1258 2146 ό
1284 2121 1359 2147 om.
1388 2122 1412 2157 p
1439 2110 1586 2157 Xiphil.
1615 2111 1676 2146 ed.

245 2155 363 2194 Sturz
487 2158 532 2193 13
557 2157 618 2203 τήν
643 2173 679 2194 τε
703 2158 796 2205 ἠχὴν
821 2159 881 2195 καὶ
907 2158 969 2204 τὴν
996 2158 1124 2204 φωνὴν
1150 2158 1297 2205 Xiphil.
1418 2160 1618 2204 διεδέχοντό
1643 2173 1678 2194 τε

243 2205 304 2240 καὶ
328 2206 596 2251 παρεπέμποντο
622 2206 768 2253 Xiphil.
868 2208 913 2242 15
938 2208 1219 2243 πολλαπλασίονα
1248 2206 1277 2243 C

173 2342 309 2376 autem
329 2342 445 2375 erant
463 2338 699 2385 Byzantinis
719 2341 980 2387 quingentae,
1007 2341 1206 2387 plurimae
1231 2351 1429 2384 monerese
1457 2341 1678 2378 nonnullae

173 2388 294 2423 etiam
313 2387 499 2430 biremes,
526 2398 698 2433 quarum
718 2389 920 2433 quaedam
939 2393 979 2425 et
1004 2390 1046 2424 in
1069 2399 1192 2435 prora
1210 2393 1250 2425 et
1267 2390 1308 2424 in
1328 2390 1455 2435 puppi
1474 2390 1678 2435 guberna-

174 2435 274 2471 culis
300 2435 524 2470 instructae
550 2439 666 2471 erant
685 2446 732 2471 ac
752 2437 1051 2482 gubernatores
1071 2441 1110 2473 et
1127 2441 1275 2473 nautas
1294 2437 1440 2483 duplos
1459 2438 1677 2481 habebant,

174 2487 219 2519 ut
253 2486 292 2518 et
331 2485 632 2529 annavigarent
671 2487 710 2520 et
750 2486 1042 2531 renavigarent
1081 2495 1163 2520 non
1203 2495 1426 2521 conversae
1465 2489 1504 2521 et
1542 2485 1738 2523 hostesls

175 2541 343 2567 accessu
370 2532 520 2577 pariter
553 2541 600 2567 ac
631 2541 795 2568 recessu
821 2543 895 2568 suo
928 2533 1144 2569 fallerent?
1202 2533 1420 2569 Praeterea
1447 2533 1571 2568 adicit
1599 2533 1677 2569 Dio
1694 2536 1738 2571 19

175 2583 327 2624 septem
359 2583 491 2614 turres
517 2589 541 2614 a
567 2579 740 2615 Thracia
771 2586 888 2626 porta
921 2581 972 2616 ad
1006 2591 1117 2616 mare
1151 2581 1406 2627 pertinuisse,
1439 2590 1610 2626 quarum
1645 2582 1676 2616 si
1691 2584 1739 2619 20

176 2627 265 2671 quis
291 2627 409 2662 aliam
437 2627 641 2672 quandam
670 2628 846 2673 adiisset,
873 2630 1036 2665 tacitam
1062 2629 1205 2674 fuisse3
1233 2630 1294 2664 sin
1322 2639 1419 2665 vero
1448 2630 1488 2664 in
1508 2630 1677 2675 primam

176 2674 273 2720 quid
308 2674 564 2710 inclamasset
599 2675 663 2711 vel
699 2677 819 2712 etiam
855 2677 1029 2723 lapidem
1064 2677 1276 2721 iniecisset,
1316 2687 1405 2713 eam
1444 2678 1573 2723 ipsam
1607 2688 1678 2723 per

176 2722 403 2758 machinam
451 2723 654 2768 quandam
699 2734 842 2760 sonum
882 2725 1057 2760 edidisse
1096 2735 1271 2770 eumque
1309 2725 1424 2760 alteri
1463 2725 1678 2761 tradidisse

178 2770 426 2815 faciendum3
453 2774 575 2815 atque
602 2771 658 2806 ita
685 2781 757 2817 per
784 2783 922 2808 omnes
948 2774 1100 2818 pariter
1126 2783 1269 2808 sonum
1298 2774 1526 2818 pervasisse
1545 2783 1678 2818 neque
1692 2776 1736 2811 21

177 2822 312 2854 tamen
340 2817 458 2853 aliam
490 2818 541 2853 ab
576 2818 655 2854 alia
693 2820 896 2856 turbatam
933 2831 1020 2856 esse
1055 2821 1125 2855 sed
1163 2830 1368 2866 quamque
1403 2831 1475 2867 per
1510 2822 1620 2856 vices
1655 2832 1678 2856 a

179 2866 364 2912 proxime
390 2866 647 2902 antecedenti
675 2877 816 2903 vocem
844 2879 1071 2914 sonumque
1099 2869 1320 2914 excepisse.

297 2913 357 2949 Ae
382 2914 473 2950 talis
501 2914 592 2950 olim
614 2914 838 2960 Byzantina
865 2918 963 2952 urbs
983 2918 1075 2962 suit3
1105 2916 1175 2952 sed
1194 2917 1371 2953 inclutus
1390 2917 1679 2953 Constantinus
1693 2921 1739 2957 22

251 2984 408 3014 zonarae
428 2984 581 3021 Epitome
600 2984 662 3016 111.
1443 2977 1465 3013 2
