2066 3230
368 270 437 306 726
703 267 884 305 ZONAR.
911 267 1041 303 EPIT.
1068 266 1198 302 XVIII
1228 266 1280 310 19,
1307 266 1459 312 31-20,
1485 267 1518 303 7.

368 396 429 446 τῷ
459 391 711 445 Βοτανειάτῃ
752 389 986 444 ἀμυθήτων
1025 389 1216 442 εὐπορεῖν
1251 387 1482 442 χρημάτων
1512 387 1583 429 τὸν
1613 388 1856 443 λογοθέτην,

309 462 355 498 32
368 459 439 501 καὶ
477 462 602 500 ταῦτα
639 463 700 512 τῷ
739 458 942 512 βασιλικῷ
971 460 1121 511 χρῆναι
1151 456 1484 511 προσενεχθῆναι
1513 456 1682 511 ταμείῳ.
1744 456 1855 498 στέλ-

318 528 475 569 Βλεται
505 527 641 569 τοίνυν
673 526 696 567 ὁ
725 525 1115 579 Στραβορωμανός,
1147 526 1278 580 μέγας
1309 526 1590 581 ἑταιρειάρχης
1619 525 1708 568 τότε
1739 525 1854 580 γενό-

367 612 505 651 μενος,
551 595 778 649 ἐρωτήσων
820 593 891 635 τὸν
928 594 1162 648 ἄνθρωπον
1202 594 1284 649 ὅπῃ
1324 595 1440 648 αὐτῷ
1474 594 1523 636 τὰ
1560 595 1754 650 χρήματα
1785 595 1855 637 κέ·

310 667 356 703 33
368 680 556 719 κρυπται.
619 664 658 704 οἳ
690 662 734 704 δὲ
765 661 858 716 περὶ
888 661 959 703 τὸν
990 662 1172 716 βασιλέα,
1213 664 1286 708 οὓς
1317 661 1388 703 καὶ
1421 663 1648 704 δεδοικέναι
1678 662 1752 717 τὴν
1781 664 1905 704 τοῦΙ)
1925 664 2019 702 1V2

368 733 597 787 λογοθέτου
619 731 854 785 παρουσίαν
876 731 900 772 ὁ
921 730 1045 784 λόγος
1065 731 1390 785 προδιηγήσατο,
1413 732 1606 773 πείθουσι
1626 730 1697 773 τὸν
1717 731 1855 786 Στρα-

310 804 356 840 34
368 799 626 856 βορωμανὸν
658 799 813 841 ἀνελεῖν
842 798 914 841 τὸν
945 799 1179 853 ἄνθρωπον
1211 800 1257 841 ἔκ
1288 799 1446 854 τρόπου
1480 800 1647 846 παντός.
1710 801 1758 847 ὃς
1787 799 1858 842 καὶ

369 869 591 924 γενόμενος
629 867 733 909 κατὰ
771 867 845 922 τὴν
882 872 1022 922 νῆσον,
1067 868 1111 909 ἐν
1146 866 1174 922 ᾗ
1204 869 1467 922 περιώριστο,
1512 869 1640 917 ἕτάζει
1677 867 1750 910 τὸν
1785 869 1856 910 ἄν-

368 938 550 991 θρωπον
595 937 706 979 οὕτω
751 936 954 990 σφοδρῶς
993 937 1055 982 ὡς
1092 937 1135 978 ἓν
1173 937 1316 983 αὐταῖς
1352 941 1440 984 ταῖς
1476 937 1675 991 βασάνοις
1705 937 1856 979 ἐναπο-

368 1006 512 1060 ψύξαι,
545 1005 615 1047 καὶ
645 1009 771 1046 ταῦτα
803 1005 1135 1060 ὑπισχνούμενον
1166 1006 1228 1052 ὡς
1258 1005 1391 1047 πάντα
1425 1006 1516 1060 δοίη
1549 1006 1859 1061 ἕνυπογράφως
1874 1009 1919 1044 10
2040 1026 2066 1068 73

369 1075 407 1115 εἶ
432 1073 504 1116 τὸν
535 1073 715 1128 ἓτασμόν
747 1074 1022 1128 διαφεύξοιτο.
2049 1068 2063 1131 ξ

299 1142 356 1184 20
483 1141 536 1184 Ὁ
564 1142 642 1197 μὲν
675 1141 750 1183 οὖν
781 1143 917 1189 οὕτως
948 1142 1183 1185 ἀπόλωλεν·
1218 1144 1258 1185 οἳ
1290 1143 1334 1185 δὲ
1355 1143 1574 1199 Κομνηνοὶ
1605 1143 1629 1185 ὅ
1653 1143 1860 1191 Ἰσαάκιος
2052 1138 2063 1202 J

369 1211 440 1253 καὶ
461 1211 486 1253 ὁ
505 1211 684 1259 Ἀλέξιος
704 1211 1050 1266 ὑπερβαλλόντως
1071 1211 1178 1266 πρὸς
1208 1216 1282 1254 τοῦ
1314 1213 1519 1267 βασιλέως
1549 1211 1620 1253 καὶ
1650 1212 1859 1267 τετίμηντο

156 1282 356 1319 P11294A
370 1279 441 1322 καὶ
472 1280 724 1334 ἕστέργοντο,
769 1280 840 1321 καὶ
872 1280 1097 1335 διαδόχους
1128 1281 1279 1327 αὐτοὺς
1310 1286 1382 1336 τῆς
1411 1281 1619 1335 βασιλείας
1650 1280 1858 1335 ὠνόμαζε.

335 1353 358 1388 2
372 1348 435 1391 διὸ
467 1348 538 1390 καὶ
567 1348 682 1403 παρὰ
714 1352 799 1390 τῶν
829 1348 923 1403 περὶ
947 1349 1018 1391 τὸν
1039 1349 1317 1405 Βοτανειάτην
1339 1350 1542 1405 σφοδρῶς
1563 1350 1858 1405 ἕβασκαίνοντο
1875 1358 1919 1394 15

369 1418 441 1459 καὶ
470 1417 629 1472 μᾶλλον
653 1416 774 1472 παρὰ
805 1421 891 1459 τῶν
930 1418 1162 1473 εἰρημένων
1203 1418 1280 1459 δύο
1321 1418 1488 1460 δούλων
1526 1418 1668 1471 αὐτοῦ,
1714 1419 1758 1459 οἳ
1788 1417 1859 1459 καὶ

368 1485 477 1542 πρὸς
507 1487 665 1528 ἐκεῖνον
694 1485 792 1532 τοὺς
823 1487 981 1540 ἄνδρας
1014 1487 1228 1542 διέβαλλον
1260 1487 1321 1533 ὡς
1351 1487 1573 1541 τυραννίδα
1603 1486 1860 1541 μελετῶντας

369 1555 440 1597 καὶ
475 1554 550 1610 τὴν
586 1556 643 1602 εἷς
680 1554 832 1601 αὐτοὺς
868 1559 942 1597 τοῦ
981 1556 1186 1610 βασιλέως
1226 1556 1411 1598 διάθεσιν
1441 1555 1687 1611 ὗπώρυττόν
1717 1571 1759 1597 τε
1789 1554 1861 1597 καὶ

372 1703 417 1738 12
443 1703 521 1748 περὶ
546 1707 617 1738 τῶν
641 1704 843 1748 Κομνηνῶν
869 1702 932 1739 CE
965 1703 1023 1739 καὶ
1047 1708 1125 1743 πῶς
1149 1704 1197 1742 εἰς
1222 1704 1434 1739 ἀποστασίαν
1459 1704 1641 1749 ὥρμησαν,
1679 1704 1776 1743 ὅπως
1802 1708 1861 1749 τῆς

369 1750 506 1790 πόλεως
530 1750 728 1796 ἐκράτησαν
753 1751 813 1786 καὶ
838 1756 897 1797 τῆς
921 1751 1098 1797 βασιλείας
1123 1751 1289 1797 ἐπέτυχον
1315 1751 1344 1787 C

445 1887 464 1922 1
490 1887 684 1932 χρημάτων
709 1887 870 1932 εὐπορεῖν
897 1887 925 1924 C
1022 1888 1044 1922 2
1069 1893 1194 1934 χρῆναι
1214 1893 1262 1923 τῶ
1280 1889 1452 1933 βασιλικῶ
1480 1887 1508 1924 C
1604 1888 1861 1934 προςνεχθῆναι

473 1934 493 1956 *
626 1935 648 1970 8
672 1936 883 1980 περιώριστο
909 1936 1018 1977 ἐτάζει
1045 1935 1213 1981 prDi,
1238 1936 1387 1981 περιώρι
1408 1935 1411 1975 Ι
1435 1936 1544 1976 ἐτάζει
1569 1935 1606 1970 Α
1748 1936 1861 1980 ἄνδρα

443 1981 601 2028 prDz'
697 1983 719 2018 9
744 1983 781 2018 ἐν
807 1994 883 2019 om.
900 1983 928 2019 C
1029 1984 1073 2018 10
1097 1984 1380 2028 ὑπεσχνούμενον
1398 1983 1494 2029 W*p,
1520 1984 1813 2029 ἐπαγγελλόμενον
1832 1983 1860 2020 C

490 2030 527 2089 {v
552 2030 771 2090 dnoypdqaocc
797 2029 962 2090 BvaDi‚
995 2031 1252 2076 ἑναπογράφως
1279 2031 1358 2076 CD,
1395 2031 1613 2076 ἀπογράφως
1639 2032 1681 2074 Ε,
1718 2031 1756 2066 ἐν
1779 2032 1861 2066 ὑπο-

443 2091 592 2122 γραφως
617 2077 664 2122 Α,
689 2092 946 2123 ενυπογραῳως
972 2079 1086 2114 B-W
1108 2079 1193 2114 coll.
1221 2079 1399 2125 Tlleoph.
1427 2079 1445 2113 I
1472 2090 1508 2124 p.
1535 2079 1615 2123 390,
1636 2078 1691 2114 12.
1715 2079 1797 2123 479,
1815 2078 1862 2114 22

445 2125 490 2159 12
515 2125 554 2160 δὲ
578 2130 669 2171 post
694 2126 865 2171 κομνηνοὶ
891 2125 920 2162 C
1047 2126 1090 2162 13
1115 2128 1136 2161 ό
1162 2137 1236 2162 om.
1264 2126 1292 2163 C
1426 2127 1481 2162 13.
1510 2126 1555 2161 14
1579 2126 1639 2162 καὶ
1664 2126 1862 2172 ἔστέργοντο

443 2172 504 2208 καὶ
528 2174 706 2218 τετίμηντο
733 2173 761 2209 C
860 2173 904 2209 15
927 2174 1007 2219 περὶ
1034 2185 1108 2210 om.
1136 2174 1220 2220 w*p
1319 2174 1363 2210 16
1388 2174 1494 2210 αὐτοῦ
1522 2185 1596 2210 om.
1624 2173 1653 2211 C

374 2315 513 2351 dicunt
539 2316 739 2352 hominem
765 2317 998 2353 immensam
1025 2318 1176 2353 habere
1202 2318 1427 2364 pecuniam,
1459 2327 1630 2363 eamque
1654 2318 1696 2352 in
1722 2318 1862 2353 fiscum

313 2360 360 2396 32
374 2373 462 2398 esse
493 2364 759 2399 referendam.
810 2364 953 2410 Itaque
983 2363 1334 2409 Straboromanus,
1373 2368 1458 2400 tum
1489 2375 1662 2411 magnus
1695 2365 1862 2400 hetaeri-

374 2411 509 2455 archa,
536 2412 717 2456 mittitur,
745 2413 813 2458 qui
839 2413 1042 2448 hominem
1068 2416 1244 2458 rogaret,
1281 2413 1351 2448 ubi
1378 2414 1552 2458 pecunia
1579 2413 1861 2448 occultaretur.

314 2456 360 2491 33
376 2457 448 2493 Cui
474 2458 595 2494 iidem
622 2460 754 2503 aulici,
782 2470 884 2505 quos
903 2470 1026 2506 supra
1046 2461 1308 2506 exposuimus
1327 2461 1574 2506 logothetam
1593 2461 1733 2496 timere
1750 2470 1863 2505 prae-

314 2503 361 2539 34
374 2509 539 2551 sentem,
565 2507 822 2552 persuadent,
849 2511 894 2543 ut
912 2507 1112 2543 hominem
1133 2509 1317 2543 omnibus
1336 2508 1464 2543 modis
1482 2508 1604 2542 tollat.
1656 2506 1864 2543 Straboro-

373 2564 518 2589 manus
543 2555 668 2600 igitur
693 2555 734 2590 in
760 2555 942 2600 insulam,
969 2556 1039 2591 ubi
1065 2555 1130 2591 ille
1156 2558 1242 2591 erat
1268 2557 1308 2590 in
1336 2555 1467 2599 exilio,
1500 2558 1716 2600 pervectus
1742 2555 1864 2590 homi-

374 2611 465 2636 nem
502 2602 558 2636 ita
596 2602 722 2647 torsit,
761 2605 806 2638 ut
842 2603 884 2638 in
923 2603 1229 2648 quaestionibus
1267 2604 1363 2648 ipsis
1402 2603 1637 2647 exspiraret,
1678 2603 1863 2648 quamvis

374 2650 625 2694 promitteret
658 2660 701 2685 se
734 2651 868 2686 omnia
900 2650 1090 2686 daturum
1121 2651 1417 2697 subscriptione
1442 2650 1614 2685 nominis
1641 2650 1790 2695 addita,
1830 2650 1863 2686 si

376 2697 682 2741 quaestionibus
709 2697 960 2733 liberaretur.

493 2744 550 2779 20.
587 2743 722 2790 Atque
747 2745 813 2781 ille
840 2746 1002 2791 quidem
1027 2746 1084 2781 ita
1110 2746 1244 2791 periit3
1273 2744 1464 2782 Comneni
1490 2755 1589 2780 vero
1615 2744 1796 2780 Isaacius
1823 2748 1863 2780 et

375 2789 543 2827 Alexius
581 2802 605 2827 a
642 2802 742 2838 rege
784 2803 908 2839 supra
949 2793 1113 2829 modum
1156 2793 1461 2829 honorabantur
1503 2795 1543 2828 et
1588 2792 1863 2838 diligebantur

339 2837 415 2874 2et
447 2840 564 2885 regni
596 2850 850 2876 successores
887 2841 1214 2876 nominabantur.
1264 2840 1352 2882 Qua
1390 2841 1440 2875 de
1479 2850 1602 2875 causa
1641 2840 1863 2875 aulicorum

376 2888 414 2920 et
444 2887 636 2932 imprimis
670 2887 840 2923 duorum
874 2898 1096 2932 servorum,
1136 2898 1238 2934 quos
1276 2888 1460 2932 diximus,
1503 2888 1863 2923 obtrectationibus

377 2937 491 2968 erant
518 2935 695 2980 obnoxii,
723 2936 791 2980 qui
818 2936 928 2981 apud
954 2936 1063 2971 illum
1091 2946 1160 2971 eos
1187 2936 1515 2981 criminabantur,
1546 2936 1662 2981 quasi
1691 2944 1863 2981 regnum
