2054 3282
326 208 397 245 440
682 208 863 246 ZONAR.
890 209 1021 244 EPIT.
1047 208 1138 244 XVI
1167 208 1220 254 11,
1245 208 1397 254 26—12‚
1426 208 1482 245 10.

326 334 481 385 σκῆψις
512 330 574 376 ὡς
605 330 831 385 εὐπρεπής·
875 330 966 371 “fin
997 330 1155 384 ξίφος”
1186 330 1280 384 ἔφη,
1320 329 1416 372 “ἒπὶ
1445 330 1615 385 βασιλέα
1649 331 1817 386 γυμνώ-

266 402 312 439 27
326 399 452 447 σειε”,
483 398 542 453 μὴ
576 399 847 453 λογισάμενος
879 398 938 439 ὅτι
969 398 1074 452 ὑπὲρ
1106 398 1311 453 βασιλέως
1342 398 1446 453 ἧρκε
1476 398 1522 440 τὸ
1555 399 1676 454 ξίφος
1700 400 1724 441 ὁ
1745 400 1818 442 ἄν-

324 467 506 521 θρωπος
537 466 607 508 καὶ
639 467 820 521 ἀμοιβῆς
849 466 1008 521 μᾶλλον
1044 466 1095 521 ἦν
1133 467 1248 514 ἄξιος
1286 467 1357 508 καὶ
1395 467 1664 521 ὅωρημάτων
1700 469 1818 522 βασι-

324 535 466 578 λικῶν.
529 535 600 576 καὶ
639 535 663 576 ὁ
700 534 779 589 μὲν
818 536 955 581 οὕτως
994 535 1192 576 ἀπώνατο
1236 539 1307 589 τῆς
1349 535 1454 588 ὑπὲρ
1498 539 1572 576 τοῦ
1614 535 1820 590 βασιλέως

265 608 311 644 28
325 603 526 658 σπουὸῆς.
590 603 614 644 ὁ
647 603 692 644 δὲ
722 603 889 657 πληγεὶς
920 604 990 644 καὶ
1021 603 1067 645 τὸ
1099 607 1224 658 σῶμα
1256 608 1318 657 τῷ
1348 604 1488 658 κέρατι
1519 603 1590 645 καὶ
1610 603 1854 658 περιδινη-5

264 676 311 712 29
324 671 413 718 θεὶς
443 671 490 712 τὰ
524 671 738 726 σπλάγχνα
772 672 925 726 ἐπεβίω
957 673 1048 726 μέν,
1093 672 1180 713 ἀλλ’
1214 673 1293 714 οὐκ
1332 673 1389 718 εἰς
1423 671 1611 726 μακρόν·
1657 672 1817 727 ἀπεβίω

325 737 361 781 δ’
396 740 598 794 ἐντεῦθεν,
632 740 966 794 συμβασιλεύσας
995 741 1073 795 μὲν
1104 746 1165 795 τῷ
1196 740 1367 795 [Μιχαὴλ
1399 741 1489 786 ἔτος
1520 741 1576 794 ἕν,
1609 741 1817 795 αὖταρχή-

323 824 399 854 σας
431 805 468 849 δ’
502 808 810 863 ἐννεακαίδεκα,
842 813 903 863 τῷ
934 811 1016 863 υἱῷ
1038 809 1185 850 Λέοντι
1214 808 1288 863 τὴν
1317 809 1526 864 βασιλείαν
1556 809 1701 862 λιπών,
1735 809 1819 850 ὄντι

321 878 593 931 πρεσβυτέρῳ
624 881 709 919 τῶν
739 877 969 931 περιόντων
999 879 1117 920 υἱῶν.

254 945 308 988 12
442 944 731 1000 Αὐτοκράτωρ
774 946 819 987 δὲ
863 946 1047 1000 γεγονὼς
1084 946 1108 987 ὁ
1145 946 1271 987 Λέων
1314 946 1460 987 αὐτίκα
1503 945 1611 1000 πρὸς
1654 945 1818 999 ἄμυναν
1834 952 1880 988 10

286 1013 510 1068 2ὂιανέστη
556 1018 629 1055 τοῦ
668 1014 1013 1069 Σανταβαρηνοῦ.
1075 1014 1325 1056 ὑποπτεύων
1370 1014 1415 1055 δὲ
1459 1014 1519 1060 ὡς
1559 1015 1818 1069 ἀντιλήψεται

109 1085 307 1122 Ρ11176Α
320 1082 469 1124 τούτου
502 1082 526 1123 ὁ
557 1083 816 1138 πατριάρχης
853 1083 1029 1136 Φώτιος,
1070 1084 1218 1138 φιλίως
1248 1082 1356 1136 πρὸς
1387 1082 1513 1124 αὐτὸν
1546 1083 1818 1137 διακείμενος,
1860 1132 1864 1135 ¹

321 1149 450 1197 αι’τίας
480 1151 641 1192 πλάττει
672 1151 778 1192 κατὰ
810 1155 884 1194 τοῦ
916 1151 1176 1206 πατριάρχου
1209 1150 1279 1192 καὶ
1311 1151 1471 1198 ἐξωθεῖ
1496 1155 1567 1206 τῆς
1598 1151 1819 1205 ἐκκλησίας

321 1218 447 1261 αὐτὸν
477 1219 548 1261 καὶ
580 1220 624 1261 ἓν
654 1224 703 1275 τῇ
735 1223 819 1262 τῶν
836 1221 1125 1275 Ἁρμονιανῶν
1150 1220 1370 1274 περιορίζει
1401 1223 1527 1274 μονῇ,
1559 1219 1819 1274 πατριάρχην

285 1287 367 1329 3ὃὲ
397 1287 619 1342 Στέφανον
649 1289 974 1343 προεχειρίσατο,
1007 1288 1078 1330 τὸν
1112 1289 1264 1330 οἰκεῖον
1296 1289 1528 1343 ὁμιιαίμονα·
1567 1288 1638 1329 καὶ
1667 1288 1727 1329 ὅτι
1756 1287 1815 1343 μὴ
1834 1293 1878 1330 15
2023 1342 2027 1347 ⁴

320 1355 373 1410 ἦν
389 1355 639 1411 Ἡρακλείας
671 1357 899 1411 ἀρχιερεύς,
933 1356 1016 1399 ὑπὸ
1047 1361 1120 1399 τοῦ
1152 1357 1463 1411 πρωτοθρόνου
1495 1356 1868 1411 κεχειροτόνητο.1)
1887 1363 1939 1400 IV
1953 1363 1999 1399 39
2026 1359 2028 1362 ’

284 1424 503 1479 4ἆχιθῆναι
537 1424 573 1465 δ’
607 1425 653 1473 ἐξ
683 1424 907 1480 Εὕχαΐτων
939 1426 1126 1467 ἐκέλευσε
1156 1425 1227 1467 τὸν
1252 1425 1600 1480 Σανταβαρηνόν·
1632 1429 1704 1480 τῆς
1735 1425 1824 1466 ἐκεῖ

321 1541 367 1576 10
390 1542 548 1588 βασιλεία
574 1542 725 1582 Λέοντος
750 1547 812 1578 τοῦ
838 1544 1039 1589 φιλοσόφου
1064 1542 1136 1578 AR
1269 1542 1313 1577 11
1341 1543 1390 1577 ὅτι
1416 1542 1580 1587 ε’ξώθησε
1605 1547 1665 1588 τῆς
1691 1542 1818 1588 ε’κκλη·

319 1590 395 1649 σι’,ας
422 1590 443 1624 ὁ
466 1590 571 1673 ὃὲων
597 1590 654 1625 τὸν
684 1590 820 1626 Φώτιον
845 1592 905 1627 καὶ
931 1591 989 1626 τὸν
1015 1591 1169 1637 ἀδελφὸν
1195 1590 1378 1636 Στέφανον
1412 1591 1632 1636 πατριάρχην
1662 1604 1818 1636 προεχει-

319 1651 439 1682 ρισατο

389 1730 412 1765 2
439 1734 529 1776 post
554 1730 642 1775 ὑπὲρ
670 1731 761 1766 add.
790 1735 849 1766 τοῦ
867 1730 898 1764 Β
984 1731 1006 1766 3
1031 1730 1242 1776 βασιλικῶν]
1261 1731 1401 1765 πολλῶν
1418 1730 1453 1765 Ι)
1474 1731 1541 1766 WO
1559 1731 1624 1765 lat.
1710 1730 1733 1766 4
1758 1731 1820 1766 ἅπ-

390 1778 499 1813 ώλετο
515 1778 547 1813 Β
635 1778 658 1813 5
675 1778 736 1813 καὶ
754 1779 866 1824 prius
885 1788 960 1813 om.
979 1778 1077 1823 pr
1164 1778 1202 1813 τὸ
1222 1783 1326 1823 σῶμα
1346 1789 1421 1814 om.
1441 1778 1472 1814 Ο
1555 1778 1576 1814 6
1595 1778 1771 1824 ἀπεβίωσε
1789 1778 1819 1813 Β

391 1826 436 1860 12
463 1826 599 1871 φώτιον
624 1825 671 1870 D,
700 1836 801 1862 corr.
828 1825 897 1863 Dw
996 1826 1100 1865 ἵλεως
1126 1825 1174 1869 D,
1200 1836 1302 1861 corr.
1329 1826 1397 1864 Dw
1508 1826 1552 1861 13
1577 1827 1615 1867 ἐξ
1640 1826 1746 1871 αὐτῆς
1771 1826 1820 1871 D,

388 1874 523 1915 ἐξωθεῖ
536 1884 637 1909 corr.
653 1874 721 1912 Dw
819 1873 865 1908 14
889 1874 1111 1918 ἁρμονιανῶν
1127 1873 1209 1918 AD,
1226 1873 1339 1909 Cedr.
1357 1873 1545 1919 (Scylitz.)
1562 1873 1597 1908 ΙΙ
1615 1885 1651 1919 p.
1666 1873 1746 1918 249,
1763 1874 1818 1918 11,

390 1921 570 1967 Theoph.
598 1925 702 1957 cont.
730 1932 766 1967 p.
795 1921 878 1963 354,
900 1921 935 1964 4,
962 1932 999 1956 V.
1027 1920 1072 1957 Gr.
1100 1921 1150 1956 M.
1178 1932 1215 1967 p.
1235 1921 1315 1966 767,
1334 1922 1355 1957 5
1383 1932 1475 1956 ann.
1503 1932 1568 1966 cr„
1595 1921 1820 1966 ἅρμονιανῶν

391 1969 431 2013 C,
458 1970 680 2014 ἅρμενιανῶν
698 1969 811 2013 EDw‚
839 1968 1060 2014 ἇρμενιανῶν
1074 1968 1154 2013 Bw,
1182 1968 1227 2004 G.
1244 1969 1294 2004 M.
1309 1980 1345 2014 p.
1361 1969 1441 2013 767,
1458 1969 1490 2012 5,
1518 1968 1562 2004 L.
1577 1968 1624 2005 G.
1639 1980 1676 2014 p.
1691 1969 1770 2013 263,
1786 1969 1819 2014 7,

390 2016 462 2052 Th.
478 2017 528 2052 M.
544 2028 580 2063 p.
597 2017 676 2062 183,
702 2017 943 2061 Αρμενιακῶν
957 2027 994 2062 p,
1018 2016 1253 2062 Ἀρμενιακῶν
1267 2016 1324 2052 Di
1350 2015 1455 2062 Sym.
1480 2027 1586 2062 mag.
1614 2027 1650 2062 p.
1667 2016 1747 2060 700,
1762 2016 1819 2059 15,

390 2075 427 2099 v.
443 2064 844 2110 Hergenroetherum
872 2063 1044 2100 Photius
1071 2067 1144 2100 cet.
1171 2064 1321 2099 Ratisb.
1351 2064 1442 2100 1867
1469 2068 1495 2099 t.
1514 2064 1552 2099 II
1578 2075 1615 2110 p.
1630 2064 1700 2099 683
1726 2074 1818 2099 ann.

390 2112 413 2147 5
439 2114 479 2147 et
495 2111 670 2148 Hierocl.
693 2112 774 2156 641,
793 2112 815 2147 8
841 2111 1099 2147 Burckhardt
1197 2111 1241 2146 15
1265 2125 1389 2157 προεχ.
1407 2125 1505 2157 στεφ.
1526 2111 1555 2147 C
1653 2112 1697 2146 16
1722 2111 1819 2157 ὗζτοῢ

390 2159 476 2203 (Sic)
502 2158 538 2194 A
635 2160 680 2195 17
707 2161 958 2204 διεξευχαιτων
984 2160 1160 2205 (punctis
1186 2159 1326 2204 notat.)
1353 2159 1400 2204 D,
1434 2159 1466 2194 δ’
1492 2159 1530 2201 ἐξ
1555 2159 1725 2204 εὗχαϊτῶν
1750 2158 1819 2198 Dw

393 2207 448 2244 17.
476 2218 512 2253 p.
529 2207 610 2252 441,
628 2208 646 2242 1
673 2207 738 2254 γὰρ
763 2207 843 2242 ἐκεῖ
864 2207 1032 2253 Ewap

256 2308 302 2343 27
318 2309 429 2355 quod
469 2319 605 2345 ensem
633 2312 774 2345 contra
799 2319 939 2355 regem
967 2309 1208 2353 strinxisset,
1235 2319 1368 2354 neque
1394 2309 1600 2354 reputavit
1618 2308 1819 2344 hominem

316 2357 427 2393 illum
453 2367 526 2402 pro
549 2367 650 2402 rege
675 2357 810 2402 potius
836 2357 1018 2403 gladium
1036 2357 1246 2392 strinxisse
1271 2367 1320 2391 ae
1338 2357 1664 2392 remuneratione
1682 2356 1819 2401 regiis-

317 2414 396 2450 que
422 2405 612 2450 praemiis
638 2414 726 2440 esse
752 2404 941 2450 dignum,
976 2404 1009 2439 is
1035 2405 1161 2451 igitur
1187 2405 1250 2439 sui
1274 2414 1374 2450 erga
1400 2414 1538 2449 regem
1564 2403 1686 2439 studii
1712 2403 1820 2438 hune

256 2451 302 2487 ‘28
316 2453 494 2487 fructum
523 2452 639 2498 cepit.
691 2451 863 2488 Basilius
901 2462 1000 2487 vero
1029 2462 1200 2497 corpore
1227 2461 1353 2487 cornu
1379 2461 1570 2497 percusso
1599 2451 1818 2486 conversis-

317 2510 395 2545 que
421 2500 620 2535 intestinis
659 2500 887 2545 supervixit
924 2499 990 2535 ille
1030 2500 1204 2545 quidem,
1245 2499 1316 2534 sed
1342 2509 1423 2534 non
1449 2499 1529 2542 diu,
1568 2501 1819 2543 mortemque

255 2546 301 2582 29
317 2547 425 2583 obiit.
476 2547 681 2593 Regnavit
707 2557 798 2582 eum
822 2546 1017 2583 Michaele
1045 2556 1195 2582 annum
1222 2557 1359 2590 unum,
1387 2546 1494 2582 solus
1521 2546 1660 2581 decem
1686 2549 1725 2582 et
1750 2556 1818 2581 no-

315 2605 418 2640 vem,
456 2595 625 2640 imperio
651 2593 791 2639 Leoni,
830 2594 910 2630 filio
938 2605 989 2629 ex
1015 2594 1300 2640 superstitibus
1326 2597 1426 2629 natu
1452 2594 1639 2638 maximo,
1666 2593 1816 2629 relicto.

435 2641 491 2677 12.
542 2642 767 2687 Imperator
792 2643 925 2678 factus
943 2641 1034 2678 Lao
1061 2641 1195 2678 statim
1216 2641 1266 2677 de
1284 2641 1516 2676 ulciscendo
1535 2640 1816 2677 Santabareno

278 2689 478 2736 2cogitat.
529 2688 608 2726 Sed
648 2699 739 2725 cum
765 2690 934 2734 timeret,
971 2700 1023 2725 ne
1057 2689 1090 2725 is
1117 2699 1142 2724 a
1166 2689 1308 2724 Photio
1348 2689 1477 2724 amieo
1518 2688 1816 2731 defenderetur,

315 2737 586 2782 patriarcham
605 2747 750 2773 causas
769 2736 965 2782 quasdam
991 2739 1240 2772 commentus
1266 2737 1435 2772 ecclesia
1462 2736 1633 2771 eiectum
1659 2736 1700 2770 in
1717 2735 1816 2770 Har-

313 2785 596 2820 monianorum
622 2785 779 2830 relegat
810 2785 1096 2820 monasterium
1135 2785 1382 2829 fratremque
1421 2793 1537 2819 suum
1569 2782 1816 2829 Stephanum

277 2831 585 2877 3patriarcham
622 2831 828 2878 designat,
869 2832 948 2877 qui,
976 2832 1071 2878 quia
1097 2831 1320 2867 Heracleae
1346 2831 1530 2877 pontifex
1558 2831 1691 2866 nullus
1718 2833 1815 2874 erat,

276 2878 338 2914 4a
364 2879 627 2925 protothrono
667 2883 926 2916 consecratus
964 2882 1034 2916 est.
1093 2878 1418 2916 santabarenum
1447 2878 1661 2923 Euchaitis,
1701 2878 1816 2913 cuius
