2054 3282
695 202 913 242 ARABVM
938 199 1152 242 CLADES.
1601 198 1673 236 253

174 329 347 385 μεγάλῳ
378 328 404 371 ὁ
434 327 747 384 ἀρχισατράπης
777 327 975 381 Σολιμᾶς.
1038 323 1141 367 ἀλλὰ
1177 323 1251 370 τὰς
1286 322 1365 378 μὲν
1397 327 1500 378 νῆας
1531 322 1673 363 αὐτῶν
1686 326 1733 361 25
1761 324 1791 362 C

174 398 248 445 τάς
277 414 319 440 τε
348 397 691 452 πολεμιστηρίους
725 395 799 442 τάς
835 411 878 437 τε
914 394 1002 450 μὴν
1039 391 1279 448 φορτηγοὺς
1315 395 1378 446 τῷ
1416 391 1536 445 ὑγρῷ
1573 390 1674 445 πυρὶ

170 465 370 520 Ῥωμαῖοι
406 466 792 519 κατετροπώσαντο,
836 463 944 505 ὥστε
981 460 1162 508 πολλοὺς
1199 464 1286 502 τῶν
1325 459 1566 514 ναυάρχων,
1611 456 1674 500 ὧν

177 535 300 576 οὔπω
330 538 418 580 ταῖς
448 533 566 575 ναυσὶ
597 533 645 575 τὸ
676 532 807 586 ὑγρὸν
836 535 958 573 τοῦτο
987 530 1240 585 προσήγγισε
1270 533 1369 583 πῦρ,
1416 528 1675 582 ἀπογνόντας

141 606 439 657 ὃπροσρυῆναι
476 607 539 656 τῷ
567 601 734 656 βασιλεῖ.
795 599 842 641 τὸ
872 599 950 654 μὲν
982 597 1058 640 οὗν
1087 597 1228 639 πλεῖον
1257 601 1332 638 τοῦ
1362 600 1559 638 ναυτικοῦ
1589 599 1675 638 τῶν
1688 601 1734 637 ‘26

180 671 372 726 Ἀράβων
410 671 523 712 οὕτω
558 669 739 712 διώλετο.
800 672 885 714 τοῖς
916 667 962 710 δὲ
992 665 1099 708 κατὰ
1130 665 1336 708 Βιθυνίαν
1366 665 1508 707 αὐτῶν
1537 664 1675 719 ληιζο-
1689 670 1735 706 27

176 741 319 794 μένοις
349 738 568 793 ἐντυχόντα
595 737 879 792 στρατεύματα
896 735 1121 790 Ῥωμαίων
1141 733 1246 783 πεζὰ
1267 733 1448 781 πολλοὺς
1470 734 1675 789 διεφθάρ-

178 823 312 862 κασιν,
359 807 467 849 ὥστε
511 806 733 852 κάκείνους
777 805 990 851 δείσαντας
1033 804 1279 858 ἀποδρᾶναι.
1340 802 1438 849 τοὺς
1481 802 1527 844 δὲ
1569 801 1675 844 κατὰ
1690 807 1736 843 28
1762 806 1878 844 WIII
1887 805 1943 842 83*

184 875 361 931 Θρᾴκην
389 875 668 931 τυγχάνοντας
684 874 872 929 Ἄραβας
891 873 1012 928 λιμὸς
1033 873 1165 921 ἐπίεζε
1186 871 1397 926 κραταιός,
1430 871 1533 913 ὅθεν
1555 871 1676 913 οὐδε-

120 953 167 989 10
179 945 252 992 νὸς
280 948 366 986 τῶν
395 943 672 999 θνησκόντων
703 939 831 997 ζῴων
862 942 1092 996 ἀπείχοντο.
1153 941 1308 994 λέγεται
1341 940 1386 982 δὲ
1411 939 1481 982 καὶ
1503 943 1678 994 σαρκῶν

180 1012 463 1068 ἀνθρωπείων
483 1011 637 1058 αὐτοὺς
657 1011 864 1066 ἅψασθαι.
926 1009 1028 1051 ἀλλὰ
1051 1009 1122 1050 καὶ
1143 1008 1268 1055 νόσος
1299 1009 1440 1054 αὐτοῖς
1471 1008 1737 1063 ἐνέσκηψε29

178 1081 343 1136 λοιμικὴ
377 1080 448 1122 καὶ
480 1081 692 1135 διέφθειρε
726 1079 1006 1134 παμπληθεῖς.
1067 1077 1138 1119 καὶ
1170 1077 1410 1131 Βούλγαροι
1443 1077 1488 1118 δὲ
1519 1076 1678 1124 τούτοις
1691 1083 1739 1119 30
1763 1081 1800 1118 D

179 1149 424 1196 ἐπελθόντες
460 1148 618 1195 πολλὰς
653 1148 885 1204 χιλιοστύας
921 1147 1075 1202 αὐτῶν,
1121 1147 1182 1193 ὥς
1225 1162 1327 1193 τινες
1371 1146 1677 1201 ἀναγράφουσι,

179 1219 392 1274 μαχαίρας
422 1218 567 1259 ἔθεντο
597 1217 904 1271 παρανάλωμα.

121 1298 168 1335 15
295 1285 349 1328 ‘O
379 1286 425 1328 δὲ
454 1290 527 1341 τῆς
557 1285 749 1332 Σικελίας
786 1284 1014 1339 στρατηγὸς
1046 1284 1223 1339 Σέργιος
1261 1283 1335 1338 τὴν
1370 1287 1455 1325 τῶν
1488 1283 1720 1338 Ἀράβων2

180 1355 286 1398 κατὰ
324 1360 396 1411 τῆς
431 1355 597 1401 πόλεως
633 1354 841 1396 ε’πέλευσιν
880 1353 1004 1408 γνοὺς
1041 1353 1111 1394 καὶ
1151 1353 1213 1399 ὡς
1244 1353 1288 1394 ἓν
1319 1353 1600 1406 ἀκαταστασία
1630 1351 1679 1393 τὰ

176 1424 400 1479 Ῥωμαίων
428 1423 689 1478 τυγχάνουσι,
722 1421 931 1477 τυραννίδι
961 1421 1032 1463 καὶ
1063 1420 1190 1467 αὐτὸς
1221 1421 1475 1476 ἐπεχείρησε·
1507 1421 1578 1463 καὶ
1601 1421 1716 1476 οὗχὲ

182 1577 228 1614 15
248 1578 303 1639 ’ὅτι
328 1577 351 1611 ό
374 1575 563 1662 σόρὲατηγὸς
588 1577 755 1616 Σικελίας
793 1576 828 1621 (ὁ
853 1581 911 1622 τῆς
938 1575 1090 1615 σικελίας
1116 1575 1306 1622 στρατηγὸς
1332 1575 1377 1619 Ε)
1415 1576 1591 1621 τυραννίδι
1619 1575 1680 1611 ἔπ-

181 1638 361 1672 εχειρησεν

256 1771 275 1806 1
302 1771 448 1816 σολιμᾶς
472 1770 554 1816 AR,
581 1771 732 1816 σολυμᾶς
758 1770 906 1817 DEwp‚
936 1770 1085 1815 σολιμᾶν
1111 1769 1276 1816 Niceph.
1304 1769 1413 1817 Cpol.
1442 1781 1478 1816 p.
1506 1769 1563 1811 53,
1590 1769 1634 1806 17

255 1819 279 1855 5
301 1820 460 1854 πλεῖστον
485 1817 542 1854 Di
567 1819 703 1854 invitis
730 1818 865 1864 Apr
995 1818 1015 1853 7
1040 1817 1140 1863 πεζὰ]
1167 1817 1279 1854 πολλὰ
1306 1817 1334 1852 Β
1456 1819 1478 1852 8
1505 1819 1683 1859 ζείσαντας

257 1867 389 1903 deleto
408 1869 428 1908 ζ
446 1866 476 1901 Ε
572 1866 764 1911 ἀποδράναι
783 1865 930 1912 Apr,
959 1877 1059 1902 corr.
1079 1864 1136 1901 Di
1235 1866 1280 1901 10
1305 1866 1355 1911 δὲ]
1375 1865 1440 1912 γὰρ
1460 1866 1490 1900 Ε
1589 1868 1683 1901 ante

256 1919 402 1960 σαρκῶν
420 1914 512 1949 add.
531 1915 551 1949 ό
568 1914 614 1959 D,
642 1914 717 1950 del.
737 1913 804 1952 Dw
905 1915 942 1949 ll
965 1914 1026 1949 καὶ
1045 1924 1120 1949 om.
1139 1913 1224 1960 w*p
1245 1915 1381 1949 invitis
1399 1913 1470 1948 AR
1567 1915 1684 1952 νόσοις

256 1962 304 2047 Ic),
331 1973 432 1998 corr.
460 1961 527 2000 Dw
623 1962 805 2007 ἐπέσκηψε
830 1962 860 1997 1⁴]
959 1962 1004 1997 12
1028 1961 1180 2001 πολλοὺς
1207 1961 1248 2004 C,
1283 1962 1354 1997 sed
1379 1976 1433 2008 γρ.
1457 1962 1684 2007 παμπληθεῖς

290 2028 322 2049 m

186 2167 305 2210 trapa
343 2173 365 2200 e
390 2163 490 2199 mari
529 2173 620 2199 cum
664 2163 790 2198 classe
832 2162 1020 2198 maxima.
1071 2162 1220 2199 Verum
1264 2173 1391 2198 naves
1418 2172 1558 2198 eorum
1601 2165 1682 2198 tam
1698 2164 1744 2200 25

187 2211 351 2248 bellicas
377 2221 498 2257 quam
519 2211 726 2247 onerarias
741 2209 899 2247 Graeco
915 2211 1001 2256 igni
1016 2210 1186 2246 Romani
1206 2212 1482 2256 reppulerunt,
1511 2214 1556 2246 ut
1571 2211 1685 2246 multi

186 2259 393 2303 nauarchi,
420 2268 591 2304 quorum
618 2268 746 2294 naves
758 2257 937 2294 Graecus
963 2258 1029 2293 ille
1054 2259 1161 2304 ignis
1176 2258 1354 2294 nondum
1382 2259 1585 2304 attigerat,
1613 2269 1686 2304 per

188 2307 509 2353 desperationem
558 2317 601 2342 se
647 2308 878 2341 conferrent
925 2305 977 2340 ad
1020 2316 1170 2352 regem.
1233 2306 1279 2341 Et
1319 2306 1393 2341 hoc
1431 2307 1550 2342 modo
1590 2316 1684 2352 pars
1699 2307 1744 2343 26

186 2355 317 2391 maior
342 2354 479 2390 classis
505 2353 705 2390 Arabicae
732 2354 860 2400 periit.
911 2353 1200 2399 Romanaeque
1227 2354 1409 2399 legiones
1437 2364 1516 2398 eos,
1549 2355 1617 2399 qui
1644 2354 1685 2389 in
1699 2355 1745 2391 27

188 2401 378 2448 Bithynia
416 2401 732 2449 praedabantur,
772 2411 995 2447 aggressae
1033 2401 1180 2436 multos
1208 2401 1455 2445 occiderunt,
1494 2406 1540 2437 ut
1565 2405 1605 2437 et
1630 2401 1683 2437 illi

189 2450 318 2486 territi
355 2451 612 2496 aufugerent.
663 2449 739 2491 Qui
777 2453 912 2484 autem
952 2452 1068 2484 erant
1097 2449 1136 2484 in
1176 2448 1351 2484 Thracia
1377 2448 1534 2485 Arabes
1572 2452 1685 2485 tanta
1699 2451 1746 2486 28

190 2499 297 2533 fame
314 2498 614 2544 premebantur,
639 2501 685 2532 ut
704 2496 943 2543 corporibus
962 2497 1195 2532 animalium
1211 2501 1461 2533 mortuorum
1490 2507 1572 2532 non
1598 2497 1686 2533 abs-

190 2545 384 2590 tinerent3
422 2545 520 2592 quin
552 2545 672 2581 etiam
699 2544 886 2580 humanis
913 2544 1103 2579 carnibus
1131 2544 1360 2580 admovisse
1386 2555 1531 2581 manus
1558 2544 1686 2591 perhi-

189 2593 348 2629 bentur.
398 2592 617 2628 Praeterea
672 2592 872 2628 estilentia
898 2602 968 2628 eos
1003 2592 1151 2627 invasit
1177 2602 1400 2638 eorumque
1426 2592 1568 2628 turbas
1595 2594 1747 2629 con-29

189 2641 321 2676 sertim
349 2640 583 2687 absumpsit.
672 2639 697 2675 d
723 2639 824 2676 haec
842 2638 1007 2685 Buigari
1036 2650 1105 2675 eos
1132 2641 1318 2687 aggressi
1344 2640 1470 2676 multa
1497 2640 1615 2685 milia,
1642 2642 1748 2677 ut30

191 2687 355 2734 quidam
380 2691 560 2732 narrant,
587 2687 693 2724 ferro
720 2687 987 2723 trucidarunt.

309 2735 343 2771 9.
391 2735 552 2772 Interea
566 2734 744 2782 Sergius,
771 2733 931 2771 Siciliae
957 2739 1132 2781 praetor,
1159 2736 1324 2781 cognita
1349 2736 1461 2771 urbis
1477 2735 1687 2772 obsidione

189 2783 365 2819 Arabica
403 2787 442 2819 et
483 2783 639 2830 imperii
673 2782 843 2818 Romani
883 2782 1190 2828 perturbatione
1228 2783 1485 2829 tyrannidem
1524 2787 1563 2819 et
1602 2785 1687 2830 ipse

191 2830 408 2875 affectavit,
447 2841 528 2867 non
554 2830 629 2866 sibi
667 2831 742 2877 ipsi
769 2833 966 2877 usurpato
1004 2830 1113 2876 regis
1151 2830 1278 2874 titulo,
1317 2830 1387 2867 sed
1413 2832 1724 2868 ministrorum‘2

191 2888 356 2915 suorum
372 2878 573 2926 quendam
590 2877 832 2925 Gregorium
854 2878 1013 2913 curavit
1039 2889 1063 2913 a
1091 2878 1239 2924 populo
1260 2890 1396 2925 regem
1415 2879 1686 2925 salutandum,
