2054 3282
369 220 440 258 452
764 219 946 258 ZONAR.
973 219 1105 257 EPIT.
1130 218 1222 256 XVI
1250 219 1304 265 14,
1333 219 1483 258 14—-28,

313 343 624 398 15Ἀγαρηνοὺς
663 343 861 397 γενναίως
900 342 1153 396 τρεψάμενοι
1192 342 1470 397 διεσώθησαν.
1534 344 1583 384 ὃν
1619 343 1643 384 ὁ
1679 343 1870 398 βασιλεὺς

373 412 542 459 ἓδέξατό
581 429 620 453 τε
660 414 900 465 περιχαρῶς
931 411 1002 451 καὶ
1035 410 1284 458 ἐδεξιώσατο
1314 411 1648 465 μεγαλοπρεπῶς
1678 412 1749 453 καὶ
1781 412 1868 453 δια-

314 480 590 534 16φερόντως
624 479 829 533 ἐτίμησεν·
862 478 945 520 εἶτα
977 479 1048 520 καὶ
1079 478 1187 532 πρὸς
1218 478 1345 520 αὐτὸν
1376 480 1457 534 ἔφη
1479 479 1568 534 “μὴ
1592 480 1789 522 ἀπατάτω
1811 496 1869 534 σε,

377 549 674 601 Κωνσταντῖνε,
719 547 766 588 τὸ
810 548 960 602 ὄνομα,
1004 545 1105 602 μηδ’
1140 549 1230 589 οἴου
1270 552 1342 602 τῆς
1377 548 1584 602 βασιλείας
1619 552 1766 603 τυχεῖν,
1809 549 1872 595 ὡς

377 617 692 658 Κωνσταντίνου
721 616 944 670 Ῥωμαίων
982 616 1206 670 μέλλοντος
1243 617 1400 670 ἄρξειν·
1445 617 1530 658 ἴσθι
1567 616 1646 670 γὰρ
1684 617 1906 672 ἇκριβῶςὸ

317 691 356 725 ΙΤ
372 689 518 725 τοῦτον
540 684 639 726 εἶναι
661 684 733 725 τὸν
756 684 849 725 υἱὸν
871 684 942 726 τὸν
965 685 1078 739 ἓμόν.
1141 684 1191 725 σὺ
1215 685 1259 726 δὲ
1281 686 1318 725 εἰ
1335 685 1413 739 μὲν
1434 687 1485 739 ἢν
1506 685 1650 739 ἔλαχες
1669 685 1872 739 Σπάρταν

372 756 558 807 κοσμεῖς,
606 754 715 794 ἔσται
756 769 820 794 σοι
852 752 916 794 εὗ·
962 754 998 793 εἰ
1028 753 1072 794 δὲ
1104 754 1355 807 νεωτερίσεις
1385 753 1456 794 καὶ
1486 754 1693 807 τυραννίδι
1725 754 1871 808 ἐπιχει-

373 822 524 875 ρήσεις,
559 822 630 861 ἔσο
662 821 848 875 βεβαίως
879 821 1004 866 εἰδὼς
1035 821 1097 866 ὡς
1130 821 1195 862 διὰ
1227 822 1350 875 τῆσδε
1380 826 1451 876 τῆς
1481 821 1615 876 πύλης
1649 822 1739 876 (τὴν
1764 821 1873 876 πρὸς

322 896 356 930 D
374 890 490 931 δύσιν
524 888 655 930 οὖσαν
682 894 754 930 τοῦ
776 891 1117 944 χρυσοτρικλίνου
1142 891 1278 937 δείξας
1299 890 1431 944 αὐτῷ)
1465 891 1490 944 ἡ
1513 890 1676 945 κεφαλή
1699 906 1776 931 σου
1797 894 1871 931 τοῦ

372 957 520 998 λοιποῦ
554 959 752 1011 σώματος
783 958 916 1012 χωρὶς
947 959 1278 1013 εἷσαχθήσεται.”
1336 960 1360 999 ὃ
1391 959 1462 1000 καὶ
1493 960 1659 1012 γέγονεν
1689 960 1871 1012 ὕστερον.
1886 962 1932 996 10

314 1033 359 1067 18
486 1025 562 1067 Ἐκ
606 1026 651 1066 δὲ
682 1025 917 1081 ΙῑῙελιτηνῆς
957 1027 1168 1068 ἐλθόντων
1207 1031 1343 1081 τινῶν,
1388 1028 1431 1068 ἕν
1468 1028 1530 1072 οἷς
1560 1027 1612 1081 ἧν
1643 1027 1713 1068 καὶ
1744 1028 1768 1068 ὁ
1798 1031 1872 1068 τοῦ

372 1094 570 1148 Σαμωνᾶ
600 1095 749 1148 πατήρ,
782 1095 1013 1142 ὑπεδέξατο
1043 1096 1216 1141 τούτους
1249 1096 1424 1149 ἐντίμως
1456 1096 1479 1136 ὁ
1510 1095 1701 1149 βασιλεὺς
1725 1095 1796 1136 καὶ
1818 1096 1874 1141 εἷς

371 1162 445 1217 τὴν
485 1163 671 1217 μεγάλην
711 1163 933 1217 ἐκκλησίαν
962 1163 1021 1218 μὴ
1057 1163 1237 1209 δεόντως
1269 1164 1464 1209 ἀπίστους
1495 1164 1617 1209 ὄντας
1648 1164 1873 1218 εἰσήγαγεν.

315 1237 359 1272 19
373 1231 477 1272 ἵδὼν
520 1231 564 1272 δὲ
602 1232 626 1272 ὁ
658 1236 730 1273 τοῦ
762 1232 959 1286 Σαμωνᾶ
995 1232 1132 1286 πατὴρ
1172 1234 1224 1287 ἣν
1261 1231 1366 1286 εἶχεν
1398 1232 1422 1272 ὁ
1453 1232 1543 1277 υἱὸς
1581 1232 1709 1273 αὐτοῦ
1752 1232 1874 1287 τιμὴν

374 1300 418 1340 ἒν
448 1303 533 1345 τοῖς
564 1300 796 1354 βασιλείοις,
842 1301 911 1341 καὶ
944 1301 1014 1342 τὸν
1046 1301 1226 1342 πλοῦτον
1258 1302 1306 1342 ὃν
1337 1301 1574 1354 περιέκειτο,
1619 1301 1744 1355 ἤθελε
1775 1317 1871 1342 συν-
1887 1305 1932 1340 15

313 1374 360 1409 ‘20
375 1368 528 1422 διάγειν
551 1369 681 1422 αὐτῷ.
746 1369 945 1424 ἐκωλύθη
971 1369 1015 1410 δὲ
1036 1373 1136 1423 παρ’
1162 1370 1335 1422 ἐκείνου,
1367 1369 1441 1423 τὴν
1463 1370 1618 1410 οἰκείαν
1643 1369 1873 1423 θρησκείαν

372 1441 509 1491 τηρεῖν
541 1437 903 1491 συμβουλεύοντος
934 1438 1004 1478 καὶ
1037 1439 1093 1483 εἷς
1124 1438 1197 1492 τὴν
1227 1438 1404 1491 πατρίδα
1437 1437 1695 1478 ἐπανελθεῖν·
1730 1438 1799 1478 “εἶ
1827 1437 1872 1478 δὲ

371 1504 443 1546 καὶ
477 1505 639 1550 αὗτός”
671 1506 752 1560 ἔφη
785 1506 930 1560 “τύχω
963 1510 1128 1560 καιροῦ,
1161 1506 1438 1559 ὑπονοστήσω
1469 1505 1578 1560 πρὸς
1608 1506 1695 1547 σέ.”

446 1617 462 1650 1
493 1616 582 1661 ἅγαρ
608 1622 690 1655 νοῦς
718 1616 766 1660 D,
794 1617 980 1655 corr.va
1078 1623 1179 1663 γεννᾶ
1205 1618 1254 1656 ὡς
1282 1617 1329 1662 D,
1358 1628 1458 1653 corr.
1477 1617 1546 1655 Dw
1642 1617 1664 1653 2
1689 1632 1723 1653 τε
1751 1617 1870 1654 om.C

492 1664 685 1704 δεξιώσατο
704 1663 750 1707 D,
780 1675 880 1699 corr.
899 1665 966 1702 Dw
1063 1666 1095 1701 ⁶2.
1113 1666 1135 1700 3
1160 1665 1590 1711 ἑδεξιώσατο-ἐτίμησεή
1618 1665 1678 1700 De
1694 1666 1869 1702 chiasmo

443 1722 480 1746 V.
498 1712 550 1746 ad
569 1711 665 1746 ΧῘῙΙ
684 1712 716 1756 2,
732 1712 753 1746 6
865 1713 887 1746 3
911 1713 1071 1757 ἓτίμασεν
1096 1713 1142 1757 D,
1171 1724 1270 1748 corr.
1295 1713 1362 1750 Dw
1470 1713 1638 1748 ἅπατάσω
1663 1713 1760 1759 W*p,
1785 1713 1870 1749 ἄπα-

442 1759 602 1794 τάτωσαν
619 1758 668 1802 D,
695 1760 860 1794 ἀπατάτω
887 1773 926 1794 σε
944 1760 1011 1798 Dw
1108 1762 1130 1795 4
1155 1761 1205 1807 μὴ
1225 1761 1265 1795 δὸ
1283 1762 1337 1795 ἴου
1365 1760 1410 1803 Ι),
1440 1771 1540 1796 corr.
1559 1760 1624 1798 Dw
1721 1761 1743 1796 5
1769 1761 1870 1806 ἄρξαι

444 1806 540 1852 Ewp
640 1808 662 1842 6
688 1806 870 1852 Σπάρταν]
900 1819 935 1843 V.
963 1809 1098 1854 Eurip.
1127 1810 1173 1843 fr.
1193 1808 1262 1844 722
1289 1808 1419 1852 Dind„
1447 1809 1613 1853 σπάρτοις
1640 1808 1671 1843 Ε
1768 1809 1789 1844 7
1815 1822 1869 1843 σοι

445 1865 520 1889 om.
550 1854 578 1889 C
700 1857 908 1899 νεωτερίσας
936 1856 982 1898 D,
1013 1867 1113 1891 corr.
1141 1856 1208 1895 Dw
1346 1857 1368 1891 8
1393 1857 1462 1891 ἔσω
1487 1857 1534 1902 p*
1669 1857 1713 1891 10
1737 1857 1870 1902 εῖςαχθ.

443 1903 556 1948 χωρίς
585 1902 613 1937 C
739 1903 779 1937 ll
806 1904 983 1948 μελιτινῆς
1010 1904 1106 1949 Ewp
1233 1904 1276 1938 12
1302 1904 1489 1944 ὑπεδέξατο
1515 1904 1655 1943 τούτους
1679 1904 1827 1949 ἐντίμως
1852 1905 1873 1939 ὅ

443 1949 607 1996 βασιλεὺς
634 1949 782 1996 Apr,
809 1952 852 1996 ἣν
878 1950 970 1995 εἶχεν
987 1953 1007 1986 ὁ
1024 1951 1098 1990 υίὸς
1115 1952 1221 1987 αὐτοῦ
1239 1952 1275 1986 ἕν
1293 1957 1362 1989 τοῖς
1379 1953 1566 1997 βασιλείοις
1582 1951 1684 1996 τιμὴν
1701 1954 1871 1993 (comma

445 1997 537 2032 add.
557 1997 640 2038 Dw)
667 1998 727 2032 καὶ
753 1997 810 2032 τὸν
835 1999 985 2033 πλοῦτον
1011 1997 1182 2043 (comma
1207 1999 1297 2034 add.
1318 1999 1401 2041 Dw)
1427 2001 1466 2034 ὃν
1489 2000 1682 2044 περιέκειτο
1701 2002 1871 2043 (comma

445 2045 538 2080 add.
565 2044 649 2087 Dw)
677 2045 765 2080 ἰδὼν
793 2046 888 2087 (duo
917 2050 1067 2091 puneta
1094 2048 1184 2082 add.
1212 2046 1294 2087 Dw)
1327 2047 1524 2092 συνδιάγειν
1550 2047 1676 2092 ἤθελεν
1701 2047 1814 2092 αὐτῷ·
1853 2048 1873 2080 ὁ

444 2092 510 2138 γὰρ
536 2092 701 2139 βασιλεὺς
730 2095 900 2134 (comma.
927 2094 1018 2129 add.
1046 2093 1129 2137 Dw)
1154 2095 1301 2139 ἐντίμως
1330 2094 1455 2133 αὐτοὺς
1485 2095 1672 2135 ὑπεδέξατο
1701 2096 1871 2138 (comma

447 2140 538 2175 add.
567 2140 652 2183 Dw)
678 2140 714 2175 D
747 2142 814 2177 Wo
842 2141 908 2176 lat.
1020 2143 1064 2177 13
1090 2143 1209 2177 δέοντα
1236 2142 1282 2186 D,
1311 2153 1412 2177 (201'1'.
1439 2141 1506 2179 Dw
1620 2142 1663 2177 14
1689 2142 1871 2177 ἴδὼν--Ῑὸ

445 2188 543 2270 αὐτὲῑ
565 2199 640 2223 om.
659 2188 696 2222 D
785 2189 830 2223 1ss
847 2188 931 2234 παρ’
949 2189 1086 2225 ἐκείνου
1106 2201 1180 2225 om.
1201 2190 1236 2224 D
1334 2189 1395 2235 τὴν
1413 2190 1482 2225 οἶκ.
1502 2198 1577 2225 om.
1597 2189 1626 2225 C
1725 2191 1769 2225 18
1783 2192 1870 2235 πρός

442 2249 481 2270 σε
543 2242 625 2282 Swp

313 2319 356 2354 15
371 2320 709 2365 persequentibus
727 2319 930 2366 Agarenis
953 2321 1110 2356 fortiter
1129 2321 1364 2366 profligatis
1391 2324 1619 2356 evaserunt.
1671 2321 1769 2355 Eum
1797 2331 1868 2355 rex

371 2371 410 2402 et
437 2368 603 2402 comiter
630 2369 790 2413 excepit
817 2371 856 2403 et
883 2369 1098 2413 magnifice
1127 2369 1293 2403 donavit
1312 2375 1350 2403 et
1369 2369 1502 2404 affecit
1521 2369 1730 2413 exquisitis
1750 2369 1869 2403 hono-

313 2415 356 2449 16
371 2415 494 2450 ribus.
545 2414 647 2450 Tum
675 2416 795 2450 etiam
815 2417 851 2450 ei
878 2416 996 2450 dixit:
1019 2415 1110 2451 “Ne
1138 2419 1176 2450 te
1196 2415 1398 2461 deceperit
1417 2427 1574 2460 nomen,
1595 2415 1868 2459 Constantine,

370 2466 484 2497 tuum
510 2473 616 2498 neve
643 2464 797 2508 putaris
823 2468 862 2499 te
889 2474 1022 2498 rerum
1053 2464 1272 2508 potiturum
1307 2474 1406 2507 esse,
1446 2464 1554 2508 quod
1581 2463 1868 2500 Constantinus

371 2510 562 2545 Romanis
588 2511 775 2556 imperet3
802 2514 912 2546 certo
940 2512 1045 2545 enim
1073 2511 1171 2546 scito
1199 2511 1321 2545 {ilium
1349 2511 1454 2545 hune
1480 2521 1611 2546 meum
1631 2521 1718 2546 esse
1745 2511 1867 2546 illum.

313 2557 356 2592 17
372 2557 523 2599 Quodsi
552 2560 594 2592 tu
622 2557 807 2603 Spartam
834 2561 944 2593 tuam
973 2559 1139 2603 ornaris,
1167 2558 1271 2593 bene
1298 2558 1368 2593 tibi
1396 2559 1488 2603 erit3
1515 2559 1574 2593 sin
1602 2559 1724 2593 rebus
1751 2559 1867 2593 novis

371 2605 574 2640 studueris
601 2608 640 2640 et
666 2606 921 2650 tyrannidem
948 2606 1163 2649 affectaris,
1199 2605 1279 2640 noli
1307 2606 1503 2651 dubitare,
1542 2607 1639 2651 quin
1666 2617 1738 2652 per
1765 2606 1867 2640 banc.

371 2656 528 2698 portam
557 2652 847 2696 (demonstrata
874 2653 1112 2688 occidentali
1138 2653 1251 2688 aurei
1277 2653 1437 2688 triclinii
1464 2654 1594 2698 porta)
1614 2657 1735 2699 caput
1754 2656 1865 2688 tuum

372 2699 526 2745 absque
544 2700 699 2745 reliquo
719 2710 890 2746 corpore
909 2702 959 2736 sit
977 2699 1278 2735 transiturum.”
1327 2700 1442 2742 Quod
1467 2705 1608 2746 postea
1627 2702 1777 2736 sactum
1796 2704 1866 2736 est.

313 2747 357 2781 18
490 2746 587 2782 Cum
607 2746 806 2782 Samonae
833 2751 948 2793 pater
975 2758 1063 2782 cum
1095 2747 1336 2793 quibusdam
1361 2748 1448 2783 aliis
1468 2747 1653 2783 Melitene
1682 2749 1866 2791 venisset,

371 2804 443 2829 rex
480 2805 549 2829 eos
576 2795 796 2830 honorifice
823 2799 1041 2842 exceperat
1068 2798 1107 2830 et
1132 2795 1266 2830 decori
1295 2795 1441 2830 oblitus
1468 2796 1647 2830 homines
1674 2797 1866 2841 profanos

313 2841 413 2876 19511
441 2852 630 2888 magnam
659 2842 868 2878 ecclesiam
896 2843 1188 2878 introduxerat.
1239 2841 1438 2878 Samonae
1477 2854 1573 2878 vero
1614 2849 1738 2888 pater,
1780 2844 1866 2878 viso

311 2888 359 2923 20
371 2889 438 2923 filii
466 2889 618 2925 honore
644 2894 683 2925 et
711 2890 927 2936 opulentia,
967 2900 1059 2926 eum
1095 2900 1143 2926 eo
1175 2890 1315 2926 vivere
1342 2892 1509 2937 cupiens
1536 2901 1559 2926 a
1588 2891 1667 2925 filio
1693 2891 1866 2937 prohibi-

1994 946 2001 951 .

2042 1315 2054 1586 2⁷-.na-ffl·
2041 919 2054 1312 mfflssmoew
2039 830 2050 911 ,4-1,
2047 816 2049 819 ,
2046 795 2049 804 ,.
2043 758 2048 782 ,μ
2039 719 2047 750 <22
2038 677 2047 697 ,;
2043 655 2045 659 «
2035 622 2045 644 κ
2040 599 2045 611 ,Α
2038 582 2045 589 v=
2037 559 2043 572 ⁴
2041 511 2043 535 -·
2031 442 2054 499 *15³
2035 423 2037 426 ’
2038 401 2041 410 ”
2038 352 2040 368 ”
2035 323 2038 326 ’
2036 271 2039 278 ”
2035 246 2037 250 “
2030 209 2037 233 ῤ’
2034 184 2037 196 ⁴*
2033 151 2038 172 '⁸
2028 126 2033 131 ⁵
