2020 3230
361 260 437 295 810

410 379 452 413 fit
480 381 743 423 protostrator
770 379 975 413 Michaelis
1004 379 1072 413 III.
1110 378 1112 417 Ξ

409 426 489 469 410,
505 427 657 468 8-412,
673 428 703 461 7.
732 428 774 461 tit
801 427 979 462 eiusdem
1010 437 1073 460 00-
1110 445 1111 468 ,

409 474 629 509 bieularius
655 475 734 518 412,
748 474 876 509 8—15.
915 474 1074 509 Bardae
1110 475 1111 523 3

408 522 592 556 inimicus
629 522 780 565 412,16.
819 521 970 563 413,14.
1011 532 1075 556 110-
1109 551 1111 568 4,

410 573 473 603 cat
511 570 683 604 Bardam
722 569 801 611 414,
821 569 948 604 4—13.
1000 570 1075 603 Eu-

409 617 524 650 docia
561 617 682 651 (lucta
718 627 740 650 a
774 616 967 651 Michaele
1001 628 1071 651 rex

408 664 450 698 fit
484 664 564 707 414,
592 664 766 708 16-415‚
793 665 824 698 3.
864 664 946 699 Leo
987 665 1073 699 eius
1109 683 1110 694 ι

408 713 432 746 f.
459 711 539 754 415,
555 713 586 746 3.
630 712 863 746 Michaelem
899 712 968 746 III.
1008 723 1073 746 ne-

408 762 471 794 cat
508 759 587 802 415,
615 759 765 803 6—417,
795 759 848 794 15.
893 760 978 794 01115
1017 770 1073 795 re-

406 807 468 851 gis
490 817 588 841 cura
616 807 664 841 de
682 808 777 841 fisco
796 807 875 849 417,
896 807 947 842 17.
975 808 1073 842 Pho-

406 855 461 888 tio
501 855 627 889 eiecto
673 855 827 889 reducit
868 855 1071 900 Ignatium
1107 872 1109 899 :¹

405 901 486 945 418,
502 903 629 937 9—18.
658 901 879 947 Georgium
906 906 944 937 et
963 902 1073 947 Sym-
1107 902 1109 907 '

406 950 558 984 batium
587 950 686 984 tollit
712 950 842 993 419,1.
869 953 958 985 octo
986 951 1072 985 eius
1107 949 1109 977 ἱ

405 997 518 1033 liberi
544 997 623 1040 419,
639 997 742 1032 3-9.
777 998 850 1032 sub
879 1008 925 1033 eo
954 1009 1072 1042 expe-

406 1044 576 1079 ditiones
596 1048 735 1080 contra
751 1045 963 1090 Agarenos
983 1045 1072 1081 Cre-

406 1095 538 1127 tenses
556 1092 636 1136 419,
656 1093 804 1128 10-16.
833 1097 904 1128 sub
932 1104 978 1128 eo
1007 1104 1071 1128 ex·
1106 1126 1108 1136 ,

406 1140 556 1184 peditio
599 1143 739 1175 eontra
778 1140 992 1185 Agarenos
1033 1145 1071 1176 et

405 1187 660 1223 Manichaeos
703 1188 783 1232 419,
814 1189 987 1231 17-421,
1016 1190 1069 1223 17.
1106 1186 1107 1191 ’

406 1234 714 1281 Christophorns
734 1238 819 1271 eius
840 1237 971 1271 affinis
989 1237 1070 1280 419,

406 1282 460 1317 14.
500 1284 574 1318 sub
611 1294 657 1318 eo
690 1284 856 1319 Pliotius
892 1285 1071 1319 succedit

404 1330 564 1375 Ignatio
577 1331 722 1375 421,18.
738 1332 961 1366 Romanum
979 1331 1071 1367 Cur·
1106 1323 1107 1339 ¹

405 1388 521 1412 cuam
557 1383 696 1414 caecat
734 1380 902 1424 eiusque
940 1381 1070 1415 socios

403 1426 558 1472 relegat
584 1427 663 1468 422,
679 1427 782 1462 3-7.
811 1429 897 1462 eius
915 1428 1069 1462 bellum
1105 1442 1107 1461 ι,

404 1472 615 1518 Syriacum
647 1475 965 1519 422,8-423,11.
1000 1486 1070 1520 per
1105 1492 1106 1504 ι

402 1519 608 1556 Andrean]
642 1526 680 1557 et
707 1522 960 1568 Styppiotam
987 1523 1069 1557 bel·
1104 1526 1106 1553 1

403 1568 458 1602 lat
501 1579 590 1603 cum
633 1569 834 1615 Agarenis
876 1570 1068 1614 423,12—
1104 1557 1106 1588 ¹

402 1615 568 1658 424,·15.
619 1616 834 1662 Agarenos
877 1618 1068 1652 Rausiuin

404 1663 635 1700 obsident-es
653 1665 809 1710 repellit
823 1665 902 1709 425,
919 1666 950 1700 3.
980 1676 1069 1700 con-

402 1711 562 1746 iunctus
598 1723 688 1747 cum
720 1713 885 1748 Francis
918 1712 1069 1758 Agaro-

402 1769 475 1794 nos
487 1760 1067 1806 expelliteLongobardia425,
1103 1788 1105 1796 ,

403 1805 577 1850 14-426,
589 1808 621 1842 6.
650 1807 853 1853 Capua-nis
880 1812 918 1844 et
944 1808 1067 1843 Bene·
1103 1829 1104 1852 2

402 1855 589 1889 ventanis
629 1856 824 1890 auxilium
875 1857 1067 1900 promittit
1103 1855 1104 1870 ³

401 1901 727 1946 428,11-429,6.
773 1904 986 1938 orientales
1029 1910 1068 1939 et
1102 1905 1104 1910 '

403 1948 611 1985 Cretenses
626 1949 837 1996 Agarenos
852 1951 1066 1995 1111011429,
1102 1970 1104 1977 ν

401 1997 552 2040 7—430,
581 1997 635 2032 14.
687 1999 804 2043 fugat
854 1997 1067 2044 Agarenos

400 2043 563 2079 Africae
597 2057 666 2090 per
700 2045 893 2085 Nasarem
926 2046 1067 2090 43o,15
1102 2046 1104 2096 3

402 2092 600 2134 --431,15.
641 2094 726 2128 eius
767 2094 960 2128 eeclesiae
986 2094 1066 2139 432,
1102 2097 1105 2144 ζ

403 2139 432 2174 1.
461 2141 535 2174 sub
563 2151 610 2175 00
630 2140 858 2185 Syracusae
885 2142 936 2176 ab
961 2141 1067 2187 Aga-

401 2188 508 2222 renis
534 2191 718 2223 vastatae
743 2188 823 2233 432,
840 2189 872 2223 9.
901 2190 954 2224 15.

400 2234 574 2269 Phoeam
609 2235 879 2281 Nicephorum
915 2236 1067 2282 Agaro-

400 2292 473 2316 nos
507 2284 625 2328 fugat
658 2283 814 2326 432,18.
854 2285 976 2319 filium
1013 2286 1067 2319 vi-

402 2329 518 2372 duae,
558 2341 581 2364 a
615 2341 694 2375 qua
721 2332 757 2366 ei
782 2342 955 2377 regnum
982 2336 1068 2367 erat

400 2377 661 2422 praedictum,
699 2380 1065 2425 protospatharium

400 2424 497 2458 facit
521 2425 605 2469 433,
620 2426 771 2470 3—434,
787 2427 842 2461 16.
871 2428 1065 2462 fornicem

401 2472 689 2508 occidentalem
727 2474 862 2519 templi
902 2474 1066 2520 Sapien-

399 2519 480 2554 tiae
506 2520 637 2555 firmat
661 2521 743 2565 434,
760 2522 813 2556 17.
841 2522 986 2557 multos
1004 2523 1066 2557 Iu-

401 2566 524 2602 daeos
560 2571 598 2602 et
624 2568 775 2604 11115505
802 2569 854 2603 ad
881 2569 1066 2605 Christia-

399 2614 571 2649 nismum
605 2616 791 2660 producit
814 2617 895 2661 435,
913 2617 1064 2662 4—436,

399 2661 431 2695 5.
466 2661 770 2698 Constantinum
805 2665 830 2699 s.
863 2668 1065 2699 mortuum

400 2708 668 2745 Santabareni
707 2712 901 2746 miraculo
953 2713 1064 2747 videt

399 2757 600 2792 viventem
627 2758 707 2801 436,
726 2759 852 2794 9—17.
887 2759 1063 2795 Leonem

400 2804 523 2838 filium
544 2815 659 2840 suum
679 2804 947 2842 Santabareni
973 2808 1066 2842 insi-

400 2852 474 2886 diis
503 2856 663 2897 captum
695 2855 869 2888 restituit
899 2854 980 2897 437,
995 2855 1064 2889 3—

398 2898 478 2942 439,
507 2899 561 2934 10.
606 2901 688 2935 obit
727 2901 998 2946 439,11-44Ο,
1032 2902 1063 2937 9.

401 2946 486 2982 0105
504 2948 620 2995 regni
639 2949 812 2994 spatium
830 2948 910 2994 440,
926 2949 957 2984 6.
978 2950 1064 2985 eius

996 2200 1067 2234 per

1016 261 1209 299 Βασίλειος.

1195 379 1425 424 benignitas
1435 379 1516 422 514,
1526 381 1678 425 7-515,
1689 380 1720 415 2.
1742 401 1784 406 —
1800 380 1859 416 ΙΙΙ

1194 427 1273 470 393,
1296 426 1345 461 15.
1373 427 1454 469 394,
1468 429 1500 462 8.
1528 427 1655 471 442,1.

1148 494 1191 497 -—
1210 474 1242 508 4.
1267 474 1423 509 Zautzis
1444 476 1708 511 consobrinus
1730 476 1858 511 Leoni

1196 522 1257 556 VI.
1298 523 1462 558 insidias
1489 527 1605 568 parat
1632 523 1689 558 ΠΙ
1714 523 1858 567 444,18

1241 569 1321 614 445,
1336 571 1366 604 8.

1109 620 1111 641 ἰ
1148 637 1189 640 -—
1217 617 1248 651 5.
1277 617 1445 652 Romani
1472 618 1500 652 I.
1536 618 1740 664 Lacapeni
1775 619 1799 652 f.
1834 629 1858 653 a

1194 664 1456 700 Constantino
1476 665 1560 700 VII.
1583 670 1782 701 castratur
1801 666 1856 700 III

1192 713 1271 756 482,
1291 713 1343 747 13.

1146 780 1188 784 -
1216 761 1247 795 6.
1280 760 1531 796 Constantini
1561 761 1641 795 VII.
1682 761 1855 796 cubiculi

1193 809 1446 853 praepositus
1477 812 1570 843 ante
1589 808 1781 852 Bringain
1799 808 1858 843 III

1191 856 1271 900 483,
1289 857 1342 890 12.
1369 856 1450 900 487,
1464 855 1496 890 4.
1524 856 1793 902 Nicephorum
1809 856 1856 891 II.

1192 904 1365 938 Phocam
1386 903 1538 949 Cpolim
1562 904 1671 939 ducit
1689 905 1856 949 impera-

1192 955 1318 986 torem
1353 951 1576 995 498,1-16.
1616 951 1792 997 praesidi
1820 952 1855 986 ei

1192 1000 1407 1034 Tzimisces
1459 1000 1592 1034 omnia
1650 999 1858 1034 committit

1191 1047 1341 1090 519,11.
1377 1047 1462 1082 eius
1491 1047 1652 1082 decreta
1678 1048 1720 1081 in
1745 1046 1857 1082 Nice·

1191 1095 1306 1139 phori
1333 1098 1529 1139 cognatos
1555 1099 1593 1129 et
1619 1095 1749 1129 socios
1775 1094 1856 1136 520,

1189 1143 1221 1177 5.
1262 1142 1495 1177 Tzimiscem
1525 1143 1575 1177 ad
1602 1143 1764 1187 nuptias
1790 1143 1857 1176 im-

1191 1190 1300 1235 pellit
1337 1190 1418 1232 527,
1433 1190 1465 1224 5.
1506 1190 1685 1225 eiusdem
1723 1190 1856 1225 socius

1190 1239 1230 1272 in
1264 1238 1368 1273 bello
1395 1238 1561 1272 Russico
1592 1237 1672 1281 528,
1689 1237 1743 1272 17.
1771 1237 1856 1272 Tzi-

1192 1287 1350 1320 1111500111
1379 1296 1537 1320 veneno
1565 1285 1665 1320 tollit
1691 1285 1770 1329 537,
1787 1286 1852 1320 3-

1191 1334 1245 1368 17.
1274 1344 1346 1378 pro
1361 1333 1508 1368 Basilio
1531 1333 1580 1368 II.
1608 1332 1855 1368 0100051011-

1189 1382 1272 1415 tino
1300 1381 1403 1415 VIII.
1432 1381 1565 1415 omnia
1593 1382 1677 1426 agit
1703 1381 1853 1423 538,18.

1189 1429 1346 1463 reducit
1361 1428 1704 1473 Theophanonem
1726 1428 1806 1470 539,
1822 1428 1853 1462 9.

1190 1476 1368 1511 Sclerum
1381 1476 1695 1521 Mesopotamiae
1711 1475 1852 1510 ducem

1189 1525 1285 1559 facit
1311 1527 1349 1558 et
1375 1524 1425 1558 ad
1453 1523 1689 1558 seditionem
1720 1527 1856 1558 movet

1188 1571 1340 1615 539,11.
1368 1571 1539 1605 Bardam
1568 1581 1725 1606 veneno
1754 1571 1855 1605 tollit

1188 1619 1339 1663 553,17.
1366 1619 1573 1663 relegatur
1599 1618 1678 1660 554,
1698 1619 1729 1653 9.
1759 1618 1812 1652 12.

1143 1687 1183 1691 ——
1213 1667 1243 1701 7.
1271 1667 1299 1701 Ι.
1328 1668 1347 1700 ὁ
1371 1667 1653 1710 Σκαμανδρηνός
1680 1665 1852 1711 Cpolita-

1189 1725 1263 1749 nus
1291 1714 1521 1758 patriarcha
1539 1714 1598 1748 III
1617 1714 1696 1757 522,
1712 1713 1744 1747 4.
1771 1713 1853 1756 535,

1190 1762 1243 1796 12.
1271 1762 1350 1805 536,
1369 1763 1399 1797 7.

1141 1830 1184 1834 —
1212 1811 1243 1844 8.
1280 1810 1328 1843 II.
1355 1809 1525 1844 Romani
1556 1809 1605 1843 ΙΙ.
1642 1809 1668 1843 f.
1703 1819 1854 1843 corona

1188 1861 1354 1892 ornatus
1383 1857 1441 1891 ΙΙΙ
1469 1856 1550 1900 490,
1567 1857 1620 1890 11.
1649 1856 1854 1891 Tzimiscis

1187 1906 1301 1950 regni
1336 1905 1538 1949 particeps
1572 1904 1722 1948 519,11.
1763 1914 1852 1938 cum

1187 1954 1312 1987 fratre
1343 1952 1528 1986 Tzimisci
1555 1952 1745 1995 succedit,
1782 1952 1852 1986 sed

1188 2001 1321 2035 omnia
1364 2004 1456 2034 sunt
1499 2010 1622 2044 penes
1659 1999 1851 2034 Basilium

1187 2048 1413 2092 praesidem
1440 2048 1589 2091 537,17.
1617 2047 1768 2091 538,15.
1798 2047 1850 2081 18.

1187 2096 1273 2130 eius
1299 2098 1445 2129 natura
1477 2094 1674 2139 539,2-9.
1701 2095 1775 2129 sub
1803 2104 1851 2129 eo

1185 2143 1340 2177 Bai-das
1367 2142 1526 2178 Sclerus
1563 2142 1753 2177 deficiens
1789 2152 1850 2177 ca-

1187 2191 1294 2235 pitur
1343 2190 1423 2233 539,
1458 2190 1631 2234 11-546,
1667 2190 1720 2224 19.
1771 2189 1850 2233 548,

1186 2239 1218 2272 6.
1259 2239 1332 2273 sub
1372 2248 1417 2272 eo
1458 2237 1632 2272 Antonio
1672 2237 1851 2272 succedit

1186 2285 1374 2320 Nicolaus
1413 2285 1490 2328 547,
1520 2285 1550 2319 1.
1603 2296 1626 2319 a
1664 2285 1850 2330 Bulgaris

1186 2334 1427 2378 profligatur
1488 2333 1568 2376 548,
1605 2331 1754 2375 9—549,
1795 2332 1849 2367 18.

1186 2381 1425 2425 Delphinam
1482 2380 1632 2414 auxilio
1682 2379 1850 2414 Russico

1185 2430 1310 2463 vincit
1325 2427 1590 2471 552,15—553,
1605 2429 1636 2462 4.
1665 2437 1755 2462 cum
1775 2428 1850 2462 fra-

1185 2480 1245 2511 tre
1281 2476 1332 2510 ad
1359 2475 1548 2520 Abydum
1584 2478 1723 2510 contra
1758 2474 1851 2509 Bar-

1186 2523 1275 2558 dam
1310 2527 1368 2558 est
1402 2526 1659 2568 pugnaturus
1689 2522 1847 2566 553,4—

1184 2571 1264 2615 554,
1280 2571 1312 2605 6.
1355 2575 1439 2606 tota
1469 2571 1555 2605 eius
1593 2574 1739 2604 natura
1764 2580 1849 2604 mu-

1185 2621 1268 2653 tata
1301 2618 1380 2662 554,
1397 2619 1428 2653 7.
1467 2618 1658 2652 Basilium
1693 2617 1850 2662 relegat

1184 2665 1334 2709 554,12.
1373 2666 1488 2700 fratri
1526 2665 1621 2699 nihil
1666 2665 1850 2700 concedit

1185 2714 1261 2748 nisi
1279 2723 1425 2748 nomen
1443 2713 1600 2758 regium
1613 2712 1692 2755 555,
1702 2713 1734 2747 9.
1759 2722 1848 2746 cum

1184 2761 1318 2795 Barda
1350 2760 1484 2796 Sclero
1519 2760 1736 2804 paciscitur
1767 2759 1848 2802 555,

1185 2808 1359 2852 17—557,
1385 2808 1416 2842 6.
1467 2807 1641 2842 Iberiam
1683 2807 1850 2842 Phoeni-

1185 2856 1286 2890 ciam
1321 2854 1476 2900 Syriam
1513 2855 1648 2889 domat
1679 2854 1758 2898 557,
1780 2855 1848 2890 7—

1183 2903 1264 2947 558,
1277 2902 1310 2937 4.
1339 2903 1424 2937 eius
1451 2903 1642 2937 victoriae
1668 2902 1848 2947 Bulgari-

1185 2960 1257 2985 cae
1298 2950 1379 2995 558,
1399 2949 1646 2994 12-560,18.
1690 2949 1847 2985 allelen-
