2054 3282
403 227 676 267 SVPPLICIA
703 226 1064 268 CONSTANTINI.
1115 226 1283 267 MARIA
1308 228 1602 267 TONDETVR.
1676 229 1747 268 295

251 352 382 408 λέμου
411 353 557 395 πολλοὶ
585 353 665 408 μὲν
695 354 844 396 ἔπεσον
875 355 1198 409 ἀμφοτέρωθεν,
1232 354 1449 408 τρέπονται
1481 352 1527 395 δὲ
1558 353 1599 395 οἱ
1627 353 1745 408 βασι-

251 422 369 476 λικοί,
413 422 485 464 καὶ
515 423 676 477 ἀμφοῖν
709 424 1020 478 ζωγρηθέντων
1057 428 1143 465 τῶν
1180 427 1436 478 στρατηγῶν,
1481 423 1556 469 οὓς
1587 422 1627 463 οἱ
1651 421 1745 475 Ἀρ-

250 491 441 546 μενιακοὶ
471 491 618 534 αὐτίκα
650 491 907 546 ἐτύφλωσαν.
969 491 1052 534 εἶτα
1085 492 1110 534 ό
1140 497 1312 546 κρατῶν
1341 490 1468 538 αὐτὸς
1490 488 1582 532 κατ’
1605 491 1747 532 αὐτῶν
1764 492 1806 529 17

251 560 538 614 ἐξεστράτευσε
574 559 646 602 καὶ
681 564 889 615 χειροῦται
919 560 1087 614 αὐτούς,
1130 560 1203 603 καὶ
1237 559 1334 607 τοὺς
1369 559 1448 615 μὲν
1483 560 1747 614 προῦχοντας

215 630 238 668 5
251 628 422 683 ἀναιρεῖ,
453 633 538 676 τοῖς
569 628 615 671 δὲ
645 629 804 676 λοιποῖς
835 629 1032 683 δημεύσει
1061 633 1148 671 τῶν
1177 628 1456 684 ὑπαρχόντων
1478 628 1746 683 ἐπιτετίμηκε.

52 743 53 746 ¹
250 697 405 752 χιλίους
448 697 494 740 δὲ
529 702 616 740 τῶν
654 697 701 739 ἐκ
738 701 810 753 τῆς
847 698 989 740 αὐτῶν
1025 698 1328 753 μητροπόλεως
1360 697 1573 752 δεσμήσας
1601 696 1674 739 καὶ
1704 697 1747 744 ἐς
1763 699 1806 734 18

10 813 11 822 ¹
55 771 67 797 1
94 766 153 804 111
166 768 237 805 364
248 766 527 821 μεγαλόπολιν
557 766 754 820 ἑνεγκών,
785 765 858 813 τὰς
889 766 1010 821 ὄψεις
1039 783 1082 808 τε
1110 771 1235 821 σφῶν
1254 767 1548 812 καταστίκτους
1567 766 1747 820 ποιήσας
1760 767 1796 804 Ι)

48 824 50 826 V
250 834 296 877 ἓν
326 835 554 890 γράμμασι,
596 835 777 890 μέλανος
815 835 1067 890 ἑγχεομένου
1104 839 1189 883 τοῖς
1225 836 1438 890 στίγμασιν
1482 834 1610 889 (ἔλεγε
1642 835 1688 878 δὲ
1718 837 1744 891 ἡ

250 903 393 959 γραφὴ
415 903 726 959 “Ἀρμενιακὸς
751 903 1040 959 ἕπίβουλος”),
1075 904 1276 959 διέσπειρε
1306 905 1479 952 τούτους
1510 905 1556 947 ἒν
1575 904 1746 960 Σικελίᾳ

191 973 238 1009 10
249 972 320 1015 καὶ
351 972 396 1015 ἐν
425 972 567 1020 ἄλλαις
596 973 750 1028 νήσοις.

375 1041 463 1096 Τὴν
501 1038 539 1083 δ’
577 1041 728 1083 ἑαυτοῦ
766 1045 943 1096 γυναῖκα
981 1042 1155 1096 ΙΙΙαρίαν
1193 1042 1452 1096 ἀποστέρξας
1491 1043 1516 1084 ὁ
1554 1042 1745 1098 βασιλεὺς
1761 1044 1805 1080 19

247 1110 515 1165 ἀποκαρῆναι
544 1110 696 1165 ταύτην
726 1110 977 1165 ἒξεβιάσατο,
1010 1111 1241 1166 συμβουλῇ,
1274 1111 1336 1158 ὡς
1366 1111 1535 1165 λέγεται,
1567 1117 1639 1167 τῆς
1661 1128 1743 1167 μη-

245 1178 344 1233 τρὸς
374 1179 518 1233 αὐτοῦ,
550 1179 601 1222 ἵν’
633 1178 717 1222 ὑπὸ
747 1179 918 1221 πάντων
947 1180 1143 1235 μισηθείη
1175 1179 1247 1222 καὶ
1277 1181 1335 1227 εἷς
1365 1180 1495 1235 αὐτὴν
1526 1181 1645 1235 ἡτῆς
1665 1181 1743 1235 βα-

247 1247 397 1295 σιλείας
426 1246 795 1303 ἀντιπεριενεχθείη
829 1248 1042 1303 διοίκησις.
1103 1250 1184 1290 κᾶν
1212 1248 1292 1303 γὰρ
1318 1253 1447 1305 συνῆν
1467 1254 1529 1304 τῷ
1549 1250 1631 1304 υἱῷ
1650 1249 1805 1303 περὶ20

189 1316 233 1353 15
246 1315 295 1358 τὰ
339 1316 566 1370 ἀνάκτορα,
611 1313 698 1358 ἀλλ’
740 1317 792 1359 οὐ
830 1321 1075 1372 συμμετεῖχε
1105 1322 1177 1372 τῆς
1208 1318 1411 1368 ἐξουσίας,
1455 1317 1590 1373 μόνης
1621 1318 1668 1360 δέ
1699 1334 1744 1372 γε

246 1389 319 1440 τῆς
355 1385 577 1440 εὐφημίας,
620 1385 711 1426 λίαν
745 1383 781 1427 δ’
815 1385 946 1427 ἐνόσει
981 1385 1029 1427 τὸ
1060 1386 1279 1441 φίλαρχον.
1341 1387 1744 1441 μεταμφιασαμένης
1756 1390 1801 1425 21
1828 1389 2001 1426 W11197

246 1453 324 1497 οὖν
353 1458 426 1510 τῆς
455 1457 529 1496 τοῦ
567 1457 822 1509 κρατοῦντος
859 1454 1040 1510 συμβίου
1079 1454 1151 1496 καὶ
1186 1455 1519 1511 περιβαλομένης
1555 1455 1744 1512 ἀκούσης

246 1595 285 1631 11
316 1597 366 1631 ὅτι
393 1595 455 1642 τὴν
480 1597 616 1632 οἰκείαν
641 1595 793 1642 γαμετὴν
816 1596 974 1633 ἄκουσαν
998 1596 1191 1643 ἀποκείρας
1216 1598 1238 1633 ὁ
1259 1598 1524 1638 Κωνσταντῖνος
1550 1598 1742 1643 (κωνσταν-

244 1644 336 1684 τίνος
360 1644 406 1688 Ε)
431 1644 551 1690 ἑτέραν
574 1644 722 1691 ἠγάγετο
747 1643 811 1681 ΟΕ

314 1775 338 1811 2
361 1776 475 1822 ἄμφω
502 1776 601 1822 pr
698 1776 907 1821 ἁρμενιακοὶ
928 1776 964 1812 D
1061 1777 1085 1813 3
1109 1778 1129 1813 ό
1153 1781 1298 1822 κρατῶν
1322 1777 1425 1817 αὐτὸς
1448 1776 1528 1822 ΑΕ,
1555 1778 1616 1814 καὶ
1640 1779 1743 1819 αὐτὸς

314 1824 336 1859 6
350 1829 494 1869 κρατῶν
511 1823 620 1869 Bwp‚
646 1823 749 1864 αὐτὸς
767 1825 788 1860 o‘
802 1830 945 1870 κρατῶν
964 1824 997 1860 R
1077 1824 1100 1860 4
1124 1825 1343 1870 προῦχοντας
1364 1824 1421 1861 Di
1438 1826 1575 1862 invitis
1593 1826 1742 1874 Apr,

315 1882 352 1907 V.
379 1871 431 1907 ad
457 1871 530 1907 XV
557 1872 613 1916 13,
638 1872 696 1908 25.
721 1871 779 1916 20,
805 1872 862 1908 21.
889 1872 981 1908 XVI
1009 1873 1040 1917 1,
1066 1872 1124 1908 24.
1153 1873 1208 1917 11,
1237 1873 1292 1909 15.
1319 1873 1430 1909 XVII
1459 1874 1513 1918 17,
1542 1874 1586 1910 17

313 1919 337 1955 5
362 1919 532 1965 δήμευσιν
551 1919 648 1966 pr
721 1920 943 1965 ἐπιτετίμηκε
960 1919 1007 1964 Α,
1034 1920 1071 1956 τὸ
1095 1921 1269 1966 ἐπιτίμιον
1289 1921 1386 1962 ἔταξε
1404 1921 1503 1966 th)
1577 1922 1600 1958 6
1625 1923 1742 1958 αὐτῶν

314 1972 380 2005 (ex
406 1967 494 2013 αὐτη
522 1978 625 2003 corr.
652 1967 696 2010 C)
723 1966 890 2014 prDi,
916 1968 1023 2014 αὐτῆς
1049 1967 1117 2004 ΑΕ
1271 1969 1307 2008 ἐς
1334 1968 1379 2013 Α,
1405 1970 1454 2008 εἷς
1481 1969 1591 2014 pr,
1623 1981 1659 2005 v.
1688 1971 1739 2006 ad

314 2014 406 2051 XIV
433 2015 488 2059 12,
517 2014 561 2050 14
690 2015 711 2052 7
737 2019 832 2052 ante
856 2016 976 2061 μεγαλ.
1004 2016 1096 2052 add.
1123 2015 1185 2062 τὴν
1212 2016 1380 2063 prDi,
1408 2028 1444 2053 V.
1472 2017 1585 2053 XVII
1613 2018 1668 2062 12,
1698 2019 1741 2054 17

385 2067 491 2109 σφῶν
512 2064 763 2103 καταστίκτους
789 2065 1046 2105 (καταστίκτοις
1065 2064 1111 2107 Ε)
1135 2065 1286 2110 ποιήσας
1303 2064 1383 2109 ΑΕ,
1410 2070 1517 2111 σφῶν
1533 2068 1742 2108 καταστίξας

315 2110 426 2156 pr‚
453 2112 660 2152 καταστίξας
685 2116 790 2157 σφῶν
815 2111 852 2146 D
949 2111 972 2147 9
996 2111 1174 2158 ἐπιγραφὴ
1200 2111 1236 2147 D
1333 2113 1530 2158 διέσπειρεν
1554 2113 1682 2153 αὐτοὺς
1709 2114 1740 2149 Ο

316 2158 362 2193 10
386 2158 446 2194 καὶ
471 2158 591 2204 νήσοις
615 2159 734 2198 ἄλλαις
761 2158 859 2205 pr
966 2159 1009 2194 11
1036 2159 1070 2195 δ’
1095 2160 1220 2196 ἑαυτοῦ
1247 2159 1378 2205 BCDi,
1405 2160 1445 2195 δὲ
1469 2161 1577 2196 αὐτοῦ
1603 2160 1740 2208 Apr

363 2210 458 2241 ante
482 2207 504 2241 ὀ
528 2206 620 2241 add.
647 2206 748 2245 οὗτος
774 2205 871 2252 pr
1026 2207 1071 2243 13
1097 2211 1188 2253 post
1213 2207 1322 2254 αὐτὴν
1347 2208 1438 2243 add.
1464 2209 1569 2244 πάλιν
1594 2208 1664 2244 RW

316 2252 360 2288 14
379 2257 474 2289 anto
487 2254 661 2299 διοίκησις
674 2253 766 2290 add.
781 2259 875 2290 πᾶσα
889 2253 1043 2301 BSpr
1112 2255 1157 2290 16
1172 2255 1483 2302 μεταφιασαμένης
1498 2256 1545 2301 D,
1562 2267 1663 2292 corr.
1712 2276 1741 2296 w

242 2385 344 2431 reg-ii
383 2389 478 2421 suut
516 2386 732 2432 profligati,
772 2396 861 2421 cum
902 2390 941 2421 et
979 2387 1098 2422 ambo
1135 2387 1260 2423 duces
1291 2389 1398 2434 capti
1430 2392 1564 2424 essent
1590 2389 1642 2423 ab
1669 2387 1741 2424 Ar-

242 2432 435 2468 meniacis
467 2436 556 2479 post
588 2434 753 2469 caecati.
804 2433 906 2469 Tum
940 2434 1027 2479 ipse
1052 2435 1272 2480 imperator
1302 2442 1443 2471 contra
1478 2446 1547 2471 eos
1584 2433 1800 2482 profici-17

241 2481 368 2515 scitur
394 2481 646 2526 victoriaque
673 2482 824 2526 potitus
851 2492 1039 2526 proceres
1073 2482 1229 2523 occidit.
1269 2486 1425 2519 ceteros
1464 2483 1741 2529 publicatione

242 2526 440 2563 honorum
471 2529 625 2564 multat.
675 2528 754 2565 Sed
787 2529 893 2565 mille
923 2539 973 2565 ex
1006 2539 1145 2564 eon-um
1173 2531 1382 2576 metropoli
1412 2531 1568 2566 vinctos
1594 2532 1634 2567 in
1661 2542 1741 2567 ma·
1759 2529 1801 2564 18

241 2585 363 2618 gnam
390 2576 531 2611 urbem
558 2577 664 2612 misit
690 2587 912 2623 eorumque
940 2577 1076 2612 vultus
1098 2579 1334 2623 compunxit
1353 2582 1578 2614 atramento
1598 2579 1739 2615 litteris

242 2622 388 2667 infuso,
423 2633 530 2668 quae
555 2628 671 2660 erant
695 2623 986 2660 “Armeniacus
1013 2625 1264 2670 insidiator”,
1295 2636 1447 2672 eosque
1473 2627 1513 2662 in
1541 2626 1675 2663 Sicilia
1700 2631 1740 2663 et

242 2670 330 2706 aliis
355 2670 496 2707 insulis
521 2671 719 2717 dispersit.

361 2717 527 2754 Mariam
554 2729 668 2755 suam
699 2729 880 2762 uxorem,
920 2720 1036 2755 cuius
1063 2730 1154 2756 eum
1182 2724 1411 2767 pertaesum
1440 2725 1539 2766 erat,
1579 2721 1737 2757 tonderi
1755 2720 1799 2755 19

242 2766 377 2811 coegit
402 2765 453 2802 de
480 2767 646 2802 consilio
680 2767 829 2811 matris,
870 2771 915 2803 ut
948 2768 1072 2810 aiunt,
1111 2772 1156 2803 ut
1189 2769 1365 2804 omnium
1405 2769 1508 2804 odiis
1541 2770 1739 2815 susceptis

242 2822 399 2848 summa
417 2823 550 2849 rerum
570 2814 621 2849 ad
641 2815 767 2860 ipsam
787 2815 947 2850 rediret.
980 2815 1060 2850 Etsi
1081 2816 1185 2851 enim
1205 2819 1333 2852 mater
1352 2826 1441 2852 cum
1462 2817 1542 2852 filio
1563 2818 1602 2852 in
1623 2817 1738 2861 regia
1752 2815 1800 2851 20

243 2859 431 2906 degebat,
459 2863 668 2907 potestatis
696 2867 830 2898 tamen
858 2863 1060 2908 particeps
1078 2873 1159 2898 non
1179 2867 1277 2907 erat,
1305 2863 1375 2899 sed
1403 2865 1576 2900 nominis
1602 2865 1738 2909 solius,

245 2917 335 2944 cum
354 2909 508 2955 imperii
528 2910 748 2956 cupiditate
766 2920 890 2957 supra
907 2910 1069 2946 modum
1093 2915 1309 2947 aestuaret.
1359 2912 1584 2958 Imperator
1602 2913 1739 2959 igitur,
1752 2912 1797 2948 21
