2054 3282
342 203 408 239 136
744 202 925 239 ZONAR.
954 203 1083 239 EPIT.
1111 203 1202 239 XIV
1229 203 1261 247 3,
1292 203 1438 239 17·-«28.

339 327 456 367 θεῖον
489 325 617 373 δόξαν
650 326 728 366 οὒκ
761 324 926 378 ἀγαθὸς
957 324 1024 379 ἦν·
1058 323 1286 370 ἀποκλίνας
1318 324 1397 378 γὰρ
1429 326 1486 371 εἷς
1516 325 1590 380 τὴν
1617 329 1702 366 τῶν
1723 325 1835 379 Συγ-

340 398 522 448 χυτικῶν
560 395 714 447 αἵρεσιν
744 397 830 434 τῶν
859 394 960 447 μίαν
991 393 1117 447 φύσιν
1150 392 1416 441 δοξαζόντων
1447 393 1513 434 ἐπὶ
1542 398 1616 435 τοῦ
1648 398 1839 448 σωτῆρος

340 462 443 516 μετὰ
475 462 549 517 τὴν
571 463 720 504 ἕνωσιν
741 465 826 503 τῶν
849 462 995 503 διττῶν
1017 461 1201 516 φύσεων,
1233 462 1365 503 πολλὰ
1387 461 1460 508 τὰς
1480 466 1565 504 τῶν
1587 462 1840 516 ὃρθοδόξων

342 532 563 586 ἐκκλησίας
595 531 788 572 ἐκάκωσε
819 530 890 571 καὶ
921 531 1201 584 ἀδυσώπητος
1238 530 1290 585 ἦν
1325 535 1409 577 τοῖς
1447 531 1608 573 τούτων
1643 538 1839 585 προϊστα-

285 604 329 639 18
341 601 495 654 μένοις.
558 600 629 641 τόν
659 616 700 641 τε
733 599 812 653 γὰρ
843 599 1103 654 πατριάρχην
1126 599 1354 654 Εὗφήμιον
1385 600 1570 654 ἐξώρισε,
1602 599 1662 654 μὴ
1694 599 1877 642 πειθό-5

342 686 472 724 μενον
504 669 806 722 ἅναθεματίσαι
836 667 910 722 τὴν
938 669 982 709 ἒν
1003 667 1248 722 Χαλκηδόνι
1280 669 1471 717 σύνοδον,
1502 669 1708 723 πρότερον
1737 668 1841 722 μετὰ

142 740 329 777 P1.155A
345 738 471 780 δόλου
493 737 539 779 τὸ
562 738 715 778 οἰκεῖον
736 738 950 791 ἔγγραφον
972 737 1246 791 ἀφελόμενος,
1269 739 1294 792 ἢ
1316 738 1399 792 βίᾳ,
1433 738 1493 784 ὡς
1515 739 1644 792 ἕτεροι
1664 738 1841 792 λέγουσι,

343 806 414 847 καὶ
443 805 515 847 τὸν
544 803 632 859 μετ’
667 806 824 847 ἐκεῖνον
856 805 1138 859 Maxumum,
1185 805 1296 860 ἱερὸν
1328 806 1475 860 ἄνδρα,
1520 806 1579 860 μὴ
1613 806 1842 854 καταδεξά-

286 879 330 914 19
343 891 471 930 μενον
493 875 726 916 συνθέσθαι
747 875 877 928 αὐτῷ,
902 875 958 920 εἷς
979 874 1166 929 Εὐχάϊτα
1189 875 1434 929 ὑπερώρισε.
1495 875 1594 929 μεθ’
1619 876 1667 916 ὃν
1689 876 1842 916 ἀντεισ-

345 944 459 998 ήχθη
501 943 713 997 Τιμόθεος
744 943 955 998 ὄμόφρων
986 948 1048 998 τῷ
1078 943 1247 998 βασιλεῖ.
1863 947 1906 982 10

285 1016 333 1051 20
467 1011 674 1066 Λογγῖνος
714 1012 759 1053 δὲ
796 1012 821 1053 ὁ
858 1011 1043 1067 ἀδελφὸς
1075 1012 1289 1067 Ζήνωνος,
1334 1013 1542 1067 τυραννίδι
1585 1013 1844 1067 ἐπιθέμενος,

347 1081 556 1135 ἐχειρώθη
589 1080 705 1135 παρὰ
732 1081 1016 1134 Ἆναστασίου,
1049 1081 1120 1122 καὶ
1150 1082 1412 1136 περιωρίσθη
1446 1083 1502 1128 εἷς
1520 1081 1845 1136 Ἀλεξάνδρειαν,

288 1153 330 1188 21
347 1151 452 1191 ἔνθα
484 1150 555 1191 καὶ
585 1150 868 1205 πρεσβύτερος
898 1150 1205 1204 χειροτονηθεὶς
1226 1151 1366 1192 ἔθανε.
1429 1151 1500 1192 καὶ
1519 1149 1616 1197 τοὺς
1630 1150 1848 1205 Ἰσαύρους

349 1219 394 1260 δὲ
430 1218 611 1264 πολλοὺς
650 1219 694 1260 ἓν
730 1223 780 1274 τῇ
816 1219 993 1274 βασιλίδι
1035 1222 1121 1260 τῶν
1162 1219 1329 1260 πόλεων
1374 1220 1657 1274 διατρίβοντας
1699 1220 1849 1274 ταύτης

288 1291 334 1326 22
349 1287 564 1342 ἐξήλασεν·
612 1289 687 1334 οὓς
729 1287 1076 1342 προσλαβόμενος
1116 1288 1139 1329 ὁ
1182 1288 1408 1342 μάγιστρος
1445 1287 1663 1342 Λογγῖνος,
1708 1289 1787 1342 οὐχ
1824 1288 1848 1330 ὁ
1868 1291 1909 1326 15

348 1360 422 1398 τοῦ
455 1356 659 1411 Ζήνωνος
698 1356 892 1411 ἀδελφός,
938 1356 1025 1398 ἀλλ’
1064 1357 1215 1411 ἕτερος,
1260 1357 1573 1406 καταστασιάζει
1609 1357 1680 1398 καὶ
1714 1356 1849 1399 πολλὰ

349 1429 421 1479 τῆς
452 1420 564 1479 ἑῴας
595 1425 801 1480 ἕληίσατο·
846 1425 1169 1480 κατεπολεμήθη
1210 1426 1267 1474 δέ,
1311 1425 1382 1467 καὶ
1420 1427 1460 1467 οἱ
1494 1422 1582 1480 μετ’
1623 1426 1752 1467 αὐτοῦ
1791 1425 1850 1466 δι-

351 1494 603 1549 εφθάρησαν
634 1494 855 1549 βάρβαροι.

291 1567 337 1602 23
474 1562 573 1604 Τότε
604 1563 759 1617 λέγεται
783 1563 855 1605 καὶ
877 1562 1131 1618 Θευδέριχος
1153 1564 1176 1605 ὁ
1198 1567 1270 1619 τῆς
1285 1563 1490 1619 Ἀφρικῆς
1512 1564 1696 1619 ἡγεμών,
1722 1562 1851 1617 Ἀρει-

353 1674 397 1709 11
422 1674 502 1719 περὶ
527 1674 703 1720 Λογγίνου
736 1679 796 1710 τοῦ
832 1675 992 1720 ἀδελφοῦ
1018 1675 1187 1720 Ζήνωνος
1220 1680 1429 1720 τυραννῆσαι
1460 1675 1756 1721 ἐπιχειρήσαντος,
1794 1675 1854 1710 καὶ

351 1722 431 1768 περὶ
457 1727 527 1757 τῶν
549 1722 723 1768 Ἰσαύρων
749 1722 778 1759 C
878 1723 923 1758 13
947 1723 1026 1768 περὶ
1052 1728 1124 1758 τῶν
1149 1724 1307 1768 ἰσαύρων
1333 1724 1364 1759 Ε

426 1824 445 1859 1
474 1829 688 1870 συγχιτικῶν
714 1824 761 1869 D,
790 1835 890 1860 corr.
918 1825 987 1863 Dw
1085 1825 1106 1859 2
1132 1824 1214 1870 τῶν]
1242 1824 1299 1860 τὸν
1324 1826 1355 1860 Ε
1458 1828 1549 1870 post
1574 1830 1733 1871 σωτῆρος
1760 1825 1851 1860 add.

425 1877 569 1918 χριστοῦ
589 1872 698 1918 pr,
726 1884 762 1907 V.
790 1873 842 1908 ad
861 1873 953 1908 XIV
978 1872 1012 1916 4,
1037 1873 1060 1908 3
1155 1873 1178 1908 4
1203 1874 1312 1907 τούτω
1339 1873 1386 1917 D,
1415 1883 1516 1908 corr.
1544 1872 1613 1911 Dw
1710 1873 1732 1908 5
1758 1875 1853 1908 ante

425 1921 573 1965 ἐξώρισε
599 1921 690 1955 add.
717 1921 882 1956 ἐκάκωσε
905 1921 965 1956 καὶ
991 1920 1088 1966 Bwp
1187 1921 1208 1955 6
1234 1921 1427 1966 καλχηδόνι
1454 1921 1496 1964 Β,
1525 1932 1562 1956 V.
1589 1921 1641 1955 ad
1667 1920 1758 1956 XIV
1785 1921 1854 1964 2,8

428 1968 473 2002 12
498 1969 730 2014 ὕπερωρίσθη
759 1968 859 2014 pr
985 1969 1027 2004 17
1054 1968 1206 2013 ληΐζεται
1234 1968 1331 2014 pr
1454 1969 1498 2004 19
1524 1970 1544 2003 ὁ
1567 1969 1779 2014 ψευδερίχος
1806 1968 1852 2012 D,

425 2016 486 2052 καὶ
511 2017 718 2062 θεοδὲριχος
744 2016 890 2062 wap‚
919 2027 957 2051 V.
984 2017 1036 2051 ad
1062 2016 1153 2051 XIV
1179 2017 1212 2060 3,
1239 2016 1286 2051 24
1438 2016 1597 2061 ἀφρικὴς
1623 2016 1710 2060 (Sic)
1736 2015 1789 2060 Α;
1817 2027 1854 2051 v.

428 2063 688 2147 Sarggzozinum
705 2064 755 2100 de
769 2064 922 2100 Theod.
937 2064 1047 2100 Lect.
1064 2067 1136 2100 cet.
1153 2065 1378 2106 (comment.
1399 2064 1532 2110 philol.
1553 2064 1711 2100 Ienens.
1729 2064 1807 2100 vol.
1823 2063 1854 2106 Ι)

428 2123 465 2158 p.
541 2136 561 2147 ,ι
589 2123 682 2147 ann.
709 2112 731 2148 5

357 2213 706 2260 Synchyticorum‚
734 2215 803 2260 qui
828 2224 952 2249 unam
979 2218 1167 2250 naturam
1193 2214 1392 2259 putabant
1419 2215 1637 2249 servatoris
1663 2216 1754 2259 post
1771 2213 1857 2248 uni-

358 2273 476 2297 onem
504 2262 676 2297 duarum
710 2266 961 2304 naturarum,
1002 2262 1320 2298 orthodoxorum
1347 2262 1537 2297 ecclesias
1563 2261 1696 2296 multis
1723 2261 1858 2296 affecit

299 2308 344 2343 18
358 2310 472 2345 malis
499 2313 538 2345 et
564 2311 828 2346 inexorabilis
854 2313 942 2346 erat
959 2311 1001 2345 in
1020 2320 1159 2346 earum
1178 2310 1417 2355 praefectos.
1466 2309 1567 2344 Nam
1587 2309 1856 2354 patriarcham

358 2358 625 2403 Euphemium
644 2358 809 2403 expulit,
837 2358 946 2403 quod
967 2358 1093 2393 noluit
1114 2357 1414 2392 anathemizare
1432 2356 1746 2392 chalcedonium
1767 2366 1857 2391 con-

359 2405 505 2450 cilium,
545 2409 731 2451 surrepto
758 2407 869 2451 prius
900 2406 985 2441 sive
1019 2415 1091 2451 per
1124 2405 1270 2449 dolum,
1311 2406 1408 2448 sive,
1446 2407 1492 2439 ut
1525 2405 1592 2438 alii
1628 2404 1777 2447 dicunt,
1815 2404 1855 2438 vi

359 2453 632 2499 chirographo
652 2463 737 2497 suo,
765 2458 804 2488 et
821 2452 1102 2488 Macedonium
1126 2453 1162 2488 ei
1190 2453 1483 2496 succedentem,
1511 2454 1695 2487 sanctum
1713 2452 1856 2495 virum,

302 2499 345 2534 19
360 2501 469 2546 quod
496 2511 539 2536 se
565 2502 679 2546 sequi
705 2501 838 2544 nollet,
870 2501 1067 2536 Euchaita
1094 2501 1220 2536 eiecit.
1272 2500 1367 2535 Post
1394 2510 1486 2535 eum
1513 2499 1757 2543 Timotheus,
1795 2500 1857 2534 vir

361 2548 541 2584 eiusdem
569 2559 660 2584 cum
686 2559 787 2594 rege
813 2549 917 2592 fidei,
943 2549 1049 2584 illius
1075 2548 1163 2584 loeo
1190 2547 1445 2582 introductus
1473 2550 1542 2582 est.

300 2595 347 2630 20
479 2595 704 2642 Longinus,
736 2599 862 2632 frater
888 2596 1070 2639 Zenonis,
1106 2595 1323 2641 tyrannide
1349 2596 1538 2630 affectata
1563 2595 1615 2630 ab
1640 2593 1856 2629 Anastasio

361 2644 546 2680 devictus
584 2647 623 2680 et
661 2643 952 2679 Alexandriam
991 2644 1185 2688 expulsus
1225 2645 1293 2686 est,
1337 2643 1407 2677 ubi
1447 2643 1659 2688 presbyter
1698 2644 1857 2680 creatus

301 2690 344 2724 21
361 2694 544 2727 mortuus
570 2695 640 2727 est.
691 2691 854 2727 Isauros
881 2701 1046 2737 quoque
1071 2691 1217 2726 multos
1243 2691 1283 2725 in
1303 2691 1447 2735 regina
1465 2691 1627 2725 urbium
1646 2692 1857 2725 versantes

301 2738 348 2772 22
362 2740 497 2782 eiecit3
528 2740 676 2785 quibus
703 2740 917 2785 assumptis
943 2738 1155 2784 Longinus
1181 2738 1373 2783 magister
1400 2740 1495 2779 (non
1525 2737 1695 2772 Zenonis
1721 2737 1856 2780 frater,

362 2786 433 2821 sed
459 2787 574 2831 alter)
610 2787 807 2822 seditione
839 2788 947 2822 facta
977 2796 1026 2821 ac
1051 2796 1202 2832 magna
1229 2785 1402 2821 Orientis
1427 2788 1543 2831 parte
1570 2787 1729 2819 vastata
1754 2784 1856 2819 bello

362 2835 494 2869 victus
521 2837 591 2879 est,
618 2835 804 2870 barbaris
831 2835 900 2880 qui
927 2844 1018 2869 cum
1044 2844 1091 2870 eo
1118 2836 1234 2869 erant
1259 2834 1491 2868 interfectis.

302 2881 349 2917 23
481 2881 583 2916 Tum
608 2882 753 2917 dicitur
772 2885 811 2918 et
829 2881 1117 2926 Theudericus‚
1144 2879 1306 2916 Africae
1326 2881 1408 2915 dux
1428 2879 1614 2924 Arianus,
1643 2879 1858 2915 diaconum
