2054 3282
351 261 423 301 564
751 262 933 301 ZONAR.
960 259 1090 298 EPIT.
1117 258 1229 298 XVII
1255 263 1288 307 9,
1315 259 1442 299 7—18.

352 385 522 439 ἀναιρεῖ,
554 385 746 430 πλείονας
779 385 825 425 δέ
857 399 900 437 γε
933 384 1090 437 ζωγρεῖ
1114 383 1234 437 μόλις
1260 383 1506 438 διαδράντος
1530 389 1603 427 τοῦ
1625 385 1843 442 Σαμουήλ.

316 453 378 494 8ὅ
408 470 452 507 γε
482 454 569 508 μὴν
599 452 789 507 βασιλεὺς
819 456 904 497 τοῖς
936 451 1220 505 δορυαλώτοις
1251 453 1307 498 εἰς
1336 453 1630 495 πεντεκαίδεκα
1659 454 1845 508 χιλιάδας

351 522 680 575 (Ξριθμουμένοις
712 521 889 573 ἐξέκοψε
920 523 1019 560 πᾶσι
1049 519 1097 560 τὰ
1131 519 1314 574 ὄμματα,
1348 519 1414 575 ἐφ’
1448 522 1598 576 ἑκάστῃ
1631 522 1894 568 ἑκατοστύϊΙ)
1913 533 2001 570 1V1

351 590 421 630 ἕνα
453 589 694 630 καταλιπὼν
726 587 1057 642 ἑτερόφθαλμον,
1095 588 1144 629 ἵν’
1177 589 1237 642 εἴη
1269 589 1428 634 τούτοις
1457 590 1729 644 χειραγωγός,
1772 590 1844 632 καὶ

315 664 337 697 9
352 658 487 703 οὕτως
519 656 670 701 αὐτοὺς
701 656 862 696 ἀπιέναι
893 655 1048 696 κελεύει
1068 656 1176 710 πρὸς
1198 655 1268 697 τὸν
1290 658 1490 711 σφέτερον
1511 657 1707 712 ἀρχηγόν.
1769 659 1878 705 οὓς5

351 726 506 770 ἐκεῖνος
538 725 642 765 ἰδὼν
673 724 744 765 καὶ
774 723 821 764 τὸ
852 724 995 770 πάθος
1025 724 1084 778 μὴ
1118 724 1301 778 ἐνεγκὼν
1332 725 1502 779 ἷλλιγγιᾷ
1531 741 1572 766 τε
1598 725 1668 766 καὶ
1689 726 1745 772 εἰς
1767 730 1843 781 γῆν

348 793 622 847 λειποθυμῶν
653 792 962 846 καταβάλλεται,
994 792 1148 847 μικρὸν
1171 794 1218 834 δέ
1247 809 1281 833 τι
1312 793 1548 847 ἀνενεγκὼν
1579 794 1844 848 καρδιωγμῷ

291 867 335 901 10
347 860 573 914 περιπίπτει
616 860 687 901 καὶ
729 860 917 914 θνήσκει.
980 861 1005 914 ἡ
1047 860 1091 901 δὲ
1128 864 1213 901 τῶν
1244 861 1509 915 Βουλγάρων
1545 862 1745 916 ἡγεμονία
1781 868 1843 916 τῷ

346 929 428 982 υἱῷ
459 929 588 969 αὐτοῦ
619 934 681 982 τῷ
713 927 901 983 Γαβριὴλ
931 934 993 982 τῷ
1024 929 1094 970 καὶ
1121 929 1330 983 Ῥωμανῷ
1360 930 1595 984 περιῆλθεν,
1637 931 1686 972 ὃν
1717 931 1840 972 οὔπω

347 996 532 1038 ἐνιαυτὸν
574 998 757 1051 ἄρξαντα
797 997 821 1037 ὁ
860 996 951 1042 υἱὸς
993 1001 1066 1038 τοῦ
1109 998 1407 1052 πατραδέλφου
1451 999 1580 1039 αὐτοῦ
1611 998 1780 1054 Ἀαρὼν
1816 999 1901 1041 ὁῙΟ

346 1065 670 1119 Βλαδισθλάβος
701 1064 772 1106 καὶ
795 1064 994 1119 Ἰωάννης
1028 1064 1259 1120 (διώνυμος
1291 1065 1370 1120 γὰρ
1401 1067 1472 1107 καὶ
1504 1065 1627 1112 οὗτος
1657 1066 1726 1122 ἦν)
1760 1067 1840 1108 ᾶπ-

241 1140 271 1174 Β
292 1141 328 1176 11
346 1134 505 1174 έκτεινε.
569 1133 750 1174 διελθὼν
782 1133 828 1174 δὲ
858 1132 904 1174 τὸ
931 1134 974 1174 ἓν
1005 1138 1091 1179 ταῖς
1124 1134 1377 1188 δυσχωρίαις
1408 1135 1544 1189 ἔρυμα
1576 1135 1600 1175 ὁ
1632 1135 1839 1190 αὐτοκρά-

344 1217 445 1256 τωρ,
480 1202 542 1247 ὡς
573 1203 740 1256 εἴρηται,
773 1201 875 1242 ἄλλα
907 1218 948 1242 τε
979 1202 1164 1256 φρούρια
1197 1203 1447 1257 ἐχειρώσατο
1474 1202 1632 1257 ἐρυμνὰ
1654 1203 1724 1244 καὶ
1744 1203 1841 1250 τοὺς

345 1271 389 1311 ἐν
420 1271 560 1316 αὐτοῖς
594 1270 867 1325 Βουλγάρους
898 1270 968 1311 καὶ
1000 1269 1100 1325 ἧκεν
1131 1271 1187 1316 εἰς
1210 1270 1550 1325 Μοσυνούπολιν,
1583 1272 1692 1313 ὅπου
1724 1272 1840 1326 αὐτῷ

288 1339 369 1392 12ἠ
407 1343 481 1380 τοῦ
512 1338 721 1393 Σαμουὴλ
759 1338 920 1392 τελευτὴ
961 1339 1185 1393 ἀπηγγέλη.
1249 1339 1355 1393 ἄρας
1399 1338 1475 1381 οὖν
1517 1340 1664 1381 αὐτίκα
1706 1355 1837 1395 προσ·
1857 1348 1900 1383 15

343 1407 482 1461 βάλλει
513 1412 562 1462 τῇ
595 1407 837 1461 Βουλγαρίᾳ
869 1406 940 1448 καὶ
970 1407 1109 1453 πόλεις
1138 1423 1180 1448 τε
1219 1408 1347 1462 αὐτῆς
1384 1408 1494 1462 αἱρεῖ
1525 1407 1596 1449 καὶ
1639 1409 1837 1463 φρούρια.

285 1475 368 1518 136
401 1475 447 1517 δέ
479 1491 523 1530 γε
553 1480 627 1517 τοῦ
653 1475 862 1530 Σαμουὴλ
893 1475 983 1521 υἱὸς
1015 1475 1038 1516 ὁ
1066 1475 1284 1530 Ῥωμανός
1314 1492 1355 1517 τε
1386 1476 1456 1517 καὶ
1477 1476 1521 1517 Γ
1516 1477 1665 1531 αβριήλ
1699 1476 1838 1531 (οὔπω

343 1543 422 1598 γὰρ
455 1543 654 1599 ἀνῄρητο)
688 1545 863 1598 πέμψας
893 1543 1002 1598 πρὸς
1033 1543 1105 1585 τὸν
1134 1544 1304 1598 βασιλέα
1338 1544 1544 1586 δούλωσιν
1567 1546 1835 1599 ὑπισχνεῖται·

285 1620 328 1655 14
339 1611 443 1665 μετὰ
484 1612 530 1653 δέ
565 1628 652 1653 τινα
683 1612 832 1666 καιρὸν
862 1616 936 1653 τοῦ
967 1611 1039 1653 τὸν
1070 1611 1258 1667 Γαβριὴλ
1289 1612 1505 1659 ἀνελόντος
1530 1612 1731 1655 Ἰωάννου
1761 1617 1836 1655 τοῦ

340 1735 362 1769 8
388 1736 437 1770 ὅτι
464 1736 485 1769 ὁ
508 1741 568 1770 τοῦ
594 1734 764 1781 Σαμουὴλ
790 1736 864 1774 υἱὸς
896 1736 1054 1781 ἀνῃρέθη
1086 1735 1202 1782 (ἀνῃρ.
1230 1739 1324 1772 ante
1350 1737 1370 1770 ὁ
1394 1736 1439 1781 Ε)
1464 1736 1560 1781 παρὰ
1586 1741 1646 1771 τοῦ
1672 1738 1762 1779 (om.
1790 1736 1834 1782 C)

340 1788 526 1828 συγγενοῦς
551 1784 658 1819 αὐτοῦ
685 1783 777 1828 (om.
793 1784 837 1826 E)
866 1783 928 1819 ΟΕ
1028 1785 1071 1819 17
1097 1786 1147 1819 ὅτι
1172 1784 1294 1819 πολλοὶ
1319 1789 1390 1819 τῶν
1414 1785 1597 1830 ἐπισήμων
1614 1784 1834 1831 Βουλγάρων

338 1831 608 1876 προσερρύησαν
633 1837 683 1876 τῷ
707 1831 848 1877 βασιλεῖ
870 1831 912 1876 (τ.
938 1833 1016 1877 βασ.
1044 1845 1210 1877 προσερρ.
1237 1832 1282 1876 Ε)
1311 1831 1373 1868 CE

411 1949 428 1983 1
456 1950 551 1994 αἱρεῖ
571 1949 601 1984 Β
731 1964 769 1996 γε
796 1961 871 1986 om.
899 1950 930 1986 Ο
1059 1951 1266 1995 διαδράντας
1291 1950 1349 1986 τὸν
1375 1950 1533 1996 σαμουὴλ
1559 1950 1595 1985 D
1716 1951 1739 1986 2
1763 1951 1831 1986 δω-

407 1998 601 2040 ρυαλώτοις
626 1996 672 2042 A,
708 1999 932 2042 δορυαλότοις
958 1999 998 2042 Ε,
1034 1999 1271 2043 δορυαλώτοις
1298 1998 1406 2044 pr,
1441 1998 1668 2043 δοριαλώτοις
1693 1997 1760 2043 Di,
1792 2010 1830 2034 v.

409 2045 461 2079 ad
486 2044 582 2079 XIII
608 2045 640 2089 8,
667 2047 689 2080 3
814 2046 836 2081 3
861 2046 918 2091 ἐφ’
947 2057 1021 2082 om.
1052 2046 1098 2090 D,
1124 2046 1161 2080 ἐν
1186 2046 1216 2080 Β
1338 2047 1360 2081 9
1386 2052 1435 2090 τῷ
1461 2049 1555 2081 ante
1581 2047 1619 2081 Γ.
1647 2056 1721 2081 om.
1749 2046 1780 2081 Ο

453 2093 513 2128 καὶ
541 2103 615 2128 om.
631 2093 666 2127 D
766 2094 812 2128 10
835 2093 957 2138 ἀαρὼν
983 2098 1077 2129 ante
1094 2099 1154 2129 τοῦ
1174 2093 1205 2129 O
1304 2094 1346 2128 11
1371 2094 1627 2139 βλαδίσθλαβος
1642 2093 1827 2139 BSDEwp

454 2140 515 2175 καὶ
540 2144 635 2176 ante
655 2141 694 2175 Ἰ.
721 2151 796 2176 om.
822 2140 978 2187 EwpDi
1086 2142 1130 2187 ἦν
1155 2141 1215 2176 καὶ
1240 2141 1340 2180 οὗτος
1366 2141 1401 2176 D
1509 2142 1552 2177 17
1578 2142 1599 2175 ὁ
1618 2140 1680 2186 Ῥ.]
1707 2155 1743 2176 τε
1768 2141 1829 2176 καί

406 2187 438 2232 ῥ.
465 2187 500 2222 D
599 2189 644 2223 18
668 2189 866 2234 ὑπισχνεῖτο
892 2188 990 2235 pr
1089 2189 1134 2224 19
1158 2194 1219 2224 τοῦ
1245 2190 1357 2234 prius
1385 2199 1459 2224 om.
1486 2189 1521 2223 D

299 2304 522 2344 SSamuele
547 2307 618 2341 vix
644 2307 793 2352 elapso.
844 2306 924 2343 Sed
949 2318 1023 2343 rex
1050 2309 1220 2354 captivis
1248 2308 1443 2352 omnibus,
1476 2309 1545 2353 qui
1572 2308 1730 2343 circiter
1755 2307 1828 2343 XV

334 2354 442 2388 milia
461 2359 587 2398 erant,
615 2355 752 2390 oculos
778 2355 917 2390 effodit
943 2356 1113 2401 sing-ulis
1132 2356 1324 2391 centuriis
1343 2366 1423 2391 uno
1443 2355 1546 2391 duce
1565 2355 1704 2390 relicto
1729 2365 1826 2390 uno—

299 2401 424 2439 9culo
459 2411 610 2447 eosque
645 2403 702 2437 sic
733 2402 786 2437 ad
818 2413 935 2438 suum
967 2403 1110 2438 ducem
1143 2403 1256 2439 abire
1285 2404 1406 2439 iubet.
1458 2403 1612 2444 Quibus
1638 2402 1704 2438 ille
1729 2403 1825 2438 visis

334 2449 586 2484 atrocitatem
612 2450 671 2485 rei
697 2460 779 2484 non
796 2450 943 2492 ferens,
970 2450 1113 2486 oborta
1133 2451 1334 2496 vertigine
1354 2451 1589 2495 viribusque
1609 2450 1824 2485 destitutus

275 2499 321 2533 10
335 2496 443 2530 humi
474 2497 646 2542 procidit
677 2507 725 2532 ac
751 2507 895 2542 parum
924 2502 1130 2533 recreatus
1158 2509 1209 2533 ex
1236 2498 1469 2543 cardiogmo
1496 2498 1642 2541 interit,
1681 2497 1824 2542 princi-

334 2547 433 2588 patu
458 2543 727 2590 Bulgarorum
752 2546 794 2579 in
813 2544 1042 2580 Gabrielem
1061 2545 1195 2590 filium,
1223 2546 1291 2590 qui
1311 2549 1349 2580 et
1367 2545 1572 2580 Romanus
1599 2545 1821 2589 dicebatur,

333 2592 544 2636 translat03
583 2602 702 2637 quem
739 2593 919 2628 nondum
952 2603 1059 2628 anno
1095 2593 1231 2638 elapso
1259 2593 1383 2628 frater
1410 2593 1612 2638 patruelis,
1650 2591 1824 2627 Aaronis

333 2638 437 2673 filius
462 2638 760 2675 Bladisthlabus
787 2640 960 2675 loannes
987 2640 1215 2684 (binominis
1242 2641 1347 2675 enim
1380 2643 1419 2675 et
1445 2641 1508 2675 hic
1534 2640 1635 2682 erat)
1665 2639 1822 2674 occidit.

274 2688 317 2722 11
333 2685 557 2731 Imperator
582 2697 681 2722 vcro
709 2687 870 2722 castello
897 2689 1190 2733 angustiarum,
1216 2690 1261 2722 ut
1285 2687 1470 2732 diximus,
1497 2694 1700 2732 superato,
1734 2697 1824 2722 cum

333 2732 412 2767 alia
433 2733 548 2768 firma
573 2734 776 2779 praesidia
794 2745 877 2769 una
899 2745 988 2770 cum
1016 2735 1296 2770 defensoribus
1323 2736 1503 2780 cepisset,
1530 2734 1826 2780 Mosynupolim

274 2782 319 2817 12
333 2781 477 2826 pergit,
503 2782 573 2816 ubi
599 2782 740 2816 nuntio
766 2782 816 2817 de
835 2781 1031 2817 Samuelis
1057 2783 1221 2817 interitu
1247 2787 1413 2827 accepto
1431 2782 1650 2827 Bulgarica
1676 2781 1825 2827 oppida

274 2830 319 2864 13
333 2830 372 2861 et
398 2829 601 2873 praesidia
627 2833 849 2875 expugnat.
899 2829 953 2864 At
970 2829 1167 2865 Samuelis
1186 2830 1289 2864 filius
1308 2829 1512 2865 Romanus
1532 2829 1695 2865 Gabriel
1714 2829 1825 2873 (non-

333 2874 429 2909 dum
457 2876 563 2910 enim
589 2886 732 2911 caesus
759 2877 859 2921 erat)
886 2887 958 2922 per
984 2877 1140 2922 legatos
1172 2877 1260 2922 regi
1292 2878 1527 2912 servitutem
1559 2877 1825 2923 pollicebatur

276 2923 320 2958 14
334 2926 373 2956 et
391 2926 570 2969 tempore
589 2924 765 2968 quodam
784 2925 1021 2970 interposito
1041 2925 1203 2960 Ioannis
1221 2924 1483 2960 Bladisthlabi
1501 2926 1680 2961 minister
1698 2924 1824 2970 adest,
