2054 3282
334 257 403 293 336
746 257 927 295 ZONAR.
955 256 1084 293 EPIT.
1111 257 1182 294 XV
1208 258 1264 303 22,
1292 257 1418 295 1-12.

334 379 517 432 ἀφίκετο,
548 379 930 432 ταινιωθησόμενος
957 378 1191 433 διαδήματι,
1222 378 1296 433 τὴν
1315 380 1558 434 μιαιφονίαν
1578 378 1678 435 παρ’
1703 381 1826 424 οὐδὲν

72 450 270 486 P11135A
297 446 615 501 2λογισάμενος.
676 446 750 500 τὴν
791 446 835 487 δὲ
872 450 945 487 τοῦ
985 446 1167 492 Λέοντος
1205 447 1386 501 γαμετὴν
1425 447 1495 489 καὶ
1532 447 1629 494 τοὺς
1672 450 1876 496 παῖδαςΙ)
1895 451 2039 490 111390

335 514 543 569 (τέσσαρες
575 512 611 555 δ’
645 514 767 568 ἦσαν·
799 514 1050 569 Σαββάτιος,
1085 516 1132 560 ὃς
1163 515 1206 556 ἐν
1237 520 1297 569 τῷ
1329 516 1660 570 ἀναγορεύεσθαι
1689 533 1825 571 μετω-

330 583 514 637 νόμαστο
539 582 861 630 Κωνσταντῖνος,
894 583 1111 628 Βασίλειός
1133 599 1174 624 τε
1195 583 1266 624 καὶ
1288 583 1332 624 Γ
1327 584 1524 639 ρηγόριος
1546 585 1616 626 καὶ
1637 586 1827 640 τέταρτος

337 650 578 704 Θεοδόσιος)
624 654 709 691 τῶν
744 651 963 705 βασιλείων
1000 652 1265 705 καταγαγών,
1310 652 1383 706 τὴν
1425 653 1503 707 μὲν
1546 654 1590 695 ἒν
1627 658 1676 708 τῇ
1713 659 1862 710 μονῇὸ

330 721 527 774 καθεῖρξε
557 723 642 760 τῶν
673 718 910 773 Δεσποτῶν,
943 719 1039 765 τοὺς
1072 719 1117 760 δὲ
1148 721 1205 765 εἶς
1235 720 1310 774 τὴν
1344 720 1532 776 Πρώτην
1563 722 1827 777 καλουμένην

294 792 456 842 3νῆσον
498 788 736 842 περιορίσας
779 788 964 833 ἅπαντας
1007 792 1079 842 τῆς
1123 789 1389 842 ἀρρενωπίας
1430 790 1630 845 ἐστέρησε.
1692 791 1763 833 καὶ
1802 792 1827 833 ὁ

328 855 405 909 μὲν
447 854 676 900 Θεοδόσιος
719 855 881 909 ἔθανεν,
930 856 954 897 ὁ
994 856 1039 897 δὲ
1078 856 1392 903 Κωνσταντῖνος
1435 858 1604 913 ἀφωνία
1647 860 1827 914 κάτοχος

329 924 486 977 γέγονε·
528 921 578 965 δι’
612 925 664 978 ἣν
695 924 830 965 ἐδέετο
862 924 1101 978 θερμότατα
1133 929 1206 966 τοῦ
1238 925 1358 979 θεοῦ,
1400 926 1502 967 ἀλλὰ
1533 927 1620 981 μὴν
1650 928 1721 969 καὶ
1751 933 1825 970 τοῦ

327 992 510 1045 μεγάλου
536 991 694 1046 πατρὸς
714 991 745 1032 Ι
748 991 953 1047 ’ρηγορίου
985 997 1058 1034 τοῦ
1090 992 1313 1047 θεολόγου,
1347 994 1574 1049 ἐνδελεχῶς
1603 1001 1665 1050 τῷ
1695 997 1824 1038 αὐτοῦ
1842 1002 1886 1037 10

327 1064 599 1114 προσφοιτῶν
642 1061 921 1115 ε’κτυπώματι,
965 1062 1279 1116 περιαιρεθῆναι
1322 1062 1395 1116 τὴν
1440 1063 1632 1117 ἀφωνίαν
1675 1065 1823 1107 αὐτοῦ·

292 1133 377 1183 4τῇ
410 1128 488 1182 γὰρ
521 1129 722 1170 ἔκπτώσει
761 1133 833 1183 τῆς
869 1129 1077 1183 βασιλείας
1113 1130 1184 1171 καὶ
1220 1134 1292 1185 τῆς
1330 1137 1534 1186 πατρικῆς
1570 1133 1824 1182 κακοδοξίας

234 1203 266 1239 Β
292 1197 368 1239 5οἱ
397 1197 542 1242 παῖδες
573 1201 646 1238 τοῦ
678 1196 861 1243 Λέοντος
897 1198 1178 1245 συνεξέπεσον.
1241 1198 1386 1246 ἔδοξεν
1417 1198 1493 1241 οὖν
1522 1217 1622 1242 ποτε
1653 1201 1678 1242 ὁ
1709 1202 1824 1255 ἅγιος

328 1266 536 1320 ἐπιστῆναι
573 1266 701 1319 αὐτῷ,
745 1266 930 1307 κελεύων
968 1266 1190 1321 ἀναστῆναι
1226 1266 1297 1307 καὶ
1329 1267 1566 1321 ἀναγνῶναι
1595 1268 1642 1310 τὸ
1672 1269 1824 1310 “noim

293 1333 484 1388 6Ἶησοῦς
515 1333 539 1374 ὁ
571 1333 715 1388 ἒμός.”
781 1333 805 1375 ὁ
843 1333 888 1375 δὲ
923 1334 1208 1380 πεπιστευκὼς
1244 1340 1306 1389 τῷ
1342 1335 1495 1390 ῥήματι
1532 1337 1721 1391 εἰσῆλθεν
1757 1334 1821 1379 ἐπ’
1840 1343 1883 1378 15

327 1473 349 1508 2
375 1474 439 1508 ὅσα
463 1473 624 1518 ἐποίησεν
649 1474 669 1508 ὁ
696 1473 843 1519 Μιχαὴλ
870 1479 911 1518 τῇ
936 1478 995 1508 τοῦ
1025 1474 1175 1513 Λέοντος
1200 1479 1332 1519 γαμετῇ
1360 1473 1420 1509 καὶ
1445 1480 1515 1513 τοῖς
1544 1475 1681 1510 ἐκείνου
1705 1476 1821 1510 παισίν

329 1521 457 1604 (παισὲ
479 1519 522 1565 C)
550 1521 613 1556 ΟΕ
635 1521 695 1556 καὶ
716 1522 813 1559 ὅπως
830 1522 851 1555 ὁ
867 1526 926 1556 τοῦ
943 1521 1094 1560 Λέοντος
1119 1521 1193 1560 υἱὸς
1218 1522 1482 1560 Κωνσταντῖνος
1507 1522 1617 1567 ἐλύθη
1645 1528 1704 1568 τῆς
1721 1523 1821 1568 ἀφω-

327 1570 401 1607 νίας

399 1697 418 1731 1
447 1699 541 1732 ante
567 1686 714 1742 ἄφίκετο
741 1697 832 1731 add.
852 1697 966 1732 ἕωθεν
984 1697 1014 1732 Ε
1034 1696 1085 1741 (v.
1108 1697 1159 1733 ad
1178 1708 1214 1743 p.
1233 1697 1313 1741 335,
1334 1698 1405 1743 16),
1435 1698 1503 1734 sed
1524 1709 1560 1733 v.
1581 1697 1695 1734 Cedr.
1713 1697 1821 1745 (Sey-

398 1745 491 1789 litz.)
518 1744 556 1779 II
574 1756 610 1790 p.
630 1745 686 1786 68,
713 1745 759 1779 10
831 1748 921 1790 post
939 1745 1126 1790 διαδήματι
1148 1746 1239 1780 add.
1259 1747 1410 1790 δημοσίᾳ
1427 1760 1462 1780 τε
1484 1746 1822 1791 ἀναρρηθησόμενος

399 1791 496 1838 pr
523 1793 582 1827 καὶ
607 1793 718 1831 εἷςέδυ
744 1792 782 1827 τὸ
799 1793 897 1827 θεῖον
914 1793 1053 1837 τέμενος
1072 1792 1103 1828 Ο
1129 1792 1382 1838 (sacramque
1401 1794 1542 1829 aedem
1563 1821 1570 1828 .
1587 1820 1594 1828 .
1613 1794 1821 1839 ingressus

399 1843 475 1875 est:
507 1841 575 1875 Wo
601 1840 668 1875 lat.
695 1840 817 1883 addit,
847 1841 1000 1875 omissis
1033 1842 1192 1886 graecis
1225 1842 1361 1875 verbis
1394 1842 1435 1875 in
1469 1844 1672 1883 contextu,
1713 1842 1822 1887 quod

398 1888 541 1922 vitium
567 1891 770 1933 propagat
794 1888 898 1930 Duc)
1011 1888 1093 1933 παρ’
1120 1888 1223 1923 οὐδὲν
1248 1887 1326 1932 ΑΕ,
1353 1888 1404 1934 μὴ
1432 1889 1528 1934 pr
1642 1889 1664 1923 2
1690 1889 1822 1934 λογιζό-

396 1949 500 1980 μενος
519 1934 550 1970 Ο
636 1938 727 1981 post
751 1936 972 1981 λογιζόμενος
999 1936 1090 1970 add.
1117 1936 1177 1971 καὶ
1205 1937 1357 1981 δημοσίᾳ
1384 1939 1474 1978 (om.
1495 1937 1607 1982 pr)
1633 1941 1693 1982 τῆς
1717 1937 1821 1982 ἀναρ-

397 1983 535 2028 ρήσεως
562 1983 661 2027 ἔτυχε
686 1983 784 2029 pr
906 1982 945 2018 δὲ
971 1994 1045 2019 om.
1063 1983 1091 2019 C
1213 1983 1234 2018 3
1261 1984 1424 2030 σαβάτιος
1450 1985 1535 2026 (Sic)
1554 1984 1590 2019 A
1686 1985 1708 2020 6
1733 1986 1822 2020 καθ-

398 2032 491 2075 εῖρξε
509 2029 676 2076 prDi‚
702 2031 889 2075 καθεῖρξαι
907 2029 953 2075 A,
980 2032 1167 2075 καθείρξαι
1187 2031 1218 2066 Ε
1315 2032 1535 2077 καλουμένης
1557 2032 1588 2067 Ε
1684 2032 1707 2068 8
1731 2035 1822 2078 post

397 2078 437 2113 δέ
461 2078 553 2113 add.
579 2092 618 2123 γε
644 2078 675 2114 Ο
775 2079 815 2113 11
843 2084 1059 2124 προςφυγῶν
1087 2079 1212 2124 E(wp)
1320 2079 1364 2113 12
1389 2079 1562 2114 ε’κπτώσει
1578 2098 1622 2104 -·
1638 2079 1682 2114 13
1707 2081 1823 2121 συνεξ-

396 2125 530 2170 έπεσον]
559 2125 620 2161 De
645 2127 977 2161 annominatione
1003 2137 1040 2161 v.
1065 2127 1118 2161 ad
1142 2126 1238 2161 XIII
1265 2127 1297 2171 5,
1325 2127 1370 2162 29
1540 2127 1584 2162 13
1610 2132 1701 2172 post
1725 2128 1822 2172 ἅγιος

397 2173 489 2208 add.
515 2174 552 2208 ἒν
576 2174 696 2212 ὕπνοις
723 2173 819 2219 pr
908 2174 951 2208 15
977 2174 1102 2219 ῥήματι
1122 2173 1157 2209 Α
1175 2174 1259 2218 (τοῖς
1275 2175 1473 2219 λεγομένοις
1492 2174 1605 2210 Cedr.
1624 2174 1821 2220 (Scylitz.)

397 2221 435 2255 ΙΙ
461 2231 498 2267 p.
525 2221 581 2265 72,
607 2221 655 2266 9),
681 2221 828 2266 ὁράματι
855 2232 907 2257 ex
932 2221 1060 2267 ῥήματι
1087 2225 1217 2257 mutat
1242 2221 1285 2266 B,
1312 2222 1459 2267 ὁράματι
1485 2222 1583 2268 pr

325 2352 447 2394 venit,
473 2355 518 2387 ut
545 2352 772 2388 diademate
791 2356 1015 2398 ornaretur,
1043 2363 1124 2388 non
1143 2353 1280 2388 habita
1298 2353 1481 2388 nefariae
1501 2352 1635 2388 caedis
1653 2353 1821 2388 ratione.

289 2398 472 2435 2Leonis
497 2410 668 2435 uxorem
696 2403 734 2435 et
759 2400 861 2436 filios
881 2404 1082 2445 quattuor,
1111 2399 1356 2444 Sabbatium,
1388 2401 1462 2444 cui,
1491 2411 1580 2435 eum
1606 2401 1822 2445 imperator

324 2447 655 2493 inauguraretur,
673 2458 819 2483 nomen
845 2447 1095 2483 Constantini
1122 2449 1254 2483 fuerat
1280 2448 1462 2490 inditum,
1487 2447 1690 2490 Basilium,
1724 2447 1822 2483 Gre-

325 2496 495 2540 gorium,
534 2495 804 2531 Theodosium
845 2497 961 2541 regia
999 2495 1140 2530 eduxit
1179 2506 1227 2530 ae
1264 2495 1471 2530 mulierem
1503 2496 1542 2529 in
1577 2496 1821 2530 monasterio

324 2541 596 2588 Despotarum
621 2543 792 2587 inclusit,
820 2543 1098 2579 adulescentes
1125 2543 1165 2578 in
1190 2543 1373 2585 insulam,
1400 2553 1504 2587 quae
1525 2542 1670 2577 dieitur
1690 2543 1822 2588 Prote,

288 2588 524 2636 3relegavit
550 2600 687 2626 omnes
713 2591 896 2626 virilibus
922 2591 1106 2626 exsectis.
1157 2590 1218 2625 Ex
1239 2590 1298 2625 his
1317 2590 1568 2625 Theodosius
1589 2591 1696 2634 obiit,
1724 2590 1823 2625 Con-

324 2638 523 2673 stantinus
551 2648 691 2673 vocem
717 2639 865 2683 amisit3
892 2649 972 2684 qua
999 2638 1049 2673 de
1075 2648 1198 2673 causa
1225 2638 1343 2672 deum
1367 2638 1671 2672 ferventissimis
1699 2639 1822 2683 preci-

323 2685 399 2719 bus
427 2686 567 2729 oravit,
595 2686 665 2720 sed
693 2689 731 2721 et
756 2687 893 2731 magni
913 2686 1038 2731 patris
1057 2685 1244 2731 Gregorii
1262 2685 1440 2730 theologi
1460 2685 1676 2730 imaginem
1702 2686 1822 2720 conti-

287 2731 466 2767 4nenter
491 2733 670 2777 accessit,
697 2736 742 2768 ut
767 2734 842 2768 sibi
867 2733 1059 2778 loquendi
1085 2733 1256 2767 facultas
1281 2733 1571 2767 restitueretur.
1614 2732 1713 2767 Nam
1740 2743 1823 2767 una

324 2789 414 2813 eum
447 2780 605 2815 excidio
637 2781 794 2826 imperii
821 2781 940 2816 etiam
967 2784 1137 2826 paterna
1163 2780 1368 2825 impietate
1393 2779 1506 2814 liberi
1537 2779 1683 2814 Leonis
1717 2780 1822 2814 exei-

288 2825 309 2860 5
325 2825 480 2861 derunt.
523 2826 752 2872 Aliquando
780 2829 905 2873 igitur
931 2832 1095 2863 sanctus
1121 2828 1186 2863 ille
1212 2828 1248 2862 ei
1275 2831 1408 2862 astare
1436 2827 1544 2862 visus
1564 2830 1622 2862 est
1642 2831 1680 2862 et
1703 2828 1822 2872 impe-

288 2873 426 2918 Grare,
452 2877 496 2908 ut
522 2879 707 2920 surgeret
733 2879 855 2920 atque
881 2875 978 2910 illud
1004 2875 1185 2911 “Iterum
1211 2874 1323 2910 Iesus
1357 2873 1502 2909 meus’'
1525 2874 1689 2919 legeret.
1734 2874 1821 2916 Quo

324 2920 430 2956 dieto
469 2922 596 2957 fretus
634 2923 843 2958 ecclesiam
881 2924 1089 2969 ingressus
1123 2926 1183 2958 est
1221 2932 1269 2958 ac
1305 2922 1391 2958 sine
1420 2921 1704 2968 impedimento
1740 2922 1821 2958 ullo
