2020 3230
685 286 1068 327 Κωνσταντινούπολις.
1552 286 1623 323 867

175 406 293 451 Θωμᾶ
310 410 371 442 τοῦ
385 405 579 442 ἀποστόλου
602 406 681 451 124,
695 407 728 442 5.
753 406 836 451 441,

173 454 230 498 11,
259 454 376 499 Θωμᾶ
395 459 457 490 τοῦ
478 453 658 499 Ἀμαντίου
685 454 765 498 145,
781 454 836 498 13,

173 501 337 537 Ἰωάννου
371 507 433 537 τοῦ
465 502 664 547 Καλυβίτου
702 502 783 546 124,
804 502 837 547 5,

170 549 339 595 Λαζάρου
357 549 507 594 446,14,
531 550 685 595 Μαρίας,
701 561 739 584 v.
753 551 838 586 Θεο-

171 598 289 642 τόκου,
325 597 457 643 μεγάλη
497 608 526 632 s.
560 603 621 643 τῆς
654 602 717 633 τοῦ
749 598 837 633 θεοῦ

171 645 275 690 λόγου
300 645 439 690 Σοφίας
476 645 587 686 (inde
620 656 644 680 a
679 645 838 690 434,17)

173 692 252 737 154,
267 692 301 728 9.
339 692 489 737 156,14.
522 692 603 735 157,
617 694 650 729 8.
686 693 837 737 l70,13.

174 740 253 786 191,
269 739 324 776 14.
349 740 431 783 232,
448 740 502 775 15.
529 740 610 784 266,
627 741 681 775 10.
707 740 788 786 277,
802 741 836 776 5.

170 788 323 832 284,12.
358 788 510 830 285,13.
544 788 626 831 300,
641 788 675 823 3.
708 787 789 833 312,
804 789 836 824 7.

170 835 252 879 335,
270 835 324 871 16.
356 835 487 880 415,1.
520 836 602 880 418,
618 836 651 871 9.
682 835 764 880 434,
781 836 836 872 17.

170 883 252 928 503,
266 883 299 918 5.
335 883 487 927 566,15.
519 884 600 928 574,
614 884 647 919 3.
683 884 765 926 611,
780 884 835 919 13.

171 931 293 975 664,2.
319 932 442 974 669,1.
468 931 590 973 731‚1.
617 932 730 975 739,3
750 935 836 976 cet„

170 979 318 1024 Μιχαήλ
343 979 424 1023 432,
439 979 473 1022 1,
522 981 678 1015 ᾹῙωκίου
703 979 783 1019 447,
803 980 836 1024 3,

170 1027 247 1063 Νέα
274 1027 412 1073 palatii
445 1027 527 1072 432,
541 1027 574 1063 4.
600 1027 682 1072 499,
696 1028 729 1063 7.
755 1027 836 1072 567,

170 1075 204 1119 6,
245 1075 529 1121 Παντελεήμονος
556 1074 634 1119 199,
649 1075 681 1119 8,
724 1075 837 1111 Πελα-

169 1124 248 1168 γίου
273 1122 353 1167 275,
369 1123 402 1167 8,
440 1123 579 1167 Πέτρου
604 1123 664 1158 καὶ
689 1123 836 1158 Παύλου

170 1170 208 1205 ἐν
220 1171 512 1215 ὄρφανοτροῳείῳ
531 1170 608 1215 174,
622 1171 657 1213 4,
675 1171 836 1216 Πρόβου,

174 1218 336 1263 Ταράχου
361 1218 423 1254 καὶ
443 1218 668 1263 Ἀνδρονίκου
708 1218 788 1260 199,
802 1219 835 1263 8,

170 1266 322 1311 Σεργίου
349 1266 409 1302 καὶ
426 1266 574 1311 Βάκχου
602 1266 680 1310 124,
695 1266 728 1301 5.
756 1266 835 1311 159,

170 1314 204 1358 3,
235 1313 398 1359 Ταράχου
426 1324 461 1349 v.
483 1314 645 1360 Πρόβου,
669 1318 740 1349 τῶν
765 1327 836 1349 τεσ·

170 1361 367 1406 σαράκοντα
390 1362 585 1407 μαρτύρων
611 1362 690 1406 189,
712 1362 765 1406 13,
799 1362 836 1397 ἒν

169 1415 220 1454 τῷ
239 1409 349 1454 Φάρῳ
368 1409 449 1453 319,
464 1408 497 1444 2.
523 1409 604 1454 468,
619 1410 653 1453 3,
679 1410 835 1454 Χριστοῦ

168 1456 250 1502 536,
264 1457 297 1492 6.
323 1457 404 1501 623,
421 1457 475 1492 17.

215 1505 257 1541 τὰ
283 1505 518 1550 Ἐλευθερίου,
546 1515 584 1540 v·
608 1504 768 1540 παλάτια.

215 1552 257 1588 τὰ
283 1552 469 1599 Εὐβούλου
497 1551 648 1597 146,11,
674 1563 711 1588 v.
729 1554 834 1595 ξενῶ-

166 1614 232 1640 vec.

215 1647 254 1683 τὸ
284 1646 359 1694 (τῆς
390 1648 598 1694 ἱππηλασιάς
632 1658 662 1683 Β.
687 1648 834 1694 ἱππήλα-

168 1709 228 1731 τον
265 1705 295 1731 S.
321 1700 392 1731 τῶν
422 1697 539 1731 ἵππων
567 1695 832 1741 ἀμιλλητήριον)

167 1744 318 1788 θέατρον
354 1753 383 1779 s.
410 1743 448 1779 τό
472 1744 629 1779 Ἱππικόν
670 1754 700 1779 s.
725 1745 747 1779 ὅ
770 1745 832 1779 Ἱπ-

166 1791 347 1836 πόδρομος
380 1791 437 1836 75,
450 1791 483 1827 6.
519 1791 669 1832 135.11.
705 1791 832 1835 151,4.

170 1839 250 1884 155,
266 1839 299 1874 2.
351 1838 431 1883 156,
445 1838 479 1874 4.
531 1839 611 1883 165,
628 1839 661 1875 2.
710 1839 791 1884 233,
810 1839 833 1875 2

169 1887 219 1928 (Σ
247 1887 399 1932 ενόόνη).
438 1885 520 1930 347,
534 1886 566 1922 7.
615 1886 653 1922 II
678 1886 831 1931 399,12.

169 1901 336 1977 ῙῙ1φ456,
352 1934 395 1969 14
422 1935 475 1976 (v.
497 1933 725 1979 ἀνδριάντες).
750 1935 831 1980 458,

169 1983 218 2018 17
240 1982 372 2027 (πύλη).
399 1981 481 2027 459,
495 1982 527 2017 9.
554 1982 695 2024 511,17
722 1986 796 2019 cet.

219 2030 395 2072 Θολωτός,
422 2040 458 2065 v.
484 2029 641 2065 παλάτια.

219 2077 421 2123 Θωμαΐτης,
448 2088 485 2112 v.
512 2082 768 2123 πατριαρχεῖον.

213 2125 380 2170 Ἔτπικόν,
408 2135 446 2160 v.
470 2125 629 2170 θέατρον.

214 2173 363 2218 Κάμπος
392 2173 471 2215 128,
490 2174 542 2208 16.

215 2220 255 2256 τὰ
280 2221 460 2266 Καριανοῢ
486 2220 567 2263 394,
585 2220 618 2255 3.

214 2269 398 2313 κίνστερνα
423 2269 596 2304 Μωκισία
625 2268 704 2312 139,
718 2267 751 2304 5.

214 2317 346 2355 κιόνεςτ
386 2316 559 2357 Εὖὸοξίας
584 2316 642 2360 97,
656 2316 690 2357 9,
721 2316 758 2350 ἕν
782 2322 832 2361 τῷ

165 2364 348 2409 προαυλίῳ
368 2368 428 2399 τοῦ
452 2363 607 2409 μεγάλου
632 2369 718 2399 ναοῦ
741 2374 831 2399 cum

167 2415 302 2447 statua
340 2411 551 2447 Iustiniani
591 2411 619 2447 Ι.
647 2411 777 2455 157,8,
813 2412 834 2447 ὁ

166 2458 382 2504 κυκλοτερὴς
399 2460 419 2494 ό
435 2464 642 2504 πορφυροῦς
670 2460 724 2503 17,
741 2459 830 2495 15—

169 2508 223 2551 18,
242 2507 295 2542 16.
327 2507 409 2550 511,
426 2506 459 2542 5.
492 2507 572 2550 755,
587 2507 621 2549 7,
657 2506 694 2542 ἕν
721 2508 832 2552 Ξηρο-

166 2555 269 2600 λόφῳ
295 2553 424 2598 94,14,
452 2554 490 2590 ἕν
516 2555 643 2600 Ταύρῳ
672 2554 751 2600 144,
762 2555 794 2591 7.

214 2602 414 2648 Κυκλόβιος
450 2602 532 2646 223,
557 2601 592 2643 4,
635 2612 671 2637 V.
698 2603 831 2648 Στρογ·

195 2650 281 2685 ’λον.

164 2664 392 2744 γυΚυνήγιον
406 2697 487 2740 238,
496 2698 528 2733 8.
548 2697 628 2742 278,
637 2697 670 2733 2.
685 2697 830 2742 646,18.

213 2744 254 2781 τὰ
279 2746 422 2782 Λαύσου
451 2745 603 2790 124,11.
634 2746 759 2785 131.8.

213 2792 317 2839 λιμὴν
359 2798 430 2829 τῶν
472 2794 625 2839 Σοφιῶν
670 2793 746 2837 174,
776 2794 829 2829 10.

165 2840 248 2885 202,
264 2840 318 2875 13.

213 2888 360 2933 λουτράε
386 2887 423 2923 ἐν
448 2893 519 2927 τοῖς
537 2889 724 2935 βασιλείοις
749 2888 830 2933 329,

166 2935 223 2979 15,
264 2936 474 2981 Ιίλαχερνῶν
502 2936 651 2980 180,16,
682 2937 830 2975 Ζεύξιπ-

164 2996 232 3018 πον
257 2993 286 3019 s.
313 2983 478 3029 Σευήρσυ
506 2984 584 3029 154,
602 2984 635 3019 9.
661 2983 744 3027 244,
757 2986 790 3019 8.

1003 407 1132 443 Mlaun-
1158 406 1237 451 153,
1257 405 1312 441 12.

1002 455 1112 500 μοναί
1117 466 1127 490 z
1152 459 1223 489 τῶν
1235 453 1459 499 Ἀναργύρων
1469 454 1539 499 πρὸ
1552 459 1622 490 τῶν

956 597 1108 642 Γάστρια
1146 608 1176 633 s.
1213 598 1236 643 ἡ
1274 598 1424 642 Γαστρία
1461 597 1620 642 358,12.

956 645 1036 690 394,
1052 648 1085 688 8,
1135 645 1322 690 Δαλμάτου
1347 645 1430 688 280,
1446 645 1500 690 17,
1551 650 1622 680 τῶν

956 694 1145 728 Δεσποτῶν
1173 693 1255 737 336,
1269 692 1303 738 2,
1352 698 1412 728 τοῦ
1446 693 1622 739 Ἑβδόμου

957 741 1103 785 733,11,
1131 740 1172 776 τὰ
1184 741 1364 787 Ἑβραὶκά,
1377 752 1414 776 v.
1428 740 1469 776 τὰ
1481 742 1621 786 Βρακά,

956 789 1127 828 Εἰκασιάς
1152 788 1233 833 354,
1259 788 1314 832 14,
1355 789 1523 834 βασιλικὴ
1550 789 1620 824 Εὗ-

957 838 1092 881 φημίας
1129 836 1209 880 419,
1225 836 1257 872 7.
1295 836 1448 881 469,12,
1491 837 1621 872 Καλλι-

956 884 1101 929 στράτου
1127 883 1207 927 243,
1223 883 1256 928 2,
1303 885 1514 920 Κανικλειόυ
1541 885 1620 930 730,

959 932 1013 976 17,
1038 932 1075 967 ἐν
1099 937 1168 971 τοῖς
1191 932 1372 976 Καριανοῦ
1397 932 1478 977 394,
1493 933 1526 977 6,
1552 937 1622 968 τῶν

955 979 1160 1025 Μαγγάνων
1189 979 1341 1024 646,18.
1376 980 1457 1022 670,
1471 980 1505 1015 4.
1540 981 1621 1026 733,

956 1028 990 1071 6,
1031 1032 1091 1062 τοῦ
1115 1027 1289 1072 Μανουήλ
1314 1027 1395 1072 558,
1409 1028 1442 1063 8.
1469 1027 1550 1072 722,
1565 1029 1621 1073 16,

955 1074 993 1110 ἐν
1016 1080 1088 1114 ταῖς
1113 1076 1284 1114 Νοσσιαῒς
1308 1075 1389 1120 454,
1404 1075 1460 1120 14,
1503 1077 1620 1111 Παντ-

957 1123 1108 1158 επόπτου
1134 1123 1215 1168 746,
1229 1123 1262 1167 7,
1297 1128 1357 1168 τῆς
1381 1123 1621 1169 ῙῙεριβλέπτου

957 1170 1038 1215 730,
1051 1170 1084 1214 3,
1110 1171 1364 1210 Σακουὸίωνος
1386 1172 1620 1207 suburbana

956 1217 1084 1262 297,1,
1119 1219 1345 1263 Σταυρακίου
1370 1229 1399 1254 s.
1426 1218 1467 1254 τὰ
1491 1220 1621 1264 Βρακά

956 1275 985 1301 s.
1011 1265 1052 1301 τὰ
1075 1266 1243 1311 Ἐβραῖκά
1269 1266 1349 1310 313,
1365 1267 1398 1310 6,
1424 1271 1485 1302 τοῦ
1507 1268 1620 1302 Στου-

955 1314 1032 1349 ὂιόυ
1074 1313 1210 1358 305,1.
1252 1313 1334 1358 313,
1358 1315 1414 1349 11.
1455 1314 1536 1359 460,
1564 1315 1619 1351 13.

955 1361 1101 1406 568,13.
1127 1361 1344 1406 612,1--14.
1371 1361 1516 1405 624,11.
1538 1363 1619 1407 673,

956 1409 1010 1444 13.
1050 1409 1205 1453 719,16,
1252 1410 1426 1455 Ταρασίου
1463 1410 1543 1455 643,
1565 1411 1619 1456 19,

953 1457 1087 1501 Χώρας
1112 1457 1193 1502 267,
1209 1457 1263 1493 13.

1000 1505 1155 1540 Νοσσιαί
1175 1504 1257 1549 454,
1273 1504 1329 1540 14.

1001 1553 1194 1598 Νυμφαῖον
1218 1553 1275 1597 80,
1291 1552 1346 1588 14.
1375 1552 1454 1598 124,
1471 1553 1526 1588 16.

1001 1602 1166 1642 ξενῶνεςε
1216 1601 1403 1647 Εὐβούλου
1454 1601 1533 1645 146,
1563 1602 1617 1637 11.

955 1647 1035 1691 154,
1048 1648 1082 1693 9,
1122 1649 1299 1694 Θεοφίλου
1324 1648 1406 1693 364,
1420 1648 1454 1694 4,
1492 1659 1619 1695 prope

953 1696 1144 1742 templum
1170 1696 1302 1741 Probi,
1329 1695 1515 1740 Tarachi,
1540 1696 1619 1732 An·

953 1743 1109 1779 dronici
1135 1744 1214 1789 199,
1228 1744 1262 1779 8.

1000 1792 1211 1838 Ξηρολόφος
1259 1792 1318 1834 94,
1347 1791 1400 1827 14.
1451 1791 1532 1838 263,
1562 1793 1616 1829 14.

950 1839 1302 1971 47Ξὲέάέοτροῳεῒον
1322 1887 1401 1933 174,
1415 1887 1449 1923 4.
1477 1887 1556 1932 744,
1574 1889 1618 1924 16

1003 1983 1142 2028 Οὐάλης
1174 1982 1455 2029 aquaeductus
1487 1984 1616 2028 80,10.

954 2029 1032 2075 174,
1047 2030 1081 2075 6,
1108 2041 1145 2065 v.
1171 2030 1318 2076 ἀγωγός.

997 2078 1145 2114 παλάτια
1182 2089 1211 2114 s.
1243 2078 1421 2123 ἀνάκτορα
1456 2089 1486 2114 s.
1516 2080 1616 2126 βασί-

950 2125 1040 2161 λειαι
1082 2125 1115 2170 1)
1142 2125 1183 2162 τὰ
1207 2126 1384 2171 ἀνάκτορα
1410 2137 1439 2162 8.
1466 2126 1504 2162 τὸ
1527 2127 1616 2173 μέγα

951 2172 1260 2257 ἓῆιῖἂὶιβαῗτὲλὲιῖ
1292 2174 1370 2258 {22}
1388 2174 1505 2258 4'sit12?
1507 2174 1616 2262 5211?AE

949 2269 1134 2314 ἀνίσχοντα
1175 2249 1275 2315 ἥλιον
1315 2269 1396 2315 231,
1418 2270 1450 2306 5.
1477 2237 1576 2314 302?
1582 2270 1615 2305 5.

952 2316 1102 2361 719,13.
1131 2317 1258 2362 759,1.
1308 2316 1367 2352 Ibi
1395 2327 1616 2354 memoran-

951 2368 1035 2400 tur:
1052 2364 1234 2411 βαλανεῖον
1248 2364 1395 2409 584,15,
1410 2365 1616 2411 Ἐξκούβιτα

950 2412 1030 2456 459,
1047 2413 1080 2448 9.
1114 2412 1240 2457 763,1,
1295 2413 1462 2448 Θολωτόν
1489 2413 1568 2459 143,
1582 2415 1616 2456 8,

950 2459 973 2505 ἡ
1006 2465 1065 2496 τοῦ
1094 2460 1242 2505 λουτροῦ
1273 2460 1422 2505 κάμινος
1461 2461 1615 2505 329,15,

951 2507 1025 2543 Νέα
1038 2507 1210 2553 ἐκκλησία
1223 2507 1304 2553 432,
1318 2507 1351 2543 4.
1377 2507 1459 2553 499,
1474 2508 1506 2544 7.
1533 2509 1616 2551 567,

950 2555 984 2599 6,
1011 2555 1181 2600 τρίκλινος
1196 2555 1464 2595 Ἰουστινιάνειος
1489 2556 1614 2601 231,5,

949 2603 1077 2648 Χαλκῆ
1119 2614 1148 2639 s.
1187 2603 1370 2639 Χαλκόστε
1392 2617 1432 2638 ον
1475 2604 1554 2648 154,
1580 2605 1614 2640 9.

952 2650 1102 2695 193,16.
1144 2651 1272 2695 301,9.
1314 2650 1361 2686 45
1387 2651 1443 2696 ,9.
1485 2652 1566 2696 536,
1581 2653 1615 2687 6.

949 2698 1031 2742 623,
1055 2698 1097 2734 17
1153 2708 1242 2734 cum
1286 2709 1449 2735 carcere
1489 2699 1571 2742 656,
1595 2699 1612 2734 1

950 2756 1038 2781 cum
1074 2746 1251 2793 imagine
1283 2746 1427 2782 Christi
1464 2746 1613 2790 199,1Ο.

949 2794 1030 2835 365,
1048 2794 1080 2828 6.
1119 2794 1199 2838 751,
1221 2794 1276 2836 10,
1316 2794 1614 2839 Χρυσοτρίκλινος

951 2841 1029 2885 174,
1043 2842 1076 2876 6.
1099 2841 1176 2886 180,
1195 2842 1248 2876 16.
1298 2842 1335 2886 2)
1349 2842 1385 2877 ἐν
1401 2842 1615 2887 Βλαχέρναις

949 2889 1030 2933 462,
1055 2888 1087 2924 2.
1134 2889 1215 2933 719,
1241 2889 1285 2923 16
1334 2899 1424 2925 cum
1465 2890 1612 2936 templo

950 2936 983 2971 Τ
987 2937 1125 2972 11901110,
1166 2937 1247 2979 672,
1273 2937 1305 2972 6.
1365 2936 1402 2979 3)
1439 2937 1613 2982 Ἑβδόμου

952 2984 1065 3029 109,4
1093 2994 1183 3020 cum
1203 2985 1446 3020 bibliotheca
1470 2985 1554 3031 330,
1570 2986 1614 3021 16
