2054 3282
187 195 478 238 IVSTINIANI
496 193 827 236 CRVDELITAS
845 195 899 234 IN
916 191 1250 234 OHERSONIOS.
1277 190 1568 232 BARDANES.
1618 190 1687 230 241

191 321 311 377 ὂάνη,
343 321 405 363 ὃν·
423 320 448 362 ὅ
478 320 603 374 λόγος
634 319 823 375 ἱστόρησε
847 318 963 374 παρὰ
984 323 1058 361 τοῦ
1078 318 1319 373 Ἀψιμάρου
1340 318 1398 365 εἷς
1418 316 1690 372 Κεφαληνίαν

190 389 521 444 περιορισθῆναι,
566 388 656 442 ἄρτι
687 387 976 442 ἁνακληῦέντα
1008 387 1056 429 ἐκ
1087 391 1160 442 τῆς
1195 386 1423 441 ὑπερορίας
1460 385 1532 428 καὶ
1563 385 1688 427 ἐπαν-

192 457 305 500 ιόντα
343 456 452 511 πρὸς
489 456 564 510 τὴν
606 455 1055 509 Κωνσταντινούπολιν,
1100 455 1225 496 κάκεῖ
1257 454 1482 509 γενόμενον
1519 453 1690 508 βασιλέα

193 525 509 580 ἀναγορεύουσι,
553 525 624 566 καὶ
666 528 740 566 τοῦ
784 527 908 578 σφῶν
946 524 1149 578 ἄρχοντος
1184 522 1303 564 Ἡλία
1343 522 1690 577 συμπράττοντος.

158 601 181 638 5
195 596 222 636 ἃ
242 594 402 649 μαθὼν
417 592 703 638 Ἰουστινιανὸς
722 592 820 638 τοὺς
838 592 917 644 μὲν
947 596 1021 634 τοῦ
1042 591 1160 633 Ἠλία
1191 591 1345 638 παῖδας
1375 591 1420 633 ἒν
1449 596 1512 645 τῷ
1543 590 1692 644 κόλπῳ
1708 596 1752 630 18

195 664 430 717 κατέσφαξε
460 666 533 717 τῆς
562 661 735 716 μητρός,
768 661 928 716 ἐκείνην
960 661 1006 702 δὲ
1038 661 1180 714 δούλῳ
1211 661 1339 716 αὐτῆς
1358 659 1482 714 Ἰνδῷ
1501 659 1693 714 μαγείρῳ

195 732 446 780 συνέζευξεν.
508 729 592 772 εἶτα
625 729 771 771 στόλον
802 730 1128 784 ἑτοιμασάμενος
1150 729 1298 771 στέλλει
1318 728 1425 770 κατὰ
1447 727 1693 783 Χερσῶνος,
1709 733 1754 768 19

196 799 475 853 ἐντειλάμενος
521 803 582 852 τῷ
627 802 700 839 τοῦ
748 797 896 839 στόλου
943 797 1191 852 κατάρχοντι
1237 796 1401 852 ἡβηδὸν
1452 797 1695 851 ξύμπαντας

197 868 361 910 ἀνελεῖν.
423 867 505 922 ἤδη
539 866 584 908 δὲ
615 866 924 920 καταλαβόντος
954 866 1028 919 τὴν
1048 865 1260 920 Χερσῶνα
1290 870 1365 908 τοῦ
1395 869 1592 908 ναυτικοῦ
1623 864 1696 907 καὶ
1709 871 1756 906 20
1780 870 1811 906 Β

140 944 185 979 10
197 937 522 991 πολιορκοῦντος
559 935 689 989 αὐτὴν
726 933 832 989 ἧκον
863 933 1058 989 Χάζαροι
1094 939 1179 980 τοῖς
1209 934 1495 988 Χερσωνίταις
1526 934 1694 976 ἐπικου-

197 1006 407 1060 ρήσοντες.
469 1004 661 1046 ἐντεῦθεν
690 1004 716 1058 ἡ
747 1002 827 1058 μὲν
855 1003 1075 1057 πολιορκία
1108 1003 1284 1057 ἐλέλυτο,
1318 1004 1358 1045 οῖ
1385 1003 1431 1045 δὲ
1451 1007 1524 1044 τοῦ
1547 1002 1695 1044 στόλου
1709 1009 1754 1045 21

196 1074 256 1129 μὴ
295 1074 530 1128 τολμῶντες
567 1071 677 1126 πρὸς
715 1071 787 1113 τὸν
816 1071 986 1126 βασιλέα
1019 1072 1261 1113 ἐπανελθεῖν
1290 1076 1365 1113 τοῦ
1394 1071 1473 1126 μὲν
1503 1071 1695 1126 βλασφη-

196 1142 296 1197 μίας
317 1142 529 1196 κατέχεον,
550 1141 622 1199 τὸν
644 1141 690 1183 δὲ
712 1140 941 1195 Βαρόάνην
962 1141 1024 1187 ὡς
1053 1140 1224 1195 βασιλέα
1246 1141 1512 1195 εὐφήμησαν.
1545 1143 1696 1194 καιροῦ
1710 1148 1756 1183 22

201 1210 247 1253 δὲ
283 1211 599 1265 παραρρυέντος
635 1214 803 1265 συχνοῦ,
847 1210 906 1251 ὅτι
942 1209 1077 1264 μηδὲν
1108 1210 1224 1263 αὐτῷ
1256 1210 1304 1250 ἐκ
1335 1213 1408 1251 τοῦ
1440 1209 1589 1251 στόλου
1619 1224 1695 1263 με-

203 1341 244 1376 11
272 1342 321 1376 ὅτι
347 1340 407 1376 καὶ
433 1343 524 1383 (om.
550 1340 595 1383 E)
621 1341 657 1375 οἱ
680 1344 740 1375 τοῦ
767 1339 890 1374 στόλου
916 1338 974 1374 τὸν
1003 1338 1214 1374 Φιλιππικὸν
1238 1339 1448 1385 εὐφήμησαν
1475 1339 1539 1376 CE

274 1461 289 1495 1
319 1460 536 1505 κεφαληνίαν
562 1458 709 1506 Apr,
737 1459 986 1504 Κεφαλληνίαν
1014 1456 1079 1501 Di,
1106 1469 1143 1494 V.
1171 1459 1223 1494 ad
1249 1458 1341 1494 XIV
1363 1459 1420 1502 24,
1437 1460 1457 1496 7
1554 1460 1577 1494 2
1601 1473 1697 1504 περι·

273 1508 437 1553 οισθῆναι
456 1507 551 1554 w*p‚
570 1507 798 1553 relegatum
816 1517 921 1542 esse:
948 1508 1012 1543 Wo
1033 1506 1100 1541 lat.
1190 1507 1213 1542 3
1231 1506 1291 1552 τὴν
1311 1517 1386 1542 om.
1400 1507 1432 1542 B
1530 1507 1564 1543 3.
1577 1507 1599 1542 4
1617 1507 1697 1542 ἀνα-

271 1556 453 1601 γορεύουσι
478 1555 623 1601 βασιλέα
649 1554 684 1589 D
809 1554 844 1590 4.
870 1554 892 1589 5
918 1555 998 1600 ῆλία
1022 1552 1059 1589 Α
1084 1556 1138 1596 (v.
1164 1554 1327 1601 Niceph.
1355 1554 1465 1602 Cpol.
1491 1566 1530 1602 p.
1555 1554 1612 1599 44,
1639 1555 1696 1590 24.

271 1603 330 1648 46,
345 1604 362 1638 1
385 1607 470 1645 cet„
489 1603 668 1649 Theoph.
688 1602 705 1637 I
724 1613 760 1648 p.
775 1603 855 1646 377,
870 1602 927 1638 31.
945 1602 1026 1647 378,
1041 1601 1087 1637 24
1108 1605 1208 1647 cem,
1229 1603 1310 1648 ἡλία
1326 1602 1485 1650 prDi
1570 1603 1592 1638 5
1609 1608 1698 1641 ποῦς

270 1650 322 1697 μὴ
342 1650 389 1695 D,
415 1651 496 1690 τοὺς
519 1650 584 1696 μὲν
609 1661 711 1686 corr.
731 1650 799 1688 Dw
897 1656 958 1686 τοῦ
977 1661 1052 1686 om.
1071 1649 1102 1685 B
1197 1651 1306 1686 παῖδα
1333 1661 1384 1686 ex
1408 1650 1551 1690 παιδιὰς
1569 1654 1699 1686 mutat

407 1705 458 1744 τῷ
485 1709 560 1734 om.
579 1697 615 1733 D
713 1699 747 1733 6.
774 1699 795 1734 7
819 1712 1035 1743 προςμειρηο
1061 1699 1237 1744 (punctis
1263 1701 1461 1743 notatum)
1490 1700 1529 1734 δε
1554 1697 1698 1734 δουλώυ

272 1760 366 1792 ματα
390 1746 668 1792 οὐὸωμαγείρως
695 1746 897 1788 συνέζευξεν
922 1745 993 1781 εἶτα
1016 1746 1136 1781 στόλον
1154 1745 1447 1791 αἶτηιμασάμενος
1464 1747 1591 1782 στέλλει
1610 1745 1699 1782 κατὰ

274 1795 439 1840 χερσόνος
457 1793 505 1837 Ι),
531 1795 591 1829 his
617 1794 757 1830 deletis
787 1798 826 1830 et
851 1794 989 1829 addito
1017 1794 1058 1829 fa
1086 1795 1144 1835 (Ξ
1159 1794 1276 1839 falsa)
1303 1795 1477 1831 restituit
1501 1794 1585 1832 Dw:
1612 1794 1699 1829 ἑκεί-

274 1856 338 1888 νην
364 1841 403 1877 δὲ
427 1842 545 1886 δούλῳ
560 1861 604 1867 -
619 1841 708 1876 κατὰ
733 1843 923 1886 Χερσῶνος
1028 1842 1060 1876 6.
1076 1842 1097 1877 7
1124 1842 1263 1887 ἐκείνην
1278 1863 1321 1867 -
1336 1843 1539 1884 συνέζευξεν
1566 1853 1642 1878 om.
1670 1842 1700 1876 F]

275 1891 299 1926 8
323 1890 386 1935 τὴν
404 1889 452 1934 D,
477 1895 527 1934 τῷ
554 1900 656 1925 corr.
675 1888 743 1927 Dw
842 1890 864 1935 ἡ
889 1889 953 1934 μὲν
979 1889 1067 1931 δοὺξ
1091 1889 1138 1933 D,
1165 1890 1300 1935 ἡβηδὸν
1327 1901 1429 1926 corr.
1448 1891 1515 1928 Dw
1615 1903 1700 1934 συμ-

274 1937 405 1976 πάντας
431 1937 477 1981 D,
505 1948 543 1972 v.
569 1937 622 1972 ad
646 1937 743 1972 XIII
769 1938 803 1982 5,
833 1939 848 1972 l
964 1937 986 1972 9
1012 1937 1044 1973 δ’
1066 1938 1072 1982 Ι
1095 1937 1142 1982 D,
1169 1938 1207 1973 δὲ
1233 1949 1335 1973 corr.
1364 1939 1431 1976 Dw
1553 1939 1700 1974 καταλα-

275 1987 370 2032 βόντι
389 1985 437 2030 D,
465 1996 568 2021 corr.
589 1984 653 2023 Dw
749 1990 917 2030 μερσῶνα
943 1984 979 2019 D
1077 1985 1109 2020 9.
1140 1986 1184 2020 10
1208 1986 1268 2021 καὶ
1293 1986 1567 2031 πολιορκοῦντος
1592 1985 1701 2031 αὐτὴν

279 2044 355 2070 om.
382 2033 414 2069 Ο
514 2033 559 2068 10
584 2033 706 2078 ἦνικσν
731 2034 891 2079 punctis
918 2036 1099 2068 notatum
1129 2032 1176 2078 D,
1202 2034 1294 2079 ἧκον
1320 2045 1422 2070 corr.
1450 2035 1517 2072 Dw
1616 2033 1699 2078 τοῖς]

277 2086 338 2117 τοῦ
365 2081 396 2116 Ε
491 2080 784 2126 ἐπικουρήσοντος
799 2081 840 2126 Ε,
866 2081 1170 2120 ἐπικοντεύσαντες
1191 2082 1236 2127 D,
1265 2092 1366 2117 corr.
1382 2082 1449 2121 Dw
1551 2083 1591 2117 ll
1619 2082 1702 2116 κάν-

278 2130 403 2164 τεῦθεν
430 2128 465 2163 D
575 2128 633 2163 τὸν
658 2128 856 2187 φιλόῇπολιν
881 2129 1112 2174 ἦσαελέλυτρο
1138 2130 1314 2175 (punctis
1339 2132 1539 2172 notatum)
1566 2130 1615 2174 D,
1642 2130 1702 2164 his

279 2177 420 2213 deletis
448 2187 548 2212 corr.
577 2176 662 2214 Dw:
689 2176 711 2221 ἡ
734 2190 798 2221 μεν
822 2177 1009 2221 πολιορκία
1035 2177 1172 2212 ἐλέλυτο
1283 2177 1327 2212 14
1350 2178 1589 2224 παραρυὲντος
1615 2178 1701 2220 (sic)

278 2224 358 2269 ΑΕ,
385 2235 423 2260 v.
449 2225 501 2260 ad
527 2224 618 2260 XIV
647 2224 701 2268 11,
727 2225 749 2260 7

207 2345 433 2391 relegatum
460 2344 584 2380 fuisse
611 2355 734 2390 supra
753 2345 1076 2390 memoravimus,
1103 2349 1339 2382 revocatum
1367 2346 1486 2382 modo
1514 2356 1565 2382 ex
1581 2347 1702 2382 exilio

209 2396 248 2429 et
275 2392 368 2427 dum
385 2391 537 2438 Cpolim
564 2393 649 2436 iret,
677 2392 770 2428 illue
796 2394 1022 2438 profectum
1049 2403 1187 2439 regem
1215 2394 1403 2438 salutant,
1442 2395 1562 2430 etiam
1589 2394 1705 2430 Helia

209 2440 390 2487 principe
405 2450 478 2475 suo
498 2439 732 2476 adiuvante.
782 2439 938 2483 Quibus
951 2440 1198 2477 Iustinianus
1213 2442 1386 2487 cognitis
1400 2441 1542 2478 Heliae
1558 2442 1706 2478 liberos
1722 2442 1766 2477 18

209 2489 250 2524 iu
276 2489 367 2523 sinu
392 2488 595 2534 iugulavit
621 2489 758 2523 matris
787 2488 976 2534 illamque
1003 2499 1121 2524 servo
1149 2490 1236 2525 eius
1262 2489 1360 2524 Indo
1389 2500 1519 2535 coquo
1547 2490 1707 2535 copula-

212 2537 280 2572 vit.
331 2535 487 2571 Deinde
515 2536 750 2571 instructam
778 2535 944 2572 classem
972 2541 1114 2572 eontra
1140 2536 1384 2573 chersonem
1411 2538 1528 2573 mittit
1555 2538 1706 2573 classis·
1722 2538 1767 2573 19

213 2593 293 2630 que
320 2585 526 2629 praefecto
546 2583 721 2627 mandat,
748 2588 793 2619 ut
808 2595 956 2629 omnes,
985 2585 1053 2630 qui
1081 2595 1193 2620 arma
1219 2585 1326 2621 ferre
1342 2589 1516 2631 possent,
1544 2585 1707 2622 deleret.

215 2631 328 2673 Quae
347 2631 486 2666 elassis
512 2641 600 2666 cuni
629 2632 706 2666 iam
734 2631 785 2666 ad
806 2631 1048 2668 chersonem
1064 2632 1235 2678 appulsa
1261 2637 1365 2669 esset
1381 2643 1552 2678 eamque
1579 2634 1707 2679 regio·
1720 2632 1768 2669 20

216 2688 307 2714 nem
340 2678 553 2722 obsideret,
593 2678 761 2714 Chazari
789 2679 1016 2715 Chersoniis
1048 2680 1201 2716 auxilio
1234 2684 1447 2716 venerunt.
1500 2680 1615 2717 Unde
1642 2681 1766 2717 ob-21

216 2727 318 2763 sidio
337 2726 469 2762 soluta
495 2731 566 2770 est,
593 2726 662 2763 sed
677 2727 869 2763 classiarii
897 2728 948 2763 ad
968 2738 1106 2774 regem
1126 2728 1259 2764 redire
1284 2739 1367 2764 non
1393 2729 1479 2764 ausi
1495 2728 1709 2765 maledicta

217 2774 256 2810 in
284 2784 373 2810 eum
390 2774 592 2810 iaciebant
618 2778 657 2810 et
674 2774 899 2811 Bai-danem
914 2786 985 2821 pro
1001 2786 1099 2821 rege
1115 2776 1437 2812 celebraverunt.
1487 2776 1571 2812 Iam
1586 2777 1710 2823 longo
1723 2777 1771 2813 22

216 2827 398 2867 tempore
424 2821 573 2868 elapso,
601 2832 690 2857 cuin
719 2823 814 2858 nihil
853 2825 888 2859 ei
917 2823 967 2858 de
994 2824 1121 2859 classe,
1148 2824 1458 2870 significaretur,
1486 2834 1558 2860 rex
1585 2826 1711 2871 suspi-

218 2875 333 2906 catus
347 2869 540 2905 accidisse
567 2870 730 2916 aliquid,
757 2871 866 2916 quod
894 2871 932 2906 in
961 2881 1074 2907 suam
1096 2872 1278 2907 fraudem
1295 2872 1488 2916 tenderet,
1516 2871 1712 2918 Byzantio

292 2941 447 2969 merue
469 2941 618 2976 Epilvme
640 2940 697 2969 111.
1458 2933 1501 2968 16
