2054 3282
388 281 545 321 mima
570 274 789 319 AFFINES
815 275 1031 318 CAECAT.
1082 266 1271 316 Afi'mvs
1297 272 1582 315 Evachs.
1660 271 1729 313 301

231 406 398 461 γέγονεν
434 405 500 458 ἄν,
544 404 583 446 εἴ
614 402 674 458 μὴ
708 403 732 445 ό
764 402 959 457 ἐκτομίας
983 401 1136 448 Ἀέτιος
1171 399 1558 455 παραδυναστεύων
1593 402 1732 441 πᾶσαν

232 474 395 529 ἐκίνησε
424 471 620 528 μηχανὴν
651 472 708 518 εἷς
738 470 785 512 τὸ
816 470 876 526 μὴ
900 470 1228 525 ἀποτελεσθῆναι
1248 468 1323 524 τὴν
1343 468 1554 522 συζυγίαν.
1610 465 1733 514 οὗτος
1745 469 1793 506 24

232 541 312 597 γὰρ
343 542 451 596 μέγα
484 540 717 595 δυνάμενος
755 540 799 581 ἐν
834 543 918 586 τοῖς
954 538 1174 594 βασιλείοις
1208 537 1281 580 τὸν
1323 537 1477 579 οἰκεῖον
1520 536 1732 591 ὁμαίμονα

232 610 394 652 Λέοντα
433 609 607 658 ἀξιῶσαι
649 613 722 663 τῆς
760 608 968 663 βασιλείας
1013 606 1079 648 διὰ
1123 606 1295 661 μελέτης
1336 605 1550 660 πεποίητο,
1595 606 1643 652 ὃς
1680 604 1731 659 δὴ
1747 608 1793 645 25
1819 606 2018 645 P11121A

196 685 219 721 5
233 678 359 721 Λέων
391 677 457 720 διὰ
489 676 679 732 σπουόῆς
709 680 783 718 τοῦ
809 675 965 718 Ἀετίου
996 675 1129 729 μόνος
1160 674 1286 721 αὐτὸς
1311 673 1538 729 στρατηγὸς
1559 672 1735 728 Θρᾴκης

232 747 302 789 καὶ
329 746 602 792 Μακεδονίας
633 745 944 799 προῦβέβλητο·
977 744 1002 786 ὁ
1034 744 1081 786 δέ
1111 759 1157 798 γε
1177 743 1330 790 Ἀέτιος
1359 746 1445 784 τῶν
1476 741 1600 797 ἑῴων
1630 741 1734 797 ἦρχε
1747 746 1794 782 26

231 816 433 871 θεμάτων
462 818 536 856 τοῦ
562 813 762 868 Ὀψικίου
794 812 866 855 καὶ
901 816 987 854 τῶν
1025 812 1296 866 ἀνατολικῶν,
1341 811 1569 853 κάντεῦθεν
1606 811 1733 865 ὓπερ-

233 884 453 940 φρονήσας
482 886 568 925 τῶν
598 883 642 924 ἐν
662 882 763 923 τέλει
783 881 1046 936 περιεφρόνει
1067 880 1138 922 καὶ
1159 880 1421 929 ἀλαζονικῶς
1443 880 1582 926 αὐτοῖς
1601 895 1734 934 προσ-

234 954 419 1007 εφέρετο.
482 952 522 994 οἳ
563 951 609 993 δὲ
646 950 806 997 τούτοις
843 950 1074 1005 ἀχθόμενοι
1110 949 1325 1004 βούλευμα
1362 948 1467 990 κατὰ
1508 953 1581 1004 τῆς
1616 949 1734 1003 βασι-
1748 953 1794 990 27

178 1030 224 1066 10
235 1021 375 1076 λίσσης
413 1020 636 1063 συνέθεντο
679 1019 750 1061 καὶ
792 1018 864 1061 τὸν
906 1019 1123 1072 πατρίκιον
1162 1017 1417 1072 Νικηφόρον
1460 1017 1531 1059 καὶ
1574 1016 1736 1071 γενικόν

8 1136 15 1144 a
236 1090 466 1144 λογοθέτην
501 1087 816 1143 παραλαβόντες
852 1087 1030 1142 βαθείας
1065 1085 1217 1132 νυκτὸς
1254 1085 1390 1141 ἦλθον
1425 1087 1482 1132 εἰς
1512 1085 1587 1140 τὴν
1617 1084 1734 1126 Χαλ-

2 1162 330 1213 ’1)111368κῆν,
374 1162 447 1213 τῆς
479 1157 717 1212 βασιλίσσης
747 1155 934 1211 Εἰρήνης
964 1155 1171 1210 νοσούσης
1202 1155 1273 1196 καὶ
1304 1155 1348 1196 ἐν
1378 1159 1439 1209 τῷ
1470 1155 1577 1209 οἴκῳ
1609 1154 1737 1209 αὐτῆς

1 1214 3 1218 ⁴
235 1231 297 1281 τῷ
327 1227 372 1268 ἐν
401 1230 486 1273 τοῖς
510 1225 777 1279 Ἐλευθερίου
809 1225 1017 1279 κειμένης·
1050 1223 1166 1265 εἷπον
1197 1222 1273 1265 οὖν
1303 1227 1388 1270 τοῖς
1419 1223 1548 1264 ἐκεῖσε
1579 1222 1735 1277 φυλάτ-
1749 1229 1796 1264 28

235 1311 350 1337 τουσι
386 1294 502 1348 παρὰ
541 1298 614 1349 τῆς
649 1293 888 1348 βασιλίσσης
930 1292 1136 1347 σταλῆναι,
1180 1293 1245 1334 ἵνα
1282 1291 1452 1347 βασιλέα
1491 1290 1563 1333 τὸν
1599 1290 1735 1346 Νικη-

180 1372 224 1407 15
237 1363 375 1419 φόρον
402 1362 755 1417 ἀναγορεύσωσιν,
788 1361 851 1408 ὡς
872 1363 924 1402 ἂν
946 1362 1058 1403 οὕτω
1080 1361 1287 1415 παύσηται
1309 1360 1334 1402 ὁ
1353 1358 1570 1415 πατρίκιος
1584 1359 1736 1406 Ἀέτιος
1750 1366 1781 1401 Β

236 1431 486 1487 βιαζόμενος
516 1430 646 1485 αὐτὴν
676 1430 748 1471 τὸν
779 1430 929 1472 ἑαυτοῦ
957 1429 1164 1483 σύγγονον
1183 1429 1530 1484 προχειρίσασθαι
1550 1427 1735 1483 βασιλέα.

235 1500 521 1546 πιστεύσαντες
552 1497 628 1540 οὖν
658 1502 743 1545 τοῖς
772 1501 899 1540 ταῦτα
931 1497 1095 1552 λέγουσι
1125 1498 1356 1552 πατρικίοις
1384 1500 1469 1539 τῶν
1489 1499 1737 1552 περιφανῶν
1750 1504 1796 1540 29

237 1567 341 1623 οὖσι,
373 1567 445 1610 καὶ
475 1566 593 1609 αὐτοὶ
623 1566 695 1609 τὸν
722 1566 975 1622 Νικηφόρον
1007 1565 1082 1608 σὺν
1114 1566 1283 1613 ἐκείνοις
1314 1566 1371 1612 εἷς
1401 1565 1571 1621 βασιλέα
1604 1565 1735 1620 εὐφή-

237 1720 260 1757 9
284 1720 382 1759 ὧτως
406 1718 466 1755 καὶ
490 1717 587 1763 παρὰ
610 1718 753 1754 πάντων
781 1717 890 1763 (παρά
917 1731 1022 1754 τινων
1048 1717 1094 1761 Ε)
1120 1717 1168 1757 είς
1193 1716 1234 1753 τὰ
1260 1716 1416 1764 βασίλεια
1442 1717 1463 1752 ὅ
1485 1715 1555 1753 ἀπὸ
1585 1720 1738 1763 γενικῶν

237 1768 379 1814 ἀνήχθη
406 1768 621 1812 Νικηφόρος
647 1765 714 1808 (ἀν.
740 1767 760 1801 ό
783 1766 852 1801 ἀπὸ
877 1780 950 1812 γεν.
975 1779 1100 1811 νικηφ.
1128 1765 1173 1808 Ε)
1200 1765 1263 1802 CE
1368 1765 1412 1801 17
1437 1765 1597 1811 βασιλεία
1621 1766 1737 1811 Νικη-

239 1817 355 1862 φόρσυ
381 1820 442 1851 τοῦ
467 1814 537 1850 ἀπὸ
562 1819 713 1859 γενικῶν

309 1953 332 1988 2
357 1953 406 1992 εἰς
431 1951 470 1987 τὸ
497 1962 572 1987 om.
601 1951 632 1987 O
786 1951 809 1987 6
832 1951 1075 1998 προυβὲβλητο
1102 1950 1159 1987 Di
1184 1951 1320 1987 invitis
1347 1950 1494 1998 Apr‚
1522 1962 1558 1987 V.
1588 1951 1640 1987 ad
1666 1949 1738 1987 XV

312 2000 368 2044 12,
397 2000 439 2036 17
541 2000 581 2034 ll
609 1999 747 2045 χαλκῆν
773 1999 843 2035 AR
870 2000 923 2044 (v.
950 1999 1003 2035 ad
1029 1999 1120 2035 XIV
1146 2000 1179 2044 6,
1208 1999 1263 2035 19.
1290 1999 1380 2035 XVI
1410 2000 1464 2043 16,
1482 1999 1531 2043 5),
1557 1999 1738 2045 Theoph-

311 2048 327 2083 1
356 2059 392 2094 p.
417 2047 499 2090 476,
520 2048 575 2091 13,
600 2047 737 2092 χαλκὴν
761 2046 906 2093 ΟΕννρς
934 2052 1146 2093 praeterea
1175 2058 1212 2083 v.
1239 2047 1286 2082 G.
1306 2048 1353 2083 M.
1381 2058 1416 2091 p.
1444 2048 1525 2091 671,
1544 2047 1602 2091 22,
1627 2047 1671 2082 L.
1691 2047 1737 2083 G.

313 2107 350 2142 p.
375 2096 458 2138 200,
482 2095 540 2138 23,
569 2094 685 2131 Cedr.
714 2095 746 2130 ΙΙ
777 2105 813 2141 1).
839 2095 896 2139 29,
925 2095 969 2130 15
1068 2095 1112 2130 12
1137 2096 1332 2140 νουσούσης
1360 2095 1395 2130 D
1495 2095 1540 2130 14
1563 2096 1739 2141 βασίλειον

313 2143 360 2187 D,
372 2143 515 2189 βασιλέα
533 2153 634 2178 corr.
650 2142 717 2180 Dw
791 2142 849 2178 τὸν
865 2153 940 2178 om.
956 2142 991 2177 D
1067 2143 1121 2179 17.
1139 2144 1183 2178 18
1198 2148 1269 2179 τῶν
1279 2147 1487 2188 περιφανῶν
1500 2142 1577 2178 οὖσι
1591 2143 1738 2189 AEwp,

311 2190 371 2226 διὰ
395 2189 458 2237 τὴν
483 2190 600 2225 αὐτῶν
624 2190 852 2236 περιφάνειαν
878 2190 910 2226 Ο
1023 2190 1068 2226 18
1094 2195 1185 2236 post
1210 2193 1409 2236 νικηφόρον
1437 2194 1527 2226 octo
1556 2193 1640 2227 fere
1667 2191 1738 2226 litt.

313 2242 407 2274 sunt
432 2248 575 2274 erasae
606 2238 645 2273 in
674 2237 704 2272 B
801 2237 864 2274 σὺν
888 2238 1034 2277 ἐκείνοις
1060 2248 1135 2274 om.
1163 2237 1192 2275 C

241 2382 438 2425 confecta,
464 2381 540 2417 nisi
557 2381 768 2418 eunuchus
786 2380 927 2417 Aetius
946 2382 1156 2428 potestatis
1176 2382 1363 2429 princeps
1385 2383 1518 2418 omnia
1545 2385 1739 2429 expertus

241 2435 357 2474 esset,
384 2440 435 2465 ne
461 2430 500 2464 id
528 2430 762 2475 coniugium
791 2430 1064 2475 perficeretur.
1116 2429 1215 2466 Nam
1244 2441 1333 2465 cum
1362 2431 1400 2466 in
1428 2431 1544 2476 regia
1571 2430 1738 2466 multum
1753 2429 1799 2465 24

242 2481 388 2524 posset,
415 2478 580 2513 fratrem
600 2487 716 2513 suum
737 2476 912 2513 Leonem
942 2488 1088 2513 ornare
1114 2478 1281 2524 imperio
1309 2478 1592 2522 meditabatur,
1620 2488 1738 2523 quem
1753 2477 1800 2513 ‘25

242 2525 389 2570 insigni
416 2524 549 2561 studio
577 2524 628 2560 ad
643 2529 887 2608 Xraeturam
916 2524 1114 2560 Thraciae
1141 2529 1180 2561 et
1206 2525 1468 2561 Macedoniae
1495 2526 1623 2561 solum
1650 2535 1740 2561 eve—

243 2577 369 2616 xerat,
409 2582 499 2608 eum
532 2573 617 2618 ipse
681 2573 785 2608 titius
819 2574 1039 2619 provinciis
1065 2573 1212 2619 Opsicii
1247 2578 1286 2609 et
1325 2573 1588 2609 orientalibus
1627 2583 1740 2619 prae·
1753 2573 1799 2607 2ss

243 2625 365 2664 essen
406 2619 515 2655 unde
558 2621 687 2656 elatus
726 2621 835 2656 viros
874 2621 1093 2656 honoratos
1133 2621 1383 2667 despiciebat
1421 2626 1460 2656 et
1498 2625 1740 2666 arroganter

194 2704 195 2707 ,
242 2668 454 2703 tractabat.
505 2667 621 2710 Quod
654 2668 709 2703 ini
749 2678 874 2714 aegre
913 2670 1088 2704 ferentes
1127 2669 1336 2704 consilium
1377 2673 1517 2703 contra
1556 2669 1739 2713 reginam
1754 2668 1799 2703 ‘27

243 2716 420 2751 inierunt
446 2714 708 2761 adhibitoque
736 2716 904 2761 patricio
932 2716 1171 2763 Nicephoro,
1197 2716 1379 2762 generali
1407 2716 1625 2762 logotheta,
1654 2726 1740 2761 pro-

244 2762 372 2798 funda
397 2763 575 2798 noctem
594 2762 767 2798 chalcen
787 2768 998 2807 venerunt,
1027 2763 1142 2799 Irene
1169 2768 1410 2809 aegrotante
1437 2768 1476 2799 et
1503 2764 1542 2799 in
1570 2764 1740 2798 nedibus

244 2811 328 2846 suis
355 2810 649 2846 Eleutherianis
676 2810 962 2857 decumbente5
1001 2822 1048 2847 ae
1079 2812 1318 2847 satellitibus
1345 2811 1536 2847 dixerunt
1562 2822 1605 2847 se
1632 2822 1656 2846 a
1683 2822 1739 2847 re·
1754 2812 1800 2847 28

244 2858 342 2904 gina
368 2857 421 2893 ad
450 2857 720 2904 Nicephorum
747 2869 790 2894 re
824 2868 885 2894 em
913 2858 1210 2905 designandum
1237 2860 1380 2895 missos
1405 2869 1506 2904 esse,
1544 2863 1589 2895 ut
1621 2860 1740 2906 patri-

245 2906 331 2941 eiua
348 2905 490 2941 Mitius
507 2915 595 2941 eam
615 2915 764 2953 cogere
811 2907 986 2943 esineret
1010 2907 1173 2943 fratrem
1201 2916 1318 2943 suum
1345 2907 1563 2954 designare
1589 2916 1740 2954 regem.

245 2952 304 2990 Im
331 2953 428 2990 viris
454 2953 633 3001 patriciis
659 2954 711 2991 ob
737 2963 878 2991 eorum
906 2954 1145 3003 dignitatem
1173 2954 1250 2992 fide
1269 2955 1406 2992 habita
1426 2955 1500 3004 ipsi
1519 2955 1639 2992 etiam
1658 2955 1801 2994 una29
