2054 3282
525 244 810 292 MicflAfims
836 251 1120 292 EXPEDITIO
1147 249 1389 289 ARABICA.
1633 249 1704 288 395

206 380 391 436 πρώτως
420 380 633 436 ὑπηνήτης
676 379 903 436 γινόμενος,
946 379 1017 423 καὶ
1052 377 1173 422 πόλιν
1208 378 1350 422 αὑτῶν
1385 376 1434 420 τὰ
1470 375 1704 431 Σαμόσατα

211 449 331 504 (αὕτη
377 448 423 492 δὲ
464 453 551 492 τῶν
591 449 962 504 παρευφρατιδίων
1006 447 1103 503 ἐστί)
1148 447 1387 502 πολιορκεῖν
1429 446 1704 502 ἐπεχείρησεν.

208 519 250 561 οῖ
276 517 314 561 δ’
331 517 581 574 ’Ῑσμαηλῒται
611 523 684 574 τῆς
713 518 879 565 πόλεως
909 516 982 565 τὰς
1011 517 1147 564 πύλας
1176 520 1262 564 τοῖς
1290 516 1587 570 πολιορκοῦσιν
1617 515 1704 557 ἐπι·
1719 513 1742 549 9

209 588 471 643 ζυγώσαντες
509 587 625 635 ἐντὸς
661 588 822 642 ἔμενον,
868 586 1041 642 δόκησιν
1080 585 1262 633 διδόντες
1292 585 1433 632 αὑτοῖς
1463 585 1526 632 ὡς
1557 583 1705 627 δειλαι-

172 654 376 711 5νόμενοι
407 656 531 699 ἔνδον
560 660 635 699 τοῦ
665 655 890 711 περιβόλου
922 654 1186 698 συνέκλεισαν
1217 654 1402 701 ἑαυτούς.
1462 656 1584 696 τοῦτο
1610 651 1707 700 τοὺς
1723 651 1769 687 10

203 724 441 780 Ῥωμαίους
471 725 528 772 εἰς
560 725 722 779 θράσος
753 725 915 780 ἤνεγκε,
947 724 1019 766 καὶ
1040 723 1355 778 ἀπερισκέπτως
1375 723 1615 778 ἐσκήνωντο
1637 721 1708 764 καὶ

209 793 465 849 ἀφυλάκτως
494 793 746 836 ἐσκίδναντο.
808 792 874 836 ἐπὶ
903 792 1006 847 τρισὶ
1039 791 1077 835 δ’
1110 792 1286 847 ἡμέραις
1306 790 1605 846 ὑποκριθέντες
1626 790 1706 832 δει-
1724 789 1765 825 11
1787 787 1818 826 C

209 862 300 905 λίαν
330 862 372 905 οἱ
401 862 449 905 ἐκ
479 866 552 918 τῆς
573 862 706 917 ’Ἀγαρ
743 861 908 915 ἀθρόον
943 860 1016 908 τὰς
1057 861 1192 908 πύλας
1235 860 1562 906 ἀναπετάσαντες
1603 856 1707 913 μετὰ

52 978 55 981 Ὺ
210 930 349 987 ῥύμης
392 931 584 986 σφοδρᾶς
619 931 691 973 καὶ
728 930 973 984 ἀλαλαγμοῦ
1009 934 1070 984 τῷ
1100 933 1186 972 τῶν
1211 929 1450 984 Ῥωμαίων»
1466 928 1601 970 ἐπίασι
1631 927 1707 982 χά-

36 1007 57 1062 „⁹
83 999 199 1038 1V10
210 1011 328 1055 ρακι·
361 999 431 1042 καὶ
464 999 602 1046 οὐδεὶς
632 1000 786 1055 ὑπέστη
818 998 893 1054 τὴν
922 999 1084 1041 τούτων
1115 998 1267 1053 ὁρμήν,
1304 996 1413 1051 πρὸς
1445 995 1637 1051 δρασμὸν
1668 992 1706 1038 δ’
1725 992 1768 1028 12

44 1067 46 1070 ’
139 1093 141 1096 <
211 1069 253 1111 οῖ
285 1068 436 1116 πάντες
474 1068 646 1111 ἆπεῖδον
682 1067 754 1110 καὶ
796 1066 1215 1122 καταλαμβανόμενοι
1260 1067 1299 1108 οἱ
1341 1065 1418 1120 μὲν
1461 1065 1705 1120 ἀνῃροῦντο,
1721 1060 1917 1099 W111128

211 1137 253 1180 οῖ
283 1134 321 1179 δ’
355 1137 630 1191 ἐζωγροῦντο.
692 1136 759 1178 ὅτε
790 1135 862 1178 καὶ
893 1136 934 1178 οῖ
954 1136 1181 1190 ΙΙΙανιχαῒοι
1201 1138 1287 1182 τοῖς
1301 1133 1574 1189 Ἰσμαηλίταις
1600 1148 1706 1187 συμ-
1722 1130 1768 1167 13

210 1209 444 1262 μαχοῦντες
485 1204 666 1252 πολλοὺς
703 1208 789 1247 τῶν
826 1204 1044 1259 ἐπιφανῶν
1083 1203 1330 1259 ἐζώγρησαν
1363 1205 1607 1257 στρατηγῶν
1637 1200 1709 1243 καὶ

211 1275 443 1330 χρημάτων
474 1273 627 1320 αὐτοὺς
656 1273 854 1329 μεγάλων
885 1273 1104 1316 ἀπέδοντο.
1165 1271 1254 1315 τότε
1285 1271 1422 1314 τοίνυν
1451 1275 1607 1326 μικροῦ
1639 1269 1710 1312 καὶ
1725 1267 1770 1304 14

153 1344 198 1381 15
212 1343 237 1385 ὁ
267 1342 459 1399 βασιλεὺς
489 1344 541 1385 ἂν
571 1342 739 1398 ἐλήφθη
772 1342 909 1391 αὐτός,
941 1342 980 1384 εἰ
1003 1340 1063 1396 μὴ
1089 1345 1139 1396 τῇ
1159 1344 1350 1396 ταχυτῆτι
1369 1344 1443 1382 τοῦ
1465 1340 1593 1381 ἱππου
1615 1336 1760 1386 τοὺςῙ)

210 1411 438 1466 πολεμίους
458 1411 749 1466 ὑπεκδραμὼν
780 1410 1048 1453 διασέσωστο.
1105 1409 1272 1464 ἐλήφθη
1297 1408 1342 1451 δὲ
1363 1407 1410 1450 τὸ
1432 1407 1712 1462 στρατόπεδον
1726 1405 1771 1443 15

213 1479 286 1523 καὶ
316 1481 342 1535 ἡ
374 1479 564 1535 βασιλικὴ
598 1479 730 1535 σκηνὴ
763 1478 835 1521 καὶ
856 1480 881 1534 ἦ
903 1478 1012 1534 πρὸς
1035 1478 1265 1534 ὑπηρεσίαν
1284 1481 1358 1520 τοῦ
1379 1477 1585 1532 βασιλέως
1605 1476 1711 1518 ἀπο-

212 1547 341 1604 σκευὴ
373 1548 445 1591 καὶ
479 1547 605 1591 τᾶλλα
643 1548 778 1590 πάντα
819 1547 1059 1603 διήρπαστο.
1120 1546 1210 1589 τότε
1239 1545 1318 1601 μὲν
1349 1544 1425 1588 οὑν
1455 1546 1714 1600 ὑπέστρεψεν

212 1616 238 1660 δ
268 1617 453 1673 Μιχαήλ.

287 1706 306 1741 1
332 1710 474 1750 πρῶτος
500 1704 530 1741 C
638 1706 823 1751 γενόμενος
849 1704 897 1750 D,
925 1715 1026 1741 corr.
1053 1704 1122 1743 Dw
1237 1703 1270 1739 1.
1296 1703 1318 1738 2
1342 1703 1444 1738 πόλιν
1468 1701 1565 1744 αὐτῷ
1593 1727 1713 1737 .....

285 1753 370 1789 αὐτὸ
396 1752 435 1789 δὲ
460 1757 532 1788 τῶν
558 1752 606 1797 D,
633 1763 735 1789 corr.
763 1756 802 1789 et
829 1753 957 1799 suppl.
985 1752 1054 1791 Dw
1159 1751 1183 1787 2
1206 1751 1518 1796 παρευφρατιδίων
1544 1747 1713 1795 prDi‚

283 1801 576 1847 παριφρατιδίων
601 1799 668 1837 AC
792 1800 1014 1846 ἐπεχείρησεν
1039 1799 1152 1846 Awp‚
1178 1799 1348 1845 ἐπεχείρει
1375 1797 1448 1842 BC,
1474 1797 1645 1843 ἐπιχειρεῖ
1665 1796 1713 1841 D,

284 1848 497 1894 ε’πεχείρισεν
527 1849 556 1883 Ε
731 1849 754 1885 3
780 1849 988 1894 ἰσμαηλήται
1017 1847 1095 1890 ΑΕ,
1123 1847 1319 1892 ῖσμαηλίται
1344 1845 1454 1891 Οννῐ),
1481 1855 1582 1881 corr.
1610 1843 1666 1880 Di

284 1896 319 1932 3.
344 1895 367 1932 4
392 1895 667 1942 ἐπιζυγώσαντες
694 1923 926 1932 .........
952 1896 1136 1942 ἐκδίκησιν
1162 1896 1279 1934 δόντες
1305 1894 1353 1938 D,
1389 1904 1491 1929 corr.
1519 1897 1557 1929 et
1583 1892 1713 1938 suppl.

285 1943 355 1982 Dw
452 1943 474 1979 5
501 1948 595 1980 ante
612 1945 713 1979 ἔνδον
731 1944 822 1979 add.
842 1944 902 1979 καὶ
921 1943 988 1982 Dw
1086 1944 1119 1979 5.
1146 1943 1168 1979 6
1194 1948 1264 1982 τοῖς
1289 1942 1462 1987 ῥωμαίοις
1489 1940 1521 1977 Ο
1618 1940 1640 1974 G
1666 1940 1714 1979 εἷς

287 2002 363 2027 om.
391 1991 422 2028 Ο
519 1993 624 2036 ἐνῆκε
650 1991 748 2038 pr
845 1992 994 2027 ἐκείνων
1019 2006 1053 2027 τε
1082 1991 1128 2031 D.
1155 1990 1357 2036 ἐσκήνωντο
1384 2000 1485 2025 corr.
1505 1988 1585 2031 Dw‚
1611 1987 1713 2033 ἐσκή-

286 2053 386 2075 νοντο
412 2038 461 2085 p*
559 2040 580 2075 7
606 2039 860 2084 ὑποκριθέντος
884 2039 929 2082 D,
957 2050 1059 2075 corr.
1079 2038 1146 2077 Dw
1244 2039 1267 2074 8
1292 2039 1328 2073 οἱ
1349 2037 1518 2083 ἀγαρηνοὶ
1545 2036 1712 2081 Ewap

334 2090 430 2122 ante
454 2086 542 2132 μετὰ
568 2086 659 2123 add.
686 2087 746 2123 καὶ
773 2087 804 2122 Ε
879 2087 925 2122 10
948 2087 1066 2132 ῥύμην
1090 2086 1126 2121 D
1201 2086 1328 2130 δριμύν
1355 2084 1440 2128 (sic)
1461 2083 1491 2120 C
1567 2083 1610 2118 12
1635 2097 1713 2118 συν·

287 2134 518 2181 επαρήγοντες
537 2134 580 2179 O,
608 2145 723 2180 opem
744 2135 938 2170 ferentes:
963 2135 1031 2171 Wo
1053 2135 1119 2170 lat.
1221 2133 1264 2168 15
1291 2133 1332 2169 ἂν
1349 2131 1508 2178 ἐλήφθη]
1526 2131 1712 2176 ἀνελήφθη

288 2181 318 2219 C
352 2181 550 2266 XV11161137&
573 2188 666 2265 ἐνδεῖ
690 2183 924 2228 στρατόπεδον
950 2182 980 2217 Β
1107 2182 1152 2217 18
1178 2180 1282 2216 τᾶλλα
1308 2179 1386 2224 AC,
1413 2180 1518 2215 τᾶλλα
1545 2176 1713 2224 prDi,

289 2240 326 2265 v.
539 2257 547 2275 ‚

220 2312 407 2348 obsidere
434 2312 685 2358 aggreditur.
738 2312 964 2347 Ismaiilitae
992 2322 1088 2347 vero
1108 2312 1220 2347 urbis
1240 2311 1365 2355 portis
1383 2310 1566 2345 vectibus
1586 2308 1713 2345 ocolu-
1727 2305 1749 2341 9

216 2361 270 2396 sis
308 2361 412 2395 intra
448 2360 590 2395 urbem
617 2364 792 2404 manent,
832 2359 1014 2395 hostibus
1052 2359 1330 2395 obsidentibus
1358 2358 1588 2403 opinionem
1621 2357 1714 2391 affe-

217 2411 362 2450 rentes,
401 2408 514 2453 quasi
555 2408 752 2449 timerent,
791 2418 839 2443 no
878 2407 985 2452 quod
1025 2418 1068 2442 se
1108 2406 1231 2442 muris
1269 2409 1491 2441 tuerentur.
1556 2404 1611 2439 Ea
1650 2414 1715 2439 res
1731 2400 1776 2436 10

217 2454 408 2491 Romanis
430 2456 545 2491 auxit
563 2454 789 2498 audaciam,
816 2459 860 2490 ut
887 2458 927 2490 et
953 2454 1250 2489 inconsiderate
1278 2454 1452 2489 tentoria
1480 2452 1650 2498 figerent
1676 2456 1715 2487 et

216 2507 367 2538 temere
394 2502 638 2549 palarentur.
689 2502 868 2546 Agaroni
904 2512 1000 2537 voro
1035 2502 1178 2537 timore
1212 2511 1283 2547 per
1310 2500 1487 2536 triduum
1515 2495 1771 2541 si1nulnto,11

218 2549 379 2585 tandem
409 2551 542 2632 Kortia
574 2550 760 2585 omnibus
787 2550 920 2585 subito
948 2550 1099 2595 apertis
1125 2558 1214 2584 cum
1242 2549 1392 2594 impetu
1421 2547 1647 2583 vehementi
1675 2550 1714 2582 et

218 2597 393 2633 elamore
445 2608 679 2633 omanorum
701 2601 833 2633 castra
852 2604 946 2632 sunt
964 2597 1167 2642 aggressu
1190 2606 1322 2641 neque
1341 2596 1552 2641 quisquam
1574 2603 1713 2629 eorum
1731 2591 1775 2626 12

217 2645 407 2690 impetum
435 2645 636 2687 sustinuit,
663 2645 733 2680 sed
762 2649 900 2690 rugam
931 2646 1113 2679 recerunt
1139 2644 1271 2679 cuncti
1298 2648 1421 2688 atque
1452 2642 1503 2677 ab
1534 2642 1715 2677 hostibus

219 2693 399 2738 oppressi
421 2694 564 2738 partim
586 2693 824 2734 caeduntur,
853 2693 995 2737 partim
1017 2692 1245 2737 capiuntur.
1296 2690 1518 2726 Manichaei
1539 2699 1715 2734 quoquo,
1731 2686 1775 2721 13

219 2739 512 2775 ismaiiiitarum
540 2740 649 2783 socii,
678 2740 823 2775 multos
850 2739 1023 2774 illustros
1050 2739 1175 2774 (lucos
1203 2743 1342 2783 captos
1361 2747 1511 2781 inagna
1539 2736 1714 2782 pecunia

219 2786 500 2823 vendiderunt.
551 2787 633 2823 ch
670 2787 836 2823 multum
875 2793 957 2822 tum
998 2787 1111 2828 afuit,
1153 2786 1247 2831 quin
1277 2796 1346 2821 rex
1377 2786 1461 2830 ipso,
1488 2787 1713 2830 caperetur,
1730 2781 1775 2816 14

220 2834 293 2869 nini
323 2834 415 2879 equi
442 2836 657 2870 veiocitaw
684 2834 866 2870 hostibus
885 2834 1046 2869 evitatis
1064 2834 1271 2869 (evasisset.
1322 2832 1463 2869 Castra
1491 2835 1529 2867 et
1557 2832 1713 2875 regriuin
1732 2829 1776 2865 15

219 2882 524 2918 tubernaculum
558 2893 647 2918 cum
676 2883 781 2917 omni
826 2882 939 2927 mugio
967 2886 1168 2926 appan-:itu
1207 2888 1327 2927 eaput
1365 2883 1459 2917 sunt
1497 2884 1715 2927 ceteraque

220 2928 378 2977 direpta
406 2930 550 2967 omnia.
601 2929 660 2967 Ae
687 2935 769 2967 tum
798 2930 963 2967 recessit
989 2928 1170 2966 Miehaffl,
