2054 3282
337 241 405 280 142
742 238 924 279 zoNAR.
952 237 1082 277 EPIT.
1109 236 1200 277 xiv
1226 237 1260 286 4,
1287 236 1439 275 14-26.

334 368 391 412 εἷς
421 365 495 421 τὴν
525 365 644 407 πόλιν
676 364 884 418 ἐκόμιζον,
917 364 1021 417 τάχα
1054 364 1105 403 ἂν
1126 362 1236 416 λιμῷ
1258 363 1297 403 οἱ
1318 362 1362 403 ἒν
1383 362 1488 417 αὐτῇ
1509 362 1831 418 κατηνάλωνται.

273 441 318 475 15
333 438 454 476 τοῦτο
492 434 558 475 ἐπὶ
594 433 743 488 καιρὸν
781 436 996 486 κρατῆσαν
1032 435 1117 477 τοῖς
1152 434 1237 472 τῶν
1273 435 1430 472 κοινῶν
1467 436 1727 485 φροντισταῖς
1764 433 1830 474 διὰ

274 510 318 545 16
333 503 557 557 φροντίδος
600 503 769 556 ἐγένετο.
832 500 1104 554 ὗπετοπάσθη
1149 500 1286 541 τοίνυν
1328 500 1444 554 παρά
1487 516 1561 541 του
1604 500 1650 542 τὸ
1690 503 1830 556 αἴτιον,

331 572 402 612 καὶ
433 571 715 625 προσήγγελτο
752 574 836 614 τοῖς
875 569 937 614 οἷς
973 569 999 622 ἡ
1038 572 1124 609 τῶν
1159 573 1232 622 τῆς
1267 568 1432 614 πόλεως
1469 569 1601 610 ἀνεῖτο
1645 571 1830 623 φροντίς·

274 648 317 683 17
331 640 401 681 καὶ
440 639 488 680 τὰ
521 639 775 693 θραύσματα
806 642 878 691 τῆς
909 636 1010 691 νηὸς
1042 637 1200 691 ἐκείνης
1232 638 1460 691 ζητηθέντα
1493 638 1729 692 εὑρέθησαν
1759 639 1866 683 καὶὸ

330 709 455 762 ταύτῃ
490 707 829 761 ἀποκατέστησάν
860 722 901 746 τε
937 705 1008 746 καὶ
1045 706 1414 760 συνηρμόσθησαν,
1459 707 1530 747 καὶ
1561 707 1587 748 ὁ
1616 707 1748 754 πλοῦς
1778 707 1830 762 ἧν

330 782 414 823 τοῖς
451 776 610 821 πλοίοις
647 775 865 821 ἀκώλυτος
901 774 972 815 καὶ
1008 774 1136 828 μεστὴ
1175 774 1336 815 τούτων
1373 775 1644 817 εἰσπλεόντων
1682 777 1708 831 ἡ
1746 777 1829 818 θά-

273 854 318 889 18
330 846 473 886 λασσα.
536 845 599 885 ἵνα
642 844 687 885 δὲ
727 848 860 897 γνοῖεν
898 844 935 884 εἰ
967 847 1089 884 τοῦτο
1125 847 1199 884 τοῦ
1235 847 1321 884 τῶν
1351 844 1510 885 πλοίων
1541 845 1708 886 εἴσπλου
1739 846 1828 887 κώ-

330 914 441 967 λυμα
474 912 537 967 ἦν,
570 912 788 967 ἀφῄρηντο
820 910 945 958 αὖθις
975 911 1024 952 τὰ
1055 912 1164 966 μέρη
1197 916 1268 966 τῆς
1299 912 1401 966 νηὸς
1433 913 1610 967 ἐκείνης·
1643 913 1714 954 καὶ
1736 914 1830 955 ὅσαι

288 985 415 1027 culm
445 985 554 1023 νεῶν
586 982 640 1022 ἔτι
671 980 779 1035 ἦσαν
810 980 1081 1028 εἶσπλέουσαι,
1112 980 1349 1034 πνεύματος
1378 980 1503 1027 αὖθις
1522 982 1593 1036 βίᾳ
1616 983 1829 1036 γεγόνασιν
1845 993 1891 1028 10

272 1060 316 1095 19
331 1050 648 1105 ὀπισθόρμητοι.
711 1050 903 1091 ἐντεῦθεν
934 1049 1257 1103 ἔβεβαιώθησαν
1288 1049 1335 1090 ἐκ
1366 1053 1440 1090 τοῦ
1464 1050 1735 1105 θραυσθῆναι
1755 1051 1829 1106 τὴν

329 1119 490 1173 χαλκῆν
526 1123 605 1173 νῆα
645 1119 805 1173 ἐκείνην
841 1118 915 1172 τὴν
952 1118 1157 1172 κωλύμην
1195 1118 1379 1171 γίνεσθαι
1415 1122 1488 1159 τοῦ
1521 1120 1577 1164 εἷς
1607 1119 1680 1174 τὴν
1710 1120 1829 1161 πόλιν

330 1188 497 1229 εἴσπλου
529 1191 614 1229 τῶν
644 1188 804 1229 πλοίων
835 1190 920 1228 τῶν
951 1190 1194 1241 φορτηγῶν,
1227 1186 1297 1227 καὶ
1329 1186 1402 1241 τὴν
1433 1191 1536 1228 ναῦν
1561 1188 1720 1242 ἐκείνην
1741 1189 1826 1229 ἔπι-

327 1257 493 1310 μελείας
524 1256 775 1304 ἀξιώσαντες
806 1256 1077 1297 ἀνεκαίνισαν.

269 1337 316 1372 20
448 1324 548 1380 Πρὸ
578 1329 734 1379 μικροῦ
768 1325 813 1366 δὲ
844 1329 916 1379 τῆς
943 1324 1130 1378 τελευτῆς
1150 1324 1279 1365 αὐτοῦ
1303 1323 1574 1372 Ἆναστάσιος,
1606 1325 1827 1380 ἐπιβουλῆς
1841 1334 1887 1370 15

330 1394 447 1448 αὐτῷ
476 1394 748 1448 μηνυθείσης,
782 1394 953 1447 συνέσχε
983 1393 1174 1441 πολλούς,
1210 1393 1285 1434 σὺν
1316 1394 1378 1439 οἷς
1408 1394 1479 1435 καὶ
1511 1393 1726 1436 Ἰουστῒνον
1757 1396 1827 1436 καὶ

269 1470 310 1506 21
331 1462 625 1510 Ἰουστιτίανόν,
669 1461 740 1503 καὶ
779 1460 831 1516 ἦν
869 1462 1043 1516 γνώμης
1080 1461 1278 1503 ἀπολέσαι
1322 1462 1492 1508 αὐτούς’
1537 1463 1736 1518 ἐκωλύθη
1782 1464 1828 1505 δὲ

331 1601 375 1637 15
400 1601 479 1646 περὶ
503 1605 575 1637 τῶν
603 1601 692 1647 (om.
720 1599 771 1646 A)
797 1601 986 1645 ὀνειράτων
1012 1600 1063 1635 ὧν
1087 1599 1179 1635 εἶδεν
1203 1601 1224 1635 ὁ
1241 1601 1461 1640 Ἀναστάσιος
1486 1600 1587 1637 ACE

403 1731 421 1766 1
449 1731 524 1776 τάχ’
543 1729 700 1767 BCEDi
796 1732 1045 1777 κατηνάλωντο
1063 1729 1231 1776 prDi‚
1261 1741 1297 1766 V.
1321 1731 1463 1767 Zonar.
1490 1732 1507 1767 I
1534 1743 1571 1778 p.
1597 1732 1677 1776 464,
1707 1731 1760 1767 12.
1789 1731 1826 1766 II

403 1790 440 1825 p.
455 1780 512 1823 79,
528 1779 584 1814 17.
598 1778 690 1814 XIV
703 1779 735 1824 7,
750 1779 773 1815 3
853 1780 876 1814 3
889 1779 1017 1825 ἐγίνετο
1031 1779 1063 1814 Ε
1144 1778 1272 1823 τοίνυν]
1290 1780 1385 1814 τοιΙ)
1459 1780 1482 1815 4
1496 1781 1518 1826 ἢ
1531 1785 1602 1815 τῶν
1616 1786 1677 1825 τῆς
1688 1781 1826 1818 πόλεως

403 1825 619 1873 ABstDi‚
646 1827 668 1872 ἦ
694 1832 754 1871 τῆς
778 1827 915 1866 πόλεως
942 1827 983 1869 Ε,
1010 1829 1046 1862 οἱ
1067 1832 1136 1863 τῶν
1161 1828 1299 1862 πόλεων
1326 1827 1372 1872 D,
1403 1829 1440 1862 οἵ
1461 1833 1532 1863 τῶν
1553 1833 1612 1873 τῆς
1628 1828 1764 1866 πόλεως
1791 1839 1825 1862 w

402 1875 424 1908 ὃ
451 1878 546 1911 ante
570 1874 654 1920 νηὸς
681 1875 772 1910 add.
798 1876 935 1920 χαλκῆς
962 1874 1059 1920 pr
1193 1879 1288 1911 ante
1315 1876 1508 1921 ζητηθέντα
1535 1876 1626 1910 add.
1653 1876 1825 1920 ἐπιμελῶς

404 1922 501 1970 pr
633 1923 655 1957 6
680 1923 768 1968 αὐτῇ
793 1923 891 1969 pr
1011 1924 1337 1968 προςηρμόσθησαν
1363 1924 1460 1969 pr
1594 1924 1614 1959 7
1639 1924 1769 1961 πλείοις
1796 1923 1824 1958 C

402 1972 425 2005 8
450 1977 560 2016 γνοῖεν
586 1969 633 2015 Α,
659 1976 771 2016 γνοῖεν
795 1970 958 2017 ἀκριβῶς
983 1970 1082 2016 pr
1215 1971 1327 2016 τοῦτο]
1355 1977 1415 2006 τοῦ
1441 1972 1476 2005 D
1611 1974 1701 2017 post
1725 1977 1826 2006 τοῦτο

403 2019 494 2054 add.
523 2019 571 2058 ὥς
596 2019 743 2064 ἀληθῶς
769 2018 867 2064 pr
977 2019 999 2054 9
1024 2019 1141 2054 ἐκεῖνα
1167 2018 1264 2054 ΒΟΕ
1378 2020 1424 2054 10
1447 2024 1546 2065 νηῶν
1569 2019 1669 2064 pr
1778 2020 1825 2053 ἔτι

401 2067 490 2112 ἦσαν
515 2066 595 2111 ΑΕ,
620 2067 743 2111 ἔτυχον
769 2068 842 2101 τότε
869 2066 966 2113 pr
1075 2067 1119 2101 12
1143 2067 1279 2112 χαλκῆν
1307 2078 1382 2102 om.
1409 2067 1445 2102 D
1558 2067 1601 2102 15
1627 2070 1722 2102 ante
1746 2067 1825 2102 ἀνα-

402 2115 540 2154 στάσιος
567 2114 659 2150 add.
685 2116 705 2149 ὁ
727 2114 890 2161 βασιλεὺς
916 2114 1014 2160 pr
1191 2116 1234 2150 17
1262 2118 1352 2160 post
1377 2115 1603 2150 ἰουστινιανόν
1629 2115 1719 2150 add.
1746 2114 1826 2154 τοὺς

400 2162 486 2207 μετὰ
512 2168 617 2198 ταῦτα
642 2163 928 2208 αὐταρχήσαντας
954 2162 1063 2208 pr‚
1091 2174 1128 2198 v.
1157 2163 1270 2198 Cedr.
1300 2163 1317 2198 I
1343 2174 1380 2209 p.
1407 2163 1487 2208 635,
1513 2165 1599 2199 858.

272 2308 316 2343 15
331 2307 503 2342 fortasse
534 2307 641 2341 fame
674 2305 875 2352 absumpti
908 2308 1052 2341 essent.
1104 2305 1216 2346 Quae
1248 2315 1312 2340 res
1344 2315 1434 2340 cum
1465 2316 1537 2351 per
1563 2310 1720 2352 tempus
1746 2317 1825 2342 ma—

271 2356 316 2390 16
330 2358 455 2398 neret,
474 2355 721 2400 reipublicae
741 2354 996 2389 curatoribus
1015 2363 1137 2388 curae
1156 2354 1242 2388 fuit.
1277 2353 1513 2399 Suspicione
1532 2354 1658 2399 igitur
1675 2364 1824 2390 causae

273 2404 315 2438 17
331 2406 420 2437 orta
446 2406 486 2438 et
510 2403 697 2437 nuntiata
723 2402 1040 2447 magistratibus,
1076 2402 1298 2446 navigatio,
1335 2412 1424 2436 cum
1451 2402 1681 2446 fragmenta
1707 2404 1824 2438 navis

330 2450 436 2485 illius
462 2451 646 2495 quaesita
673 2453 712 2485 et
730 2450 897 2484 inventa
915 2452 954 2484 et
971 2453 1130 2485 statuae
1150 2449 1308 2483 reddita
1328 2453 1449 2494 atque
1468 2449 1660 2484 adiuncta
1679 2454 1823 2494 essent,

331 2501 418 2533 erat
443 2499 618 2533 navibus
645 2497 837 2543 expedita
862 2498 929 2541 ita,
957 2500 1001 2532 ut
1021 2507 1132 2532 mare
1150 2497 1346 2542 repletum
1366 2501 1470 2532 esset
1488 2497 1664 2541 navigiis
1681 2498 1823 2533 urbem

272 2547 316 2581 18
330 2545 638 2591 appellentibus.
689 2545 742 2580 Ut
767 2548 903 2580 autem
931 2548 1234 2590 cognoscerent,
1269 2554 1366 2579 num
1393 2544 1468 2579 hoe
1494 2544 1822 2589 impedimentum

331 2596 436 2628 esset
462 2594 629 2628 navium
656 2593 1000 2639 appellendarum‚
1028 2592 1172 2627 ablatIs
1198 2593 1342 2627 iterum
1369 2593 1487 2627 navis
1506 2592 1609 2627 illius
1628 2593 1822 2637 partibus,

331 2650 602 2686 quaeeunque
618 2651 746 2676 naves
766 2644 882 2675 erant
899 2640 1156 2686 appulsu1·ae‚
1183 2640 1294 2675 venti
1316 2640 1460 2674 iterum
1480 2641 1519 2675 vi
1539 2640 1822 2676 reiciebantur.

273 2689 316 2724 19
331 2689 601 2731 Quamobrem
629 2699 718 2724 eum
746 2689 911 2734 planum
938 2691 1042 2724 esset
1068 2688 1198 2722 fracta
1224 2697 1330 2723 nave
1352 2688 1419 2722 illa
1438 2698 1566 2723 aenea
1585 2697 1711 2723 naves
1731 2699 1822 2724 one-

329 2737 458 2772 rai-ias
485 2746 572 2772 esse
599 2737 821 2782 prohibitas
847 2736 887 2770 in
913 2736 1054 2771 urbem
1085 2735 1233 2780 invehi,
1271 2746 1417 2770 navem
1450 2736 1556 2770 illam
1589 2736 1721 2771 studio
1755 2737 1821 2771 ad-

330 2785 454 2819 hibito
481 2787 797 2820 renovaverunt.

270 2831 318 2867 20
448 2831 589 2866 Paullo
623 2835 718 2867 ante
751 2832 903 2867 obit-um
929 2829 1168 2866 Anastasius
1201 2830 1342 2866 delatis
1368 2831 1523 2866 insidiis
1549 2832 1694 2866 multos
1721 2842 1823 2866 com-

331 2879 542 2925 prehendit
568 2883 692 2925 atque
718 2881 823 2915 inter
849 2879 948 2914 alios
975 2878 1172 2915 Iustinum
1203 2882 1242 2914 et
1268 2879 1552 2924 Iustinianum3
1592 2889 1693 2924 quos
1720 2883 1823 2925 post-

270 2926 313 2962 21
332 2937 451 2973 quam
480 2928 675 2972 cogitavit
703 2927 898 2971 occidere,
932 2927 1086 2962 somnio
1114 2926 1329 2972 impeditus
1356 2930 1426 2972 est,
1454 2936 1543 2962 cum
1572 2927 1633 2961 vir
1659 2927 1821 2972 quidam

2046 130 2054 142 ,Α
2046 103 2054 119 ;
2028 0 2054 91 „tamin
