2054 3282
224 215 520 273 HERACLIVS
538 216 852 256 IMPERATOR.
891 214 1143 264 SCYTHAE,
1160 213 1380 264 AVARES,
1398 214 1609 255 PERSAE.
1652 214 1723 254 205

223 343 463 397 φερομένου
509 342 554 383 δὲ
596 346 669 383 τοῦ
713 341 864 396 ταύτης
901 344 1054 395 νεκροῦ
1090 341 1318 396 βασιλικῶς
1357 340 1423 382 διὰ
1460 345 1533 395 τῆς
1564 340 1724 395 ἀγορᾶς

223 410 332 466 κόρη
374 427 433 457 τις
474 410 776 464 προκύπτουσα
820 410 1041 465 βάρβαρος
1076 409 1258 464 τυχαίως
1297 409 1518 463 ἀπέπτυσε,
1563 409 1634 450 καὶ
1676 408 1723 451 τὸ
1738 411 1767 448 C

222 480 390 534 πτύσμα
428 481 484 525 εἷς
521 479 596 534 τὴν
633 479 789 533 κλίνην,
835 475 887 519 δι’
922 477 972 533 ἧς
1002 479 1221 533 ἐξεφέρετο
1253 479 1278 532 ἡ
1315 478 1549 532 Αύγούστα,
1594 479 1722 532 κατή-

223 560 361 590 νεκτο·
393 548 464 589 καὶ
495 548 779 602 συλληφθεῖσα
812 548 838 601 ἡ
871 548 979 601 κόρη
1008 547 1188 601 ἐκαύθη,
1220 547 1546 601 προσενεχθεῖσα
1569 551 1618 601 τῇ
1640 547 1722 588 θα-

186 617 352 671 5νούσῃ
384 617 475 658 λίαν
507 616 674 670 οἰκτρὸν
704 616 930 670 ἐπιτάφιον.
993 615 1018 657 ὁ
1046 616 1094 657 δέ
1114 632 1159 670 γε
1176 615 1422 670 Ἡράκλειος
1444 615 1572 669 ἔγημε
1593 614 1721 669 ,Μαρ-
1738 619 1780 654 11

221 689 333 727 τῖναν
363 685 437 740 τὴν
468 685 758 739 ἇδελφόπαιδα
790 685 862 726 καὶ
895 685 1142 739 Αὐγούσταν
1173 684 1304 739 αὐτὴν
1334 684 1602 738 ἀνηγόρευσε.

344 753 426 796 Τοῦ
446 755 587 809 μέντοι
608 753 812 807 Χοσρόου
834 754 906 795 καὶ
926 757 1012 795 τῶν
1032 753 1218 807 Περσῶν
1243 754 1441 807 ἀκρατῶς
1471 754 1724 808 φερομένων
1739 756 1784 792 12

221 823 291 865 καὶ
312 823 445 864 πάντα
467 822 791 877 λεηλατούντων,
813 823 1007 876 πρέσβεις
1029 823 1053 863 ὁ
1074 822 1266 876 βασιλεὺς
1285 822 1395 876 πρὸς
1416 821 1544 863 αὐτὸν
1564 822 1722 870 ἔστειλε,

222 892 355 945 κόρον
400 892 540 946 λαβεῖν
585 907 685 933 ποτε
727 895 800 945 τῆς
842 895 928 932 τῶν
972 891 1222 944 ἀνθρώπων
1264 891 1437 946 φθορᾶς
1480 891 1611 939 ἀξιῶν
1653 891 1725 932 καὶ

165 965 211 1000 10
223 960 470 1002 σπείσασθαι
515 959 580 1001 ἐπὶ
622 959 855 1014 συνθήκαις
896 959 1071 1013 ἐτησίων
1110 959 1300 1014 δασμῶν.
1364 960 1388 1001 ὁ
1406 955 1410 958 ’
1428 959 1473 1000 δὲ
1510 959 1585 1014 τὴν
1622 975 1722 1014 πρε-

223 1029 364 1084 σβείαν
396 1029 447 1070 οὗ
478 1029 734 1083 προσήκατο.
795 1028 917 1069 πάλιν
948 1026 1025 1069 οὖν
1061 1028 1179 1082 ἑτέρα
1218 1029 1415 1082 πρεσβεία
1452 1028 1561 1081 πρὸς
1597 1027 1725 1070 αὐτὸν
1739 1032 1784 1067 13

223 1099 390 1154 εἰρήνην
414 1098 698 1151 ἐξαιτουμένη.
761 1097 786 1138 ὁ
819 1096 864 1138 δὲ
894 1096 1068 1150 Πέρσης
1098 1097 1399 1151 ὑπερηφάνους
1429 1097 1500 1138 καὶ
1530 1097 1722 1152 βλασφή-
1739 1101 1784 1135 14
1811 1100 1845 1135 D

222 1182 331 1221 μους
361 1166 434 1212 τὰς
465 1166 705 1220 ἀποκρίσεις
741 1165 956 1220 πεποίηκε,
1002 1165 1137 1219 λέγων
1174 1165 1234 1220 μὴ
1273 1166 1325 1206 ἄν
1361 1181 1462 1206 ποτε
1498 1165 1722 1220 φείσασθαι

223 1239 309 1277 τῶν
339 1238 598 1290 χριστιανῶν,
644 1235 682 1275 εἷ
713 1233 773 1288 μὴ
813 1233 885 1275 τὸν
922 1234 1243 1288 ἐσταυρωμένον
1275 1234 1523 1289 ἀρνήσαιντο
1554 1234 1626 1275 καὶ
1656 1250 1722 1276 σε-

169 1304 420 1359 15βασθῶσι
441 1303 512 1345 τὸν
533 1303 659 1358 ἥλιον.
721 1302 932 1357 ἀπογνοὺς
953 1301 1029 1344 οὖν
1055 1302 1128 1357 τὴν
1161 1303 1328 1357 εἰρήνην
1359 1303 1383 1344 ὁ
1414 1302 1605 1358 βασιλεὺς
1636 1304 1722 1345 ἐπι·
1739 1307 1783 1343 15

225 1376 465 1427 στρατεῦσαι
510 1372 702 1413 διενοεῖτο
745 1371 851 1413 κατὰ
890 1371 1094 1425 Περσῶν·
1141 1371 1206 1412 διὸ
1249 1371 1321 1412 καὶ
1358 1371 1532 1413 ἔσπευδε
1567 1371 1723 1413 θέσθαι
1739 1377 1783 1412 16

223 1441 332 1495 πρὸς
362 1441 433 1483 τὸν
463 1440 667 1495 Χαγάνον
698 1440 897 1493 σπονδάς,
928 1439 988 1494 μὴ
1023 1440 1304 1494 ἀφιστάμενον
1335 1444 1408 1481 τοῦ
1439 1440 1514 1494 τὴν
1547 1439 1724 1495 Θρᾴκην

223 1510 449 1565 ληίζεσθαι.
512 1509 668 1555 στείλας
698 1509 834 1550 τοίνυν
866 1508 975 1562 πρὸς
1007 1508 1133 1550 αὐτὸν
1159 1509 1326 1564 εἰρήνην
1346 1510 1446 1564 ᾔτει·
1480 1509 1550 1550 καὶ
1572 1509 1596 1550 ὁ
1617 1509 1722 1564 βάρ-
1739 1515 1782 1550 17

68 1581 123 1618 III
138 1581 208 1618 306
222 1579 356 1634 βαρος
393 1578 473 1620 οὐκ
511 1578 737 1619 ἀνένευσεν.
799 1577 944 1632 ἡσθεὶς
975 1576 1051 1619 οὖν
1083 1578 1107 1619 ὁ
1138 1577 1330 1632 βασιλεὺς
1361 1578 1512 1632 ἐξῆλθε
1542 1582 1614 1633 τῆς
1644 1578 1721 1619 πό-
1740 1583 1783 1618 18

222 1721 245 1755 ἶ)
270 1721 320 1755 ὅτι
345 1719 407 1766 τὴν
432 1721 524 1755 ἰδίαν
549 1718 699 1765 ἀνεψιὰν
724 1721 745 1755 ὁ
764 1719 976 1764 Ἡράκλειος
999 1720 1128 1765 ἔγημεν
1154 1719 1182 1756 C
1311 1720 1332 1756 7
1358 1721 1406 1755 ὅτι
1434 1721 1723 1766 διεπρεσβεύσατο

224 1768 490 1815 (ἐπρεσβεύσατο
519 1767 564 1808 Ε)
590 1767 678 1812 πρὸς
703 1768 871 1813 Χοσρόην
895 1769 917 1803 ὅ
941 1771 1032 1809 (om.
1052 1767 1096 1812 C)
1117 1768 1331 1813 Ἡράκλειος
1355 1768 1434 1813 περὶ
1459 1768 1613 1814 εἰρήνης,
1639 1769 1660 1804 ὁ
1685 1768 1724 1803 δὲ

222 1816 285 1863 τὴν
309 1817 497 1862 πρεσβείαν
524 1816 691 1851 ἀπώσατο
717 1815 780 1852 CE

294 1949 316 1983 4
342 1947 481 1993 ἐκαύθη
510 1946 655 1994 ΑΕΨῙ),
680 1948 766 1992 πυρὶ
789 1948 975 1993 παρεδόθη
1003 1947 1035 1984 Ο
1133 1947 1156 1983 5
1179 1950 1350 1993 μαρτίναν
1367 1947 1516 1995 Apr‚
1544 1959 1646 1984 corr.
1666 1947 1723 1983 Di

295 1998 318 2031 8
344 1995 608 2042 λεηλαλσὺντων
627 1995 662 2030 D
760 1995 936 2031 ἀπέστειλε
952 1996 989 2030 D
1087 1996 1128 2031 11
1158 2000 1249 2042 post
1273 1997 1371 2041 ἑτέρα
1398 1996 1490 2032 add.
1516 2007 1565 2031 ex
1592 1997 1723 2031 conie-

297 2049 413 2080 utura
427 2043 557 2080 Wolfli
585 2043 753 2079 στέλλεται
782 2054 855 2089 wp,
883 2044 952 2079 sed
976 2054 1011 2079 v.
1027 2043 1156 2080 XVIII
1187 2044 1242 2088 19,
1259 2045 1281 2079 3
1381 2044 1425 2079 14
1449 2044 1657 2090 ἀρνήσαιντο
1675 2044 1722 2088 Α,

296 2092 514 2137 ἀρνὴσωνται
540 2091 648 2137 Ewp,
675 2091 879 2137 ἀρνήσονται
907 2090 950 2136 R,
978 2091 1028 2127 (le
1056 2092 1238 2138 optativo
1265 2096 1303 2127 et
1331 2093 1591 2128 coniunctivo
1618 2092 1723 2127 inter

297 2150 340 2176 fle
366 2140 591 2175 coniunctis
619 2149 656 2173 v.
683 2139 735 2174 ad
759 2139 850 2175 XIV
879 2140 933 2184 10,
961 2140 1003 2174 11
1120 2140 1164 2174 16
1189 2140 1250 2175 καὶ
1277 2151 1351 2175 oni.
1380 2139 1415 2175 D
1540 2140 1583 2175 18
1609 2141 1723 2175 τοίνυν

295 2188 356 2223 καὶ
381 2187 512 2226 στείλας
538 2186 574 2222 D

225 2325 404 2373 prudens
430 2325 592 2370 deiecit3
620 2325 672 2361 ob
699 2325 807 2371 quod
823 2326 974 2361 factum
990 2325 1280 2372 comprehensa
1307 2330 1346 2362 et
1362 2329 1540 2361 cremata
1554 2326 1723 2371 reginae

226 2375 443 2411 defunctae
481 2373 696 2409 infeliciter
735 2374 976 2419 parentavit.
1027 2373 1238 2409 Heraclius
1265 2378 1355 2419 post
1381 2383 1469 2409 eam
1497 2374 1633 2409 fratris
1660 2373 1780 2409 suill

224 2423 343 2458 filiam
372 2421 585 2458 Martinam
613 2421 724 2457 ducit
750 2426 873 2466 atque
899 2419 1126 2468 Augustam
1154 2421 1313 2456 salutat.

343 2469 443 2506 Cum
469 2473 604 2505 autem
625 2468 823 2505 Chosroes
848 2475 887 2504 et
902 2468 1051 2504 Persae
1070 2470 1311 2515 impotenter
1325 2472 1561 2514 grassantes
1588 2470 1722 2504 omnia
1739 2468 1783 2504 12

227 2517 529 2564 popularentur,
568 2527 640 2552 rex
680 2526 751 2562 per
779 2518 934 2563 legatos
961 2517 1012 2552 ab
1040 2527 1087 2552 eo
1115 2518 1240 2563 petiit„
1280 2520 1324 2552 ut
1363 2516 1524 2551 tandem
1558 2517 1723 2552 interitu

226 2565 430 2602 hominum
457 2565 627 2600 satiatus
653 2574 793 2610 pacem
821 2567 975 2600 faceret
1002 2575 1222 2610 annuaque
1249 2565 1400 2600 tributa
1415 2565 1630 2613 acciperet.
1664 2564 1722 2600 Ea
1738 2563 1782 2599 13

226 2613 429 2659 iegatione
456 2611 670 2658 repudiata
707 2613 827 2648 mittit
865 2613 1031 2648 aiteram
1073 2622 1297 2658 pacemque
1338 2614 1444 2658 petit.
1497 2612 1569 2646 (Yui
1601 2611 1723 2648 Persa
1739 2611 1783 2647 14

226 2660 402 2707 superbe
440 2659 811 2705 contumelioseque
838 2660 1045 2706 respondit
1086 2671 1128 2695 se
1154 2670 1362 2705 nunquam
1403 2663 1481 2695 tem
1514 2663 1722 2695 oraturum

226 2708 472 2752 Christianis,
497 2707 572 2742 nisi
600 2708 709 2743 cruci
729 2708 853 2743 fixum
880 2708 1037 2743 infitiati
1065 2708 1186 2743 solem
1203 2707 1434 2743 adorarent.
1502 2707 1570 2742 tex
1598 2706 1783 2753 igitur-15

227 2766 326 2802 pace
353 2755 568 2802 desperata
593 2755 696 2791 bello
724 2755 869 2791 Persas
895 2755 1090 2791 invadere
1106 2756 1312 2792 constituit
1339 2760 1378 2790 et
1405 2765 1495 2790 cum
1515 2754 1723 2800 Chagano,
1739 2755 1782 2790 16

227 2804 294 2849 qui
309 2802 522 2838 Thraciam
550 2803 804 2838 continenter
831 2803 1061 2847 infestabat,
1089 2813 1228 2849 pacem
1258 2812 1431 2848 propere
1458 2803 1613 2847 facere3
1641 2805 1722 2849 qua
1739 2802 1781 2838 17

227 2861 297 2897 per
323 2851 481 2896 legatos
516 2850 641 2896 petita
667 2850 868 2886 barbarus
895 2861 976 2887 non
1003 2851 1156 2886 abnuit.
1208 2851 1265 2886 Ea
1305 2861 1348 2885 re
1387 2850 1612 2886 delectatus
1650 2860 1720 2886 rex
1739 2852 1782 2885 18

224 2900 365 2935 urbem
393 2907 583 2945 egressus
610 2903 726 2934 extra
754 2898 939 2944 Longum
968 2909 1123 2934 nmruin
1161 2909 1249 2933 cuni
1281 2899 1393 2947 regin
1421 2898 1722 2943 magnificentia
