2054 3282
377 238 446 273 ‘234
751 238 930 275 ZONAR.
959 238 1079 274 EPIT
1116 238 1206 275 XIV
1233 238 1289 283 23,
1317 238 1368 273 4-
1389 239 1444 284 ⁶24,
1471 239 1504 275 4.

370 360 617 415 Ἀγαρηνῶν
659 360 1048 414 πρωτοσύμβουλος
1095 359 1223 413 (οὕτω
1269 360 1347 413 γὰρ
1392 361 1571 403 ἐκάλουν
1614 363 1710 410 τοὺς
1749 368 1872 419 σφῶν

374 429 728 483 προεξάρχοντας)
774 429 821 469 τὰ
867 428 971 469 κατὰ
1016 429 1089 482 τὴν
1126 429 1331 483 Ἀφρικην
1374 430 1669 484 συμβεβηκότα
1713 430 1872 484 μαθὼν

375 498 446 538 καὶ
477 499 520 539 ἐν
553 499 676 551 δεινῷ
707 497 780 551 τὴν
812 498 858 538 ἐκ
891 497 1040 551 ταύτης
1071 498 1323 551 ποιούμενος
1351 499 1569 552 ἔκπτωσιν,
1603 497 1747 540 στόλον
1769 500 1869 540 ἑτοι-

374 567 494 619 μάζει
532 567 766 620 βαρύτατον
805 566 875 606 καὶ
913 565 1062 606 στέλλει
1102 564 1226 612 αὖθις
1268 566 1342 620 τὴν
1367 566 1572 621 Ἀφρικὴν
1616 568 1870 609 ἀνακαλεσά-

282 632 312 666 Β
340 632 512 688 ὖμενος.
576 635 684 688 πρὸς
716 636 764 675 ὃν
796 634 820 675 ὁ
852 634 998 688 ῥηθεὶς
1028 635 1243 687 πατρίκιος
1268 635 1468 690 Ἰωάννης
1507 641 1774 691 ναυμαχῆσαι
1809 636 1908 691 μὴξ)

376 703 569 756 ἐξαρκῶν
600 707 672 744 τοῦ
704 704 870 757 λιμένος
901 704 1040 757 ἐξέστη
1073 703 1143 744 καὶ
1174 703 1429 757 ἐπανήρχετο
1460 703 1568 757 πρὸς
1595 704 1667 746 τὸν
1687 705 1869 759 βασιλέα,

340 771 558 826 6αἰτήσων
588 772 755 813 πλείονα
790 771 976 825 δύναμιν.
1040 772 1266 825 γενομένου
1300 772 1345 813 δὲ
1376 772 1481 813 κατὰ
1509 772 1583 826 τὴν
1604 773 1778 827 Κρήτην
1798 777 1871 814 τοῦ

371 840 611 893 Ῥωμαϊκοῦ
629 840 789 887 στόλου,
813 841 853 881 οἳ
867 844 940 881 τοῦ
963 841 1066 882 λαοῦ
1089 840 1395 894 προϊστάμενοι,
1418 846 1478 896 πῇ
1499 841 1576 895 μὲν
1599 839 1650 883 δι’
1675 842 1873 896 αἰσχύνης

373 908 617 962 ποιούμενοι
648 908 694 949 τὸ
726 909 1003 963 ὑποχωρῆσαι
1034 914 1106 963 τῆς
1132 908 1335 963 Ἀφρικῆς
1365 914 1450 955 τοῖς
1480 909 1692 964 πολεμίοις
1722 910 1873 965 ταύτης

373 978 772 1031 παραχωρήσαντες,
805 982 865 1032 πῇ
898 977 943 1019 δὲ
964 978 1035 1019 καὶ
1058 977 1290 1023 δεδοικότες
1310 978 1384 1032 τὴν
1405 982 1478 1019 τοῦ
1500 979 1705 1033 βασιλέως
1727 979 1869 1033 ὀργήν,
1888 990 1934 1025 10

373 1046 566 1087 πείθουσι
601 1045 647 1087 τὸ
685 1046 878 1087 ναυτικὸν
910 1047 966 1092 εἰς
997 1047 1252 1088 ἀποστασίαν
1284 1047 1465 1088 ἐκκλῖναι
1497 1047 1567 1088 καὶ
1599 1048 1872 1102 ὁυσφημῆσαι

373 1114 444 1156 τὸν
475 1114 684 1162 Λεόντιον,
716 1116 957 1170 εὖφημῆσαι
991 1115 1036 1157 δὲ
1066 1115 1293 1169 βασιλικῶς
1323 1114 1394 1156 τὸν
1419 1116 1657 1170 Ἀψίμαρον
1687 1119 1772 1157 τῶν
1794 1117 1922 1158 Κι-Ι)
1943 1121 2054 1159 11132

373 1184 654 1237 βυρραιωτῶν
686 1184 783 1225 ὄντα
818 1185 1108 1238 ὃρουγγάριον,
1154 1185 1204 1225 ὃν
1237 1183 1383 1225 αὐτίκα
1415 1184 1486 1226 καὶ
1519 1185 1704 1239 Τιβέριον
1734 1200 1870 1239 μετω-

339 1251 574 1306 Ίνόμψασαν.
638 1251 760 1299 οὗτος
792 1252 868 1294 οὗν
899 1254 987 1307 ἅμα
1018 1259 1080 1307 τῷ
1111 1253 1247 1307 στόλῳ
1278 1253 1532 1308 καταλαβὼν
1562 1253 1608 1295 τό
1641 1253 1872 1302 Βυζάντιον

283 1319 312 1356 C
338 1321 418 1361 δέν
449 1321 611 1367 Συκαῖς
642 1321 690 1362 τὰ
723 1323 865 1376 σκάφη
898 1322 1206 1376 προσώρμισεν.
1269 1323 1293 1363 ὁ
1326 1322 1372 1363 δέ
1404 1339 1448 1376 γε
1470 1322 1666 1368 Λεόντιος
1696 1321 1770 1376 τὴν
1800 1326 1872 1377 τῆς
1888 1332 1932 1368 15

339 1390 360 1423 9
374 1389 540 1435 πόλεως
565 1390 760 1444 φυλακὴν
783 1390 849 1432 διὰ
872 1391 1096 1444 (φροντίδος
1115 1390 1326 1445 πεποίητο.
1390 1391 1491 1432 ἄλλά
1514 1408 1616 1437 τινες
1635 1395 1721 1433 τῶν
1743 1391 1870 1444 ἔπαρ-

375 1462 548 1512 χεωτῶν
570 1459 788 1512 ἀρχόντων
809 1458 854 1500 τὸ
877 1458 982 1500 κατὰ
1001 1459 1245 1513 Βλαχέριάς
1266 1464 1398 1514 τεῖχος
1419 1459 1644 1514 φυλάσσειν
1664 1460 1871 1514 λαχόντες,

376 1527 537 1568 «ι’-κεῖθεν
569 1528 789 1581 εἰσήγαγον
820 1527 891 1569 τὸν
917 1527 1166 1581 ἱέῐψίμαρον,
1206 1528 1277 1569 καὶ
1307 1532 1434 1569 ταῦτα
1465 1525 1564 1583 μεθ’
1599 1529 1744 1581 ὅρκων
1775 1544 1870 1582 φρι-

375 1599 488 1636 κτῶν
519 1595 591 1642 τὰς
622 1596 730 1641 κλεῖς
762 1597 1098 1649 ἕμπιστευθέντες
1129 1601 1214 1638 τῶν
1244 1602 1316 1639 τοῦ
1348 1599 1507 1652 τείχους
1535 1598 1693 1640 ἐκείνου
1715 1598 1871 1639 πυλῶν.

317 1667 363 1701 10
376 1664 628 1711 εἰσελθόντες
666 1664 742 1706 οὗν
781 1666 917 1710 οὕτως
956 1666 995 1706 οἳ
1025 1670 1098 1707 τοῦ
1131 1666 1278 1707 στόλου
1310 1666 1382 1713 τὰς
1414 1666 1546 1713 οἰκίας
1576 1670 1661 1708 τῶν
1692 1667 1872 1708 πολιτῶν
1886 1672 1934 1708 20

375 1795 398 1830 5
424 1796 474 1829 ὅτι
501 1794 604 1834 αὖθις
629 1795 721 1830 εἶλον
747 1794 809 1840 τὴν
834 1795 1007 1840 Ἀφρικὴν
1033 1797 1069 1830 οῖ
1085 1796 1230 1842 Ἄραβες
1257 1796 1319 1832 CE
1490 1796 1534 1832 12
1559 1796 1788 1836 ἐπανάστασις
1813 1802 1873 1832 τοῦ

375 1848 542 1878 ναυτικοῦ
568 1843 628 1878 καὶ
653 1843 845 1888 ἀνάρρησις
867 1844 1062 1888 Ἀψιμάρου
1090 1843 1151 1879 CE

448 1976 470 2010 3
495 1975 536 2009 ἐκ
565 1986 639 2010 om.
668 1975 698 2010 E
795 1976 817 2010 ἴ)
843 1981 1089 2021 μονομαχῆσαι
1118 1976 1152 2010 D
1260 1977 1281 2011 9
1309 1976 1379 2021 τῆς]
1407 1982 1474 2015 τοῖς
1501 1976 1532 2010 Β
1649 1977 1687 2011 11
1715 1976 1872 2011 ἐκκλῖναι

447 2021 667 2068 BszpDz',
697 2023 854 2058 ἐκκλῖναι
882 2022 953 2058 AR
1100 2028 1188 2068 post
1215 2025 1443 2069 ὃυςφημῆσαι
1471 2024 1562 2058 add.
1588 2023 1652 2068 μὲν
1678 2024 1775 2069 pr

450 2071 505 2106 12.
533 2071 578 2106 18
603 2071 786 2116 ἇψίμαρον
812 2071 847 2105 D
965 2071 1008 2106 15
1033 2072 1295 2117 προςώρμησαν
1323 2083 1347 2116 p
1376 2074 1547 2106 fortasse
1574 2082 1623 2106 ex
1650 2071 1741 2106 XIV
1768 2071 1822 2114 27,
1851 2072 1873 2106 3

448 2119 584 2154 invitis
609 2118 719 2154 ARW
833 2120 877 2155 17
902 2120 1111 2165 βλαχέρναις
1139 2119 1168 2155 C
1289 2120 1332 2154 18
1358 2124 1502 2165 φρικῶν
1529 2119 1612 2165 w*p
1640 2119 1776 2154 invitis
1803 2118 1873 2154 AR

449 2167 494 2202 19
520 2171 590 2202 τῶν
611 2168 617 2211 Ι
639 2167 773 2211 τείχους
799 2167 831 2202 Ε

378 2296 484 2331 enim
510 2295 771 2342 appellabant
797 2306 891 2332 suos
908 2297 1123 2342 principes)
1151 2296 1272 2331 rebus
1288 2294 1450 2330 Africae
1465 2296 1637 2340 cognitis
1663 2295 1873 2330 iacturam-

378 2354 458 2388 que
493 2347 626 2379 terrae
661 2344 801 2389 iniquo
839 2345 973 2379 ferens
1004 2344 1137 2379 animo
1166 2344 1332 2378 classem
1365 2344 1570 2388 ingentem
1599 2345 1716 2388 parat
1741 2343 1873 2378 mittit-

341 2387 458 2436 5que
485 2392 536 2427 ad
562 2390 741 2426 Africam
781 2392 1114 2437 recuperandam.
1166 2391 1238 2427 Cui
1266 2401 1356 2426 cum
1385 2391 1577 2436 patricius
1609 2390 1673 2425 ille
1699 2389 1873 2426 Ioannes

377 2440 507 2485 impar
534 2442 649 2483 esset,
683 2442 803 2485 portu
841 2439 980 2475 relicto
1020 2439 1071 2474 ad
1098 2449 1236 2485 regem
1276 2449 1318 2474 se
1345 2438 1592 2480 conferebat,
1631 2441 1675 2472 ut
1700 2438 1873 2473 maiores

340 2483 362 2517 6
378 2488 516 2532 copias
543 2487 776 2532 postularet.
826 2486 905 2523 Sed
939 2497 1028 2522 cum
1057 2486 1237 2521 Romana
1264 2486 1400 2521 classis
1427 2485 1584 2520 Cretam
1611 2485 1872 2530 pervenisset,

378 2535 517 2580 populi
536 2535 749 2580 principes,
777 2535 919 2580 partim
944 2538 1062 2580 turpe
1089 2534 1165 2569 rati
1184 2533 1321 2568 Africa
1350 2533 1494 2568 omissa
1523 2536 1561 2568 ct
1576 2533 1757 2568 hostibus
1784 2543 1875 2568 con-

380 2593 492 2617 cessa
520 2583 683 2626 reverti,
715 2583 859 2628 partim
889 2583 998 2627 regis
1024 2581 1274 2617 iracundiam
1303 2581 1420 2616 veriti
1447 2581 1661 2615 classiariis
1688 2580 1875 2616 defectio-

378 2630 440 2665 nis
467 2632 654 2665 auctores
680 2630 782 2665 fiunt.
808 2641 855 2665 ac
884 2629 1044 2665 Leontii
1067 2628 1292 2664 insectandi
1319 2631 1357 2663 et
1372 2627 1582 2673 Apsimari,
1611 2627 1874 2673 Cibyrrhaeo·

379 2681 511 2712 tarum
538 2678 760 2721 drungarii,
788 2688 906 2723 quem
934 2678 1067 2712 statim
1094 2677 1213 2712 etiam
1241 2676 1447 2711 Tiberium
1466 2676 1738 2718 nominarunt,
1764 2676 1874 2721 regis

343 2722 594 2760 7salutandi.
645 2725 683 2760 Is
722 2725 847 2768 igitur
886 2735 976 2760 cum
1017 2725 1142 2760 classe
1169 2723 1409 2769 Byzantium
1438 2726 1653 2768 pervectus
1679 2723 1718 2757 in
1747 2722 1872 2768 Sycas

342 2770 364 2803 8
380 2773 546 2817 appulit.
597 2772 680 2808 Etsi
707 2777 840 2808 autem
856 2772 1051 2808 Leontius
1077 2772 1189 2807 urbis
1214 2771 1437 2806 custodiam
1458 2771 1671 2816 diligenter
1699 2773 1872 2814 curarat,

342 2816 514 2854 9tamen
542 2820 705 2865 quidam
734 2820 1003 2866 provinciales
1018 2820 1278 2865 magistratus
1306 2829 1376 2864 per
1404 2829 1561 2853 murum
1580 2818 1874 2861 Blachernium‚

381 2867 496 2902 cuius
532 2868 754 2903 custodiam
794 2868 922 2903 sortiti
950 2871 1076 2910 erant,
1116 2867 1298 2902 clavibus
1326 2869 1467 2911 portae
1506 2876 1596 2901 cum
1623 2865 1873 2901 sanctissimo

321 2911 366 2945 10
381 2914 645 2950 iureiurando
679 2916 868 2961 acceptis,
906 2913 1163 2961 Apsimarum
1196 2913 1520 2949 introduxerunt.
1577 2913 1638 2948 Ita
1681 2913 1874 2948 classiarii
