2054 3282
355 231 423 271 174
759 228 939 270 ZONAR.
967 227 1100 267 ΕΡῙΤ.
1127 224 1219 266 XIV
1246 224 1301 275 10,
1330 224 1457 266 1—13.

316 357 592 410 ἐπεριδέξιος,
631 354 703 409 τὴν
735 355 910 408 γνώμην
943 353 988 394 δὲ
1018 351 1336 407 μεγαλόψυχος·
1378 352 1425 397 ὃς
1456 351 1631 406 εὐσεβὴς
1663 352 1727 394 ὤν
1756 350 1853 399 τοὺς

352 424 467 478 παρὰ
511 428 584 465 τοῦ
618 423 905 464 Ἰουστινιανοῦ
947 421 1212 475 δομηθέντας
1250 419 1471 474 ἐπεκόσμει
1508 419 1637 466 ναοὺς
1674 420 1745 462 καὶ
1780 421 1854 467 τὰς

354 493 512 547 ἁψῖδας
544 493 678 547 ἄμφω
710 497 771 545 τῷ
798 496 890 544 ναῷ
910 495 971 543 τῷ
994 490 1037 530 ἓν
1059 489 1320 543 Βλαχέρναις
1350 489 1584 542 προσέθετο
1617 489 1664 531 ἔκ
1695 494 1852 544 καινῆς,

266 567 298 602 Β
316 567 338 602 3
353 563 414 607 ὡς
436 561 535 602 εἶναι
556 565 703 601 τοῦτον
723 559 984 613 σταυροειδῆ·
1018 558 1090 599 καὶ
1110 557 1181 598 τὸν
1203 558 1247 598 ἐν
1268 562 1328 611 τῷ
1352 556 1728 611 Ὀρφανοτροφείῳ
1750 557 1853 599 ναὸν

350 634 436 671 τῶν
461 630 713 683 κορυφαίων
746 627 993 669 ἀποστόλων
1024 626 1262 672 πολυτελῶς
1294 626 1532 680 ἐδομήσατο
1564 625 1635 667 καὶ
1665 625 1737 667 τὸν
1767 628 1888 668 τῶν5

314 700 482 740 4θείων
505 697 775 751 Ἀίἀργύρων
805 696 908 737 ναὸν
940 696 983 736 ἓν
1014 699 1098 741 τοῖς
1120 694 1394 736 Βασιλίσκου·
1426 694 1498 735 καὶ
1528 694 1600 735 τὸν
1630 699 1702 749 τῆς
1734 695 1853 748 ἁγίας

350 767 421 809 καὶ
460 766 824 821 πρωτομάρτυρος
862 763 1025 819 Θέκλης
1058 763 1129 804 καὶ
1160 763 1232 805 τὸν
1261 768 1335 804 τοῦ
1367 763 1584 804 Παλατίου
1615 762 1851 818 Χρυσοτρί-

350 836 491 877 κλινον
534 835 605 876 καὶ
641 834 713 875 τὸν
749 834 882 887 μέγαν
914 832 1085 887 ἀγωγὸν
1116 836 1190 874 τοῦ
1229 831 1462 878 Οὐάλεντος
1494 832 1737 887 ἀνεκαίνισε,
1781 832 1853 873 καὶ

350 905 518 945 πλείονα
554 903 589 944 δ’
624 904 753 956 ἕτερα.

314 979 336 1013 5
461 972 543 1013 5Hi}
576 972 620 1013 δὲ
651 971 800 1012 τούτου
834 970 989 1025 γαμετὴ
1023 970 1179 1024 Σοφία,
1212 972 1264 1024 ἣν
1295 970 1366 1011 καὶ
1388 970 1638 1024 Αὐγούσταν
1667 971 1850 1025 ἔστεψεν,
1868 979 1913 1014 10

350 1041 400 1096 ἧς
433 1041 605 1096 ὀνόματι
636 1041 706 1082 καὶ
737 1040 809 1082 τὸν
839 1040 983 1094 λιμένα
1015 1043 1100 1081 τῶν
1131 1039 1312 1093 Σοφιῶν
1343 1039 1600 1093 ᾠκοδόμησε
1631 1039 1702 1081 καὶ
1732 1040 1850 1094 βασί-

350 1111 435 1151 λεια
467 1110 552 1163 πρὸ
583 1114 655 1165 τῆς
676 1109 855 1163 πόλεως,
888 1108 1110 1162 Σοφιανὰς
1143 1105 1193 1149 δι’
1229 1108 1389 1162 ἐκείνην
1420 1107 1491 1149 καὶ
1522 1112 1648 1149 ταῦτα
1680 1108 1751 1150 καὶ
1781 1109 1852 1150 τὸν

315 1180 480 1220 (ἰτόπον
511 1179 818 1233 κατονομάσας,
852 1179 896 1219 ἕν
928 1178 990 1223 οἷς
1020 1177 1091 1218 καὶ
1123 1177 1365 1231 ἐπίγραμμα
1397 1176 1513 1231 παρὰ
1539 1177 1736 1232 Ἆγαθίου
1765 1178 1850 1232 ἒγέ-

351 1265 443 1290 νετο
474 1248 589 1289 τόδε·

308 1323 337 1359 C
495 1317 656 1358 ὁππόθι
687 1317 944 1371 τεμνομένης
974 1315 1135 1370 χθονὸς
1166 1316 1314 1370 ἄνδιχα
1346 1315 1500 1356 πόντον
1532 1315 1684 1370 ἀνοίγει
1867 1320 1912 1354 15

553 1385 762 1440 πλαγκτὸς
794 1385 1051 1426 ἁλικλύστων
1082 1384 1283 1439 πορθμὸς
1314 1382 1378 1425 εἶπ’
1412 1384 1582 1439 ἠιόνων,

493 1456 650 1511 χρύσεα
684 1455 922 1509 συλλέκτρῳ
953 1453 1042 1495 τάδ’
1077 1454 1290 1507 ἀνάκτορα
1322 1454 1456 1508 θῆκεν
1489 1454 1648 1508 ἀνάσσῃ

552 1529 602 1579 τῇ
633 1524 914 1578 πολυκυδίστῃ
947 1523 1065 1569 θεῖος
1096 1523 1203 1570 ἄναξ
1233 1522 1388 1577 Σοφίῃ.

351 1668 375 1704 2
404 1667 484 1713 περὶ
514 1671 585 1702 τῶν
616 1671 712 1702 ναῶν
744 1665 804 1701 καὶ
835 1670 905 1701 τῶν
935 1666 1052 1702 ἄλλων
1086 1669 1157 1700 τῶν
1187 1664 1282 1710 παρὰ
1311 1664 1500 1700 Ἰουστίνου
1532 1665 1764 1710 δομηθέντων
1790 1664 1853 1700 CE

354 1717 442 1758 (sed
468 1716 500 1751 E
527 1715 579 1750 ad
605 1714 698 1750 XIV
725 1715 781 1758 10,
807 1714 867 1758 33)

426 1863 444 1898 1
464 1877 498 1898 τε
518 1862 615 1908 pr
715 1861 737 1896 ἶ)
754 1861 948 1899 πολυειδῶς
967 1860 1068 1898 EDw
1167 1861 1188 1895 6
1207 1859 1264 1894 τὸν
1284 1870 1358 1895 om.
1378 1859 1413 1894 D
1513 1860 1533 1895 7
1560 1859 1620 1894 καὶ
1639 1863 1729 1905 post
1754 1860 1851 1905 ἁγίας

427 1922 501 1946 om.
530 1911 625 1955 Ewp
739 1909 784 1944 10
809 1910 922 1943 τούτω
949 1908 977 1943 C
1091 1908 1134 1943 12
1159 1907 1246 1952 πρὸς
1272 1907 1320 1953 p²³²
1430 1907 1581 1952 σοφιανὰ
1608 1906 1753 1953 wap‚
1781 1908 1851 1943 sed

427 1970 463 1993 V.
490 1959 580 1993 Duc
608 1957 717 2004 Cpol.
745 1956 884 1993 Christ.
913 1956 964 1991 IV
995 1956 1037 1991 12
1064 1968 1099 2002 p.
1129 1956 1196 1990 119
1211 1967 1240 1991 S.
1426 1956 1480 1990 1‘2.
1510 1955 1553 1989 13
1579 1955 1637 1990 τὸν
1662 1957 1767 1990 τόπον
1791 1956 1852 1991 καὶ

426 2012 530 2042 ταῦτα
557 2006 653 2051 Ewp
839 2005 883 2039 13
906 2005 1080 2049 Ἀγαθίου]
1109 2015 1146 2038 v.
1173 2003 1396 2049 Pregerum
1423 2004 1540 2038 inser.
1569 2002 1711 2038 Graec.
1738 2007 1850 2038 metr.

425 2055 533 2100 Lips.
563 2054 654 2088 1892
681 2065 717 2099 p.
747 2053 814 2088 16ss
951 2053 994 2087 16
1019 2052 1173 2090 πλακτὸς
1199 2052 1280 2096 ΕΙ),
1308 2061 1409 2086 corr.
1437 2050 1505 2089 Dw
1630 2051 1795 2096 πορθμὸν
1821 2052 1852 2086 Ε

427 2103 471 2136 18
495 2102 685 2146 πολυδίστῃ
714 2101 782 2145 W²*²,
808 2101 1036 2145 πολυκιδίστῃ
1064 2100 1111 2145 pss
1139 2100 1274 2134 invitis
1292 2098 1363 2134 AR.

318 2249 341 2284 2
353 2249 649 2296 magnanimus
677 2247 823 2284 Sacras
838 2247 960 2283 aedes
975 2247 1027 2282 ab
1041 2246 1267 2282 Iustiniano
1283 2248 1510 2281 exstructas
1525 2256 1597 2291 pro
1613 2255 1687 2281 sua
1701 2246 1851 2291 pietate

354 2297 582 2333 adornabat
623 2299 663 2332 et
687 2300 906 2341 utrumque
944 2295 1139 2330 fornicem
1178 2293 1325 2339 templo
1352 2293 1645 2328 Blacherniano
1684 2293 1850 2338 addidit,

317 2345 399 2381 3ut
425 2346 595 2380 formam
622 2345 754 2380 erucis
779 2344 965 2388 haberet3
1004 2345 1044 2378 et
1069 2343 1110 2377 in
1138 2341 1500 2387 Orphanotropheo
1528 2340 1720 2386 ternplum
1746 2342 1852 2387 prin-

355 2394 490 2439 cipum
528 2392 806 2438 apostolorum
843 2392 1003 2437 magnis
1041 2389 1267 2435 sumptibus
1306 2389 1508 2424 exstruxit
1547 2391 1585 2423 et
1619 2392 1850 2424 sanctorum

317 2439 664 2486 4Anargyrorum
691 2441 731 2474 in
758 2439 940 2474 Basilisci
965 2441 1109 2473 tractu.
1159 2437 1259 2472 Item
1289 2436 1409 2471 divae
1433 2436 1607 2470 Theclae
1631 2439 1852 2481 protomar·

354 2489 454 2534 tyris
481 2492 519 2524 et
546 2498 715 2523 aureum
742 2487 978 2522 Triclinium
995 2485 1140 2520 Palatii
1167 2490 1206 2520 et
1232 2493 1425 2529 magnum
1440 2483 1619 2519 Valentis
1646 2484 1851 2530 aquaedu-

355 2539 461 2572 ctum
488 2536 714 2579 renovavit,
742 2538 864 2580 atque
891 2534 969 2569 alia
997 2533 1124 2579 plura.

319 2584 341 2618 ἴ)
473 2583 649 2619 onrem
668 2582 860 2629 Sophiam
885 2581 1092 2628 augustali
1123 2589 1273 2615 corona
1301 2579 1462 2614 ornavit
1494 2579 1663 2624 eiusque
1688 2580 1851 2615 nomine

357 2635 515 2677 portum
542 2630 784 2676 Sophiarum
823 2629 1024 2666 exstruxit
1061 2631 1100 2664 et
1136 2627 1293 2673 regiam
1325 2629 1420 2661 ante
1457 2626 1610 2672 urbem,
1651 2638 1771 2673 quam
1812 2630 1851 2662 et

319 2680 482 2724 Gipsam
510 2679 727 2724 vicinaque
753 2678 841 2714 loca
868 2678 954 2713 eius
993 2676 1127 2722 gratia
1153 2674 1378 2720 Sophianas
1405 2675 1639 2711 nominavit.
1692 2675 1736 2710 Ei
1775 2676 1850 2710 hoe

355 2727 558 2771 Agathiae
585 2727 836 2772 epigramma
862 2728 922 2760 est
947 2724 1202 2769 inscriptum:

523 2774 612 2815 Qua
638 2776 856 2809 resonante
881 2774 985 2807 freto
1012 2772 1159 2806 fluctus
1187 2779 1289 2804 cava
1315 2769 1450 2805 littora
1477 2771 1664 2817 tundunt,

571 2822 617 2856 Et
646 2821 795 2866 duplici
823 2823 970 2866 pontus
996 2819 1158 2854 nomine
1183 2817 1298 2852 findit
1325 2817 1501 2861 humum,

524 2868 705 2904 Inclutus
730 2869 851 2903 uxori
879 2867 1122 2903 celebranda
1148 2865 1299 2911 palatia
1325 2865 1473 2900 struxit

571 2915 658 2950 Rex
686 2915 870 2962 Sophiae,
898 2915 1048 2950 mult-us
1075 2923 1195 2960 quani
1224 2913 1433 2948 decoravit
1460 2913 1598 2950 honos.
