2054 3282
527 205 683 243 LEONI
710 205 774 242 vl.
801 205 1055 243 SVCCEDIT
1080 205 1412 243 ALEXANDER.
1645 207 1716 243 455

339 326 542 382 Νοσήσας
574 326 620 370 δὲ
650 327 675 368 0‘
706 326 834 370 Λέων
863 327 1078 370 κοιλιακόν
1113 327 1278 383 νόσημα
1315 331 1515 370 τοσοῦτον
1553 344 1714 383 κατειρ-
1728 333 1774 369 34

221 395 359 450 γάσθη
403 395 477 450 τὴν
517 395 695 450 δύναμιν
731 397 793 443 ὡς
827 396 938 451 μηδὲ
969 396 1203 452 δυνηθῆναι
1235 397 1504 452 διαλεχθῆναι
1534 401 1584 452 τῇ
1615 413 1713 451 συγ-

220 463 362 518 κλήτῳ
391 463 485 518 περὶ
516 465 702 519 νηστείας
732 465 805 520 τὴν
836 465 1001 520 συνήθη
1030 465 1218 519 διάλεξιν,
1251 467 1275 520 ἣ
1299 464 1479 507 καλεῖται
1500 464 1714 507 σελέντιον.

221 531 343 586 ὅμως
380 531 495 586 ὀλίγα
534 532 621 574 τινὰ
656 534 782 588 ταύτῃ
816 533 1046 588 διαλεχθεὶς
1076 533 1147 575 καὶ
1178 533 1363 582 ἀξιώσας
1393 534 1523 575 αὐτοῦ
1553 538 1714 588 μεμνῆ-
1728 539 1775 574 35

185 600 322 642 ὃσθαι
352 600 423 642 καὶ
453 601 584 642 πίστιν
615 602 671 647 εἰς
702 601 775 655 τὴν
806 602 935 643 αὐτοῦ
968 602 1147 656 σύμβιον
1177 606 1313 657 τηρεῖν
1342 601 1414 643 καὶ
1440 603 1498 648 εἰς
1517 601 1589 644 τὸν
1610 602 1714 655 υἱόν,

221 667 293 709 καὶ
322 668 553 710 τελευταίαν
583 669 735 724 ταύτην
764 669 1019 724 προσλαλιάν
1048 669 1157 724 πρὸς
1187 670 1317 725 αὐτὴν
1346 671 1556 712 ποιεῖσθαι
1586 670 1717 712 εἰπὼν

222 737 302 778 οὐκ
345 737 492 779 αὐτίκα
536 738 728 787 ἐξέλιπεν,
772 738 874 780 ἀλλὰ
910 739 1034 794 μέχρι
1070 742 1143 780 τοῦ
1181 738 1326 780 Μαΐου
1365 739 1567 793 διήρκεσε.
1627 738 1716 780 τότε
1729 745 1775 779 36

222 804 268 846 δὲ
298 805 496 847 τελευτῶν
527 805 601 860 τὴν
639 806 867 861 αὐταρχίαν
905 811 965 861 τῷ
1004 807 1178 861 ἀδελφῷ
1215 806 1428 848 κατέλιπεν
1453 806 1716 861 Ἀλεξάνδρῳ

220 872 291 914 καὶ
321 873 393 915 τὸν
423 873 515 916 υἱὸν
546 874 663 929 αὐτῷ
692 874 1012 929 παραδέδωκεν,
1057 876 1241 923 ἀξιώσας
1276 875 1556 930 ἐπιμελεῖσθαι
1586 875 1715 916 αὐτοῦ

162 946 207 981 10
220 940 292 983 καὶ
322 942 487 996 ἀνάγειν
518 943 745 996 βασιλικῶς
775 943 846 985 καὶ
877 943 1168 998 αὐτοκράτορα
1200 943 1452 985 καταλιπεῖν·
1497 943 1559 996 ὅν,
1599 943 1715 997 φασί,
1729 949 1775 984 37

219 1009 390 1065 βλέπων
421 1011 650 1066 ἐρχόμενον
687 1011 796 1066 πρὸς
839 1011 966 1054 αὐτὸν
1009 1012 1090 1067 ἤδη
1135 1011 1351 1066 ἐκλείπων,
1395 1011 1525 1066 φάναι
1563 1011 1661 1053 “ἴδε
1692 1011 1927 1054 6Ρ11182Α

220 1077 355 1125 κακὸς
391 1078 539 1133 καιρὸς
574 1079 677 1134 μετὰ
714 1079 811 1126 τοὺς
850 1080 1060 1134 δεκατρεῖς
1096 1081 1279 1135 μῆνας.”
1340 1080 1577 1134 ἐβασίλευσε
1615 1079 1660 1121 δὲ
1692 1079 1776 1122 638

220 1146 348 1189 Λέων
378 1148 446 1202 ἔτη
479 1149 607 1190 εἴκοσι
637 1148 708 1190 καὶ
737 1149 856 1190 πέντε
887 1149 953 1190 ἐπὶ
982 1148 1085 1204 μησὶ
1114 1149 1223 1190 τισίν.

334 1215 609 1270 Ἀλέξανδρος
652 1216 698 1258 δὲ
740 1218 828 1271 ἅμα
872 1233 913 1258 τε
950 1217 1046 1263 τοὺς
1081 1217 1218 1263 πόδας
1257 1218 1392 1271 ἤρεισε
1423 1220 1472 1271 τῇ
1504 1216 1615 1271 ἀρχῇ
1646 1216 1787 1261 καὶῙξ)

160 1289 205 1324 15
221 1284 309 1338 ἅμα
341 1283 412 1326 τὸν
441 1285 702 1340 πατριάρχην
724 1284 940 1327 Νικόλαον
961 1286 1008 1327 ἐκ
1031 1285 1074 1326 Γ
1069 1285 1324 1340 αλακρηνῶν
1355 1284 1528 1339 ἀγαγὼν
1559 1285 1616 1331 εἰς
1646 1283 1718 1325 τὸν

220 1357 292 1408 τῆς
330 1352 815 1401 Κωνσταντινουπόλεως
857 1353 1019 1408 θρόνον
1062 1354 1244 1408 ἀνήγαγε
1281 1353 1327 1395 τὸ
1366 1353 1573 1407 δεύτερον,
1617 1368 1715 1394 κατ-

221 1501 240 1536 l
267 1501 407 1547 τελευτὴ
433 1506 494 1537 τοῦ
517 1502 690 1547 βασιλέως
708 1502 856 1540 Λέοντος
883 1501 946 1538 CE
1046 1501 1090 1536 14
1115 1501 1275 1547 βασιλεία
1294 1501 1518 1546 Ἀλεξάνδρου
1537 1506 1598 1536 τοῦ
1623 1500 1715 1545 (01¹1.

219 1548 266 1592 Ε)
283 1549 441 1595 ἀδελφοῦ
459 1554 520 1585 τοῦ
536 1549 708 1596 βασιλέως
722 1553 814 1592 (om.
828 1548 949 1591 ACD)
964 1549 1114 1588 Λέοντος
1130 1551 1203 1591 (τοῦ
1217 1548 1474 1588 οἷὰ-Λέοντος
1490 1559 1565 1584 om.
1581 1547 1627 1592 B)
1646 1547 1717 1583 AR

290 1693 314 1729 2
340 1697 430 1740 post
455 1693 577 1738 συγκλ.
604 1693 696 1729 add.
723 1694 960 1730 asteriscum
987 1693 1055 1731 Dw
1172 1693 1194 1728 6
1218 1693 1427 1737 προςλαλίαν
1451 1692 1498 1738 p*
1609 1692 1657 1730 εἰς
1685 1692 1716 1727 O

292 1741 313 1777 7
339 1744 435 1776 ante
451 1741 520 1776 οὐκ
539 1743 578 1777 et
597 1744 687 1787 post
705 1741 874 1786 διήρκεσε
891 1743 1011 1787 signa
1030 1740 1224 1777 orationis
1242 1740 1471 1786 incipientis
1489 1739 1553 1774 vel
1581 1739 1718 1774 finitae

292 1789 406 1835 ponit
427 1787 485 1824 Di
581 1791 603 1824 8
629 1788 690 1835 τὴν
714 1789 905 1834 αὐταρχίαν
931 1787 1100 1835 prDi,
1127 1793 1168 1833 τῆ
1192 1788 1363 1833 αὐταρχιά
1389 1786 1424 1822 A
1521 1787 1717 1822 καταλέλοι·

290 1850 354 1872 πεν
373 1836 404 1873 O
496 1836 519 1871 9
536 1836 646 1882 αὐτῷ]
665 1837 772 1872 αὐτοῦ
792 1836 927 1883 DEwp
1028 1837 1072 1871 10
1089 1836 1332 1880 αὐτοκράτορα
1349 1834 1396 1878 A,
1415 1834 1512 1879 αὐτῷ
1532 1834 1568 1870 τὸ
1586 1835 1716 1879 κράτος

292 1883 391 1931 pr
512 1885 604 1930 φασί
627 1895 701 1920 om.
730 1884 892 1930 BCEwp
1023 1884 1063 1919 11
1094 1884 1162 1929 ἤδη
1188 1884 1344 1919 ε’κλίπων
1370 1884 1487 1927 (corr.
1512 1880 1583 1924 Di)
1608 1882 1655 1925 A,
1680 1883 1718 1917 ἐν

292 1938 343 1977 τῷ
369 1935 460 1974 (om.
487 1931 533 1974 Ε)
559 1933 627 1978 ἤδη
653 1932 824 1968 ἐκλείπειν
850 1931 948 1978 pr
1064 1932 1171 1977 φάναι
1199 1930 1284 1974 AD,
1312 1931 1362 1970 ὥς
1387 1944 1495 1976 φασιν
1519 1930 1590 1975 ἔφη
1618 1930 1715 1975 pr

293 1979 338 2015 12
363 1979 442 2019 τοὺς
468 1989 543 2015 om.
571 1979 615 2025 O,
641 1979 771 2026 suppl.
798 1979 866 2017 Dw
966 1980 1010 2014 13
1035 1980 1122 2014 τισίν
1147 1978 1194 2023 A,
1221 1979 1330 2023 τρισὶν
1357 1975 1524 2024 prDi,
1554 1977 1642 2022 τρισὶ
1670 1977 1715 2021 I),

293 2038 330 2063 v.
357 2026 537 2074 Theoph.
564 2030 670 2064 cont.
701 2038 738 2074 p.
764 2027 845 2072 353,
874 2027 905 2071 1,
944 2025 991 2063 G.
1018 2026 1067 2062 M.
1095 2037 1131 2073 p.
1159 2026 1238 2071 766,
1268 2027 1299 2070 1,
1338 2025 1383 2061 L.
1409 2025 1456 2061 G.
1489 2036 1525 2071 p.
1552 2025 1632 2069 262,
1662 2025 1715 2067 14,

292 2074 364 2110 Th.
379 2074 428 2111 M.
444 2075 565 2121 p.183
640 2075 683 2111 14
709 2089 744 2110 τε
771 2086 846 2111 om.
873 2074 904 2110 B
986 2080 1038 2119 τῷ
1064 2074 1184 2119 ἄρχειν
1210 2073 1257 2118 D,
1285 2084 1387 2109 corr.
1413 2073 1480 2110 Dw
1556 2073 1600 2108 15
1627 2076 1716 2118 post

290 2122 332 2158 ἐκ
359 2122 450 2158 add.
470 2127 540 2158 τῶν
561 2121 658 2169 Bwp
759 2123 802 2158 16
827 2122 1015 2168 ἀναγάγετο
1034 2122 1082 2167 D,
1108 2122 1257 2168 ἀνήγαγε
1274 2121 1312 2156 τὸ
1335 2131 1435 2157 corr.
1456 2120 1524 2158 Dw
1621 2123 1716 2156 auto

291 2170 329 2206 τὸ
355 2180 567 2217 perperam
594 2169 867 2207 distinxerunt
892 2168 977 2217 pDz'

339 2308 427 2345 Rex
460 2311 594 2344 autem
629 2308 806 2344 coeliaco
839 2308 980 2344 morbo
1014 2307 1204 2342 laborans
1237 2306 1391 2341 viribus
1422 2306 1478 2340 ita
1509 2305 1717 2341 exhaustis
1731 2304 1777 2340 34

222 2357 309 2400 suit,
346 2360 391 2392 ut
423 2355 473 2393 de
505 2357 656 2392 ieiunio
683 2355 793 2402 apud
819 2359 1004 2392 senatum
1031 2355 1081 2390 (lo
1108 2364 1218 2390 more
1245 2354 1479 2397 orationem,
1518 2362 1624 2398 quae
1651 2363 1716 2398 ap-

223 2404 395 2451 pellatur
433 2403 645 2448 silentium,
684 2402 835 2440 habere
873 2414 954 2439 non
994 2407 1140 2449 posset.
1191 2401 1329 2436 Pauca
1362 2404 1496 2436 tamen
1530 2404 1590 2435 est
1626 2410 1715 2435 cum
1731 2400 1777 2435 35

222 2455 367 2487 senatu
400 2451 558 2488 locutus
591 2452 797 2498 petiitque,
835 2455 880 2487 ut
911 2455 1045 2497 patres
1072 2449 1287 2495 conscripti
1314 2449 1374 2483 sui
1402 2458 1600 2484 memores
1627 2458 1718 2483 con-

222 2499 308 2545 iugi
334 2499 497 2545 filioque
522 2509 595 2536 suo
623 2498 740 2535 fldem
768 2504 997 2543 servarent3
1029 2497 1213 2543 quamvis
1239 2500 1375 2531 autem
1403 2495 1554 2531 diceret
1580 2505 1622 2530 se
1649 2505 1718 2530 eos

222 2556 330 2583 nune
355 2551 558 2593 postremo
584 2547 711 2591 affari,
750 2557 830 2582 non
864 2551 998 2581 tamen
1031 2546 1164 2581 statim
1197 2544 1355 2587 defecit,
1393 2542 1463 2578 sed
1491 2542 1541 2578 ad
1569 2541 1716 2578 Maium

222 2604 351 2641 usque
378 2595 491 2630 vixit.
541 2594 644 2630 Tum
672 2604 770 2630 vero
797 2594 972 2629 moriens
999 2593 1209 2638 imperium
1237 2591 1349 2626 fratri
1371 2590 1604 2626 Alexandro
1630 2590 1717 2625 reli·
1731 2590 1777 2625 36

222 2642 308 2687 quit
333 2651 508 2689 eumque
534 2642 677 2685 oravit,
715 2645 761 2677 ut
787 2642 908 2677 fliium
936 2640 1010 2675 sibi
1038 2639 1227 2675 traditum
1255 2642 1417 2674 curaret
1444 2637 1718 2684 regaliterque

222 2689 395 2725 educato
421 2690 633 2736 imperium
663 2690 920 2735 relinqueret.
970 2688 1097 2729 Quem
1134 2696 1222 2722 cum
1257 2686 1334 2721 iam
1368 2685 1634 2722 moribundus
1665 2685 1777 2720 κάξ-Π

221 2747 264 2773 fle
291 2737 431 2773 venire
457 2737 633 2781 vidisset,
669 2738 796 2773 fertur
830 2736 997 2771 dixisse:
1035 2734 1170 2769 “l-{cce
1196 2734 1416 2769 infaustum
1443 2737 1601 2779 tempus
1627 2737 1719 2779 post

222 2784 309 2821 illos
333 2783 429 2821 XIII
456 2784 651 2822 menses?
699 2784 902 2830 Regnavit
929 2793 1057 2818 annos
1083 2781 1192 2817 XXV
1218 2786 1258 2817 et
1284 2781 1334 2816 ali
1367 2785 1438 2817 uot
1463 2790 1631 2816 menses.

344 2832 397 2868 15.
447 2830 712 2868 Amxammn
740 2833 838 2868 inito
866 2830 1033 2877 imperio
1062 2828 1329 2876 patriarcham
1386 2828 1558 2864 icoiaum
1585 2828 1717 2863 statim

223 2890 246 2916 e
272 2878 508 2917 Galac'renis
535 2880 575 2916 in
602 2880 738 2917 sedem
765 2878 1015 2926 cpolitanam
1049 2876 1222 2922 reduxit,
1261 2876 1475 2912 deturbato
1504 2875 1718 2923 Euthymio
