2066 3230
363 240 432 277 762
699 241 880 279 ZONAR.
908 241 1037 277 EPIT.
1065 241 1195 277 XVIII
1222 241 1278 287 28,
1307 242 1456 287 19—29,
1482 242 1515 278 8.

363 363 516 411 ξασθαι
545 363 623 417 μὲν
653 363 761 417 πρὸς
791 367 912 404 τοῦτο
942 363 1089 417 μηδέν,
1135 365 1159 417 ἢ
1191 362 1250 417 μὴ
1283 363 1543 418 βουλόμενον
1574 365 1598 418 ἢ
1630 363 1690 418 μὴ
1724 363 1849 406 δυνά·
2048 359 2061 431 ΓΞ

319 431 500 485 Ομενον,
533 432 670 486 διᾶραι
703 432 747 473 δὲ
777 431 849 477 τὰς
880 435 1020 486 χεῖρας
1046 432 1175 485 ὑψοῦ,
1209 432 1287 473 οὐκ
1311 429 1390 473 οἷδ’
1414 431 1493 473 εἴθ’
1516 431 1851 487 ὕπερευχόμενον

303 500 349 536 20
361 504 435 541 τοῦ
467 501 559 541 υἱοῦ
591 501 666 541 εἴτε
696 500 782 554 μὴν
813 499 1132 554 κατευχόμενον.
1196 501 1326 554 ἕτεροι
1364 500 1411 541 δέ
1441 515 1544 554 φασι
1573 501 1632 555 μὴ
1665 501 1738 548 τὰς
1768 505 1849 556 χεῖ-

362 584 439 622 ρας
472 569 607 622 διᾶραι
639 568 709 609 τὸν
743 569 994 622 θνήσκοντα,
1038 568 1147 623 μηδὲ
1179 568 1258 623 γὰρ
1292 568 1380 610 οἶόν
1410 566 1443 608 τ’
1477 567 1576 610 εἶναι
1608 569 1688 624 ἤδη
1722 570 1848 612 ἐκλεί-

360 652 503 684 ποντα,
546 641 618 691 τῆς
659 636 703 678 δὲ
739 636 950 691 βασιλίδος
987 636 1186 682 πολλάκις
1217 637 1539 692 ἀνακραγούσης
1570 638 1632 684 ὡς
1662 638 1885 680 “ἀ’πεισιν5

361 705 384 745 ὁ
415 704 505 750 υἱός
536 720 612 746 σου
644 706 698 746 ἔτι
721 705 856 752 ζῶντά
885 720 930 745 σε
951 704 1024 759 τὴν
1045 705 1253 759 βασιλείαν
1275 705 1662 760 ἀφαιρησόμενος”,
1694 706 1851 749 ἐκεῖνον

360 773 649 827 ὗπομειδιᾶσαι
679 773 818 827 βραχύ
850 790 883 814 τι
920 773 990 815 καὶ
1030 773 1235 827 ἀμυδρόν,
1280 775 1305 828 ἢ
1338 777 1423 815 τῶν
1453 774 1692 828 λεγομένων
1722 791 1850 816 κατα-

361 841 555 894 γελῶντα,
600 842 638 882 εἶ
670 842 878 895 νομίζοιτο
916 842 1009 895 περὶ
1046 847 1118 896 τῆς
1155 842 1363 896 βασιλείας
1400 843 1631 897 φροντίζειν
1662 844 1852 886 ἐκπνέων

360 909 441 963 ἤδη
481 909 552 950 καὶ
591 912 675 951 τῶν
713 913 878 964 γεηρῶν
921 910 1211 964 ἀφιστάμενος,
1256 913 1281 965 ἢ
1313 910 1387 965 τὴν
1419 915 1492 966 τῆς
1522 916 1664 966 ψυχῆς
1695 911 1761 953 ἐπὶ
1790 917 1852 966 τῷ

301 979 633 1032 21πραττομένῳ
666 978 851 1020 διάθεσιν
882 979 1208 1033 ὗπεμφαίνοντα.
1273 979 1431 1033 ἐλέγετο
1464 980 1543 1034 γάρ
1574 996 1634 1021 τοι
1650 980 1729 1022 ’καὶ
1748 977 1849 1035 παρ’
1866 985 1912 1019 10

360 1046 498 1087 ἄλλων
530 1046 601 1087 καὶ
631 1046 731 1101 παρ’
765 1047 924 1088 ἐκείνου
956 1051 1030 1088 τοῦ
1069 1052 1418 1102 πορφυρογενοῦς
1449 1049 1760 1104 αὐτοκράτορος
1788 1050 1901 1104 μὴΙ)
1920 1054 1974 1091 IV
1990 1054 2062 1093 251

361 1115 533 1169 γνώμης
576 1116 672 1169 ἄτερ
715 1121 918 1171 πατρικῆς
954 1117 1110 1158 θέσθαι
1146 1116 1220 1171 τὴν
1259 1118 1315 1163 εἷς
1352 1116 1399 1158 τὰ
1431 1118 1615 1172 βασίλεια
1645 1118 1850 1173 πάροδον,

310 1182 461 1224 Βάλλὰ
492 1188 592 1238 παρ’
627 1185 786 1225 ἐκείνου
824 1185 1119 1239 ἐπιτετράφθαι
1158 1186 1198 1227 οἱ
1233 1185 1307 1240 τὴν
1346 1186 1495 1234 ἔξοδον
1537 1186 1608 1228 καὶ
1651 1187 1850 1242 σύνθημα

360 1252 509 1307 ταύτης
541 1253 587 1294 ἕκ
619 1257 692 1294 τοῦ
723 1253 882 1308 πατρὸς
911 1254 1052 1308 λαβεῖν
1082 1254 1153 1296 τὸν
1185 1255 1343 1296 ἐκείνου
1377 1255 1615 1296 δακτύλιον·
1648 1259 1774 1297 ταῦτα
1805 1255 1850 1297 δὲ

359 1320 418 1374 μὴ
463 1321 683 1376 παρούσης
726 1322 918 1376 γενέσθαι
954 1327 1026 1377 τῆς
1062 1323 1273 1377 βασιλίδος
1309 1323 1380 1364 καὶ
1419 1324 1654 1379 ἀγνοούσης
1691 1324 1751 1366 ὅτι
1784 1340 1849 1380 γε·
1867 1326 1911 1363 15

361 1389 540 1442 γόνασιν.

301 1459 347 1495 22
474 1457 526 1499 Ὁ
555 1458 633 1512 μὲν
665 1457 740 1500 οὗν
772 1459 911 1514 ἀπῄει·
945 1464 1016 1514 τῆς
1048 1460 1194 1515 φήμης
1224 1460 1269 1502 δὲ
1290 1460 1531 1516 κηρυξάσης
1551 1461 1654 1516 ταχὺ
1675 1461 1721 1503 τὸ
1742 1478 1850 1516 πρα-

359 1526 478 1580 χθέν,
510 1531 571 1581 τῷ
601 1528 762 1582 βασιλεῖ
787 1528 923 1582 τούτῳ
955 1528 1025 1570 καὶ
1055 1528 1101 1570 τὸ
1124 1529 1315 1583 συγγενὲς
1335 1530 1509 1585 προσῄει
1530 1530 1601 1572 καὶ
1621 1533 1706 1572 τῶν
1728 1546 1850 1586 στρα-

151 1596 347 1634 W111245
360 1598 563 1637 τιωτικῶν
596 1596 814 1651 ἀρχόντων
844 1597 990 1639 πολλοὶ
1020 1597 1091 1639 καὶ
1121 1601 1206 1639 τῶν
1237 1602 1309 1653 τῆς
1340 1598 1572 1653 συγκλήτου
1604 1598 1771 1654 βουλῆς.

432 1734 465 1769 2.
490 1735 513 1769 4
539 1736 656 1780 διᾶραι
684 1734 902 1781 OszpDi,
929 1736 1046 1780 διάραι
1065 1735 1098 1770 Α
1196 1737 1218 1771 2
1243 1736 1310 1771 εἴθ’
1334 1735 1501 1782 prDz’,
1531 1747 1605 1772 om.
1624 1736 1660 1772 A
1755 1738 1778 1772 3
1801 1737 1852 1783 μὴ

432 1781 578 1828 Apr,
604 1783 655 1828 μὴ
682 1783 720 1818 δὲ
744 1782 814 1817 ΒΙ)
911 1783 934 1818 4
959 1783 1050 1819 εἶναι’
1072 1785 1107 1818 οἱ
1131 1785 1275 1819 omisso
1303 1785 1370 1829 ἤδη
1399 1784 1428 1820 C
1537 1784 1559 1820 5
1584 1784 1854 1830 ἀνακραζούσης

432 1830 501 1864 BD
626 1831 648 1866 6
673 1845 737 1866 σου
765 1841 839 1866 om.
867 1830 896 1867 C
1034 1833 1163 1871 ζῶντος
1190 1832 1232 1876 Β,
1260 1834 1373 1873 ζῶντα
1399 1831 1513 1876 Bw(‘?)
1655 1832 1705 1878 σε]
1733 1846 1796 1868 σου
1821 1833 1852 1867 Β

433 1878 455 1913 7
480 1878 727 1923 ὕπομειδιάσαι
757 1878 866 1924 pr,
893 1878 1137 1923 ἀπομειδιάσαι
1163 1880 1194 1913 Ε
1311 1880 1333 1915 8
1358 1879 1401 1924 εἴ]
1429 1879 1488 1914 καὶ
1516 1879 1553 1913 Ι)
1674 1883 1768 1916 ante
1794 1886 1854 1926 τῆς

431 1925 523 1959 add.
550 1926 673 1960 τούτου
699 1926 735 1960 D
846 1930 935 1970 post
962 1928 1162 1971 φροντίζειν
1189 1927 1280 1961 add.
1307 1927 1367 1962 καὶ
1390 1927 1426 1961 D
1553 1928 1575 1962 9
1600 1933 1739 1973 νεκρῶν
1766 1927 1852 1974 w*p

431 1973 567 2008 invitis
595 1972 676 2017 AR,
703 1985 739 2008 V.
767 1974 819 2008 ad
845 1973 976 2008 XVIII
1002 1973 1059 2018 24,
1088 1974 1132 2009 13
1275 1975 1531 2019 μεθιστάμενος
1555 1975 1664 2021 pr‚
1688 1977 1853 2020 μεθιστα-

430 2020 547 2064 μένων
573 2020 620 2064 D,
647 2032 685 2056 V.
712 2021 763 2056 ad
790 2021 882 2056 XIV
906 2021 940 2063 3,
959 2022 980 2057 5
1077 2021 1098 2067 ἢ
1127 2032 1200 2057 om.
1220 2021 1289 2056 BD
1386 2021 1453 2067 ἐπὶ]
1480 2022 1544 2066 μὲν
1570 2022 1606 2057 D
1705 2024 1750 2058 10
1774 2025 1853 2059 ὓπε-

432 2069 598 2112 φαίνοντα
625 2069 660 2103 D
783 2068 863 2114 γάρ]
890 2069 955 2113 μέν
980 2069 1048 2103 BD
1169 2069 1264 2115 παρὰ
1290 2070 1320 2105 Β
1442 2070 1483 2104 11
1512 2070 1617 2105 ἄλλου
1643 2070 1679 2105 D
1792 2077 1853 2106 τοῦ

433 2126 508 2150 om.
536 2116 571 2150 D
671 2117 716 2151 12
741 2117 829 2160 ἅπερ
855 2116 891 2151 D
1002 2116 1076 2163 τὴν]
1104 2116 1162 2152 τὸν
1187 2117 1223 2152 D
1341 2118 1384 2153 15
1410 2117 1481 2164 τῆς]
1509 2117 1571 2164 τὴν
1597 2117 1632 2152 D
1747 2118 1791 2154 17
1817 2119 1854 2155 τὸ

430 2163 592 2209 πραχθὲν
617 2163 704 2210 ταχὺ
730 2164 935 2210 κηρυξάσης
962 2164 993 2200 O

360 2292 545 2327 morienti
571 2293 660 2338 regi
688 2292 869 2329 dolenter
895 2304 1092 2338 narrasse,
1131 2304 1264 2340 neque
1297 2305 1394 2330 vero
1428 2304 1520 2330 eum
1554 2295 1770 2340 quicquam
1795 2306 1854 2331 re-

360 2339 579 2384 spondisse,
613 2350 687 2375 seu
712 2351 794 2376 non
821 2341 952 2386 vellet,
987 2351 1061 2377 seu
1086 2352 1167 2377 non
1194 2345 1340 2388 posset,
1367 2342 1438 2377 sed
1465 2352 1608 2377 manus
1634 2342 1853 2388 sustulisse,

301 2382 348 2418 20
361 2386 470 2422 haud
496 2388 577 2423 scio
605 2388 709 2423 bene
736 2398 788 2423 an
821 2389 925 2424 male
960 2393 1193 2434 precantem
1224 2390 1316 2424 filio.
1365 2388 1444 2424 Alii
1482 2400 1624 2425 manus
1663 2400 1754 2425 eum
1793 2400 1854 2426 su-

361 2434 519 2470 stulisse
552 2439 714 2481 negant,
756 2446 890 2481 neque
924 2437 1028 2472 enim
1060 2437 1101 2472 id
1127 2437 1263 2473 facere
1289 2438 1469 2483 potuisse
1494 2438 1742 2481 morientem,
1781 2438 1854 2473 sed

359 2483 504 2528 regina
536 2493 658 2528 saepe
689 2484 957 2519 vociferante:
995 2482 1130 2520 “Abiit
1160 2485 1263 2519 filius
1293 2488 1387 2520 tuus
1413 2485 1493 2519 iam
1520 2485 1672 2520 viventi
1699 2485 1769 2520 tibi
1796 2496 1854 2520 re-

360 2540 486 2573 gnum
502 2531 756 2576 e1·epturus”‚
782 2531 892 2566 illum
919 2542 1062 2577 parum
1090 2532 1343 2577 obscureque
1369 2533 1515 2576 risisse,
1543 2533 1630 2567 sive
1656 2542 1744 2567 cani
1768 2543 1853 2568 ora-

359 2577 508 2612 tionem
536 2578 795 2623 deridentem,
825 2579 858 2613 si
885 2582 1096 2625 putaretur
1122 2582 1206 2615 tum
1233 2579 1282 2615 de
1308 2590 1436 2625 regno
1464 2580 1655 2615 sollicitus
1682 2589 1770 2616 esse
1788 2591 1854 2615 ex·

361 2625 519 2669 spirans
537 2628 780 2671 terrenaque
801 2627 879 2661 iam
897 2627 1122 2671 relicturus,
1150 2628 1235 2662 sive
1260 2627 1357 2672 quid
1385 2627 1435 2662 de
1461 2627 1526 2661 illo
1554 2628 1661 2662 facto
1688 2629 1854 2663 sentiret

300 2668 342 2703 21
361 2672 616 2708 indicantem.
666 2673 767 2710 Nam
801 2678 839 2709 et
870 2674 921 2709 ab
949 2675 1036 2710 aliis
1063 2678 1102 2710 et
1129 2675 1180 2709 ab
1207 2675 1294 2720 ipso
1320 2674 1386 2709 illo
1414 2674 1760 2719 porphyrogenito
1787 2675 1854 2710 im-

364 2722 551 2764 peratore
577 2721 822 2756 narrabatur
847 2722 881 2757 is
907 2732 990 2757 non
1016 2723 1102 2757 sine
1128 2723 1252 2767 patris
1280 2722 1444 2756 consilio
1471 2722 1626 2766 regiam
1647 2722 1854 2766 ingressus

362 2777 460 2810 esse,
499 2768 570 2803 sed
597 2769 730 2803 exitus
756 2769 807 2804 ab
834 2769 899 2804 illo
927 2770 963 2804 ei
995 2770 1120 2805 fuisse
1154 2779 1380 2813 concessus,
1419 2769 1533 2803 cuius
1567 2769 1625 2804 rei
1663 2772 1855 2805 tesseram

364 2815 489 2858 patris
515 2815 708 2850 annulum
735 2817 977 2862 accepisset3
1014 2827 1144 2863 eaque
1171 2817 1277 2852 facta
1310 2826 1397 2852 esse
1424 2816 1663 2851 dicebantur
1690 2817 1856 2852 absente

366 2862 510 2906 regina
537 2866 576 2897 et
601 2863 828 2907 ignorante·

301 2906 347 2941 22
485 2909 583 2945 Cum
620 2911 744 2956 igitur
783 2911 924 2956 abiret,
964 2913 1072 2948 fama
1105 2911 1200 2958 quid
1232 2914 1365 2948 actum
1392 2914 1496 2948 esset
1524 2912 1705 2947 celeriter
1731 2911 1855 2947 divul-
