2054 3282
378 277 571 321 IRENAE
596 275 744 319 MORS.
795 273 1120 319 NICEPHORVS
1146 270 1500 315 PATRIARCHA.
1621 270 1692 312 305

318 405 402 447 Τοῦ
440 404 581 459 μέντοι
617 402 878 456 πατριάρχου
913 401 951 442 T
945 401 1122 455 αρασίου
1159 398 1231 442 τὸν
1268 398 1362 455 βίον
1390 397 1696 454 μετηλλαχότος
1711 404 1757 439 14

195 473 302 517 κατὰ
333 473 407 528 τὴν
436 472 610 526 πρώτην
641 470 860 525 ἑβδομάδα
893 472 978 510 τῶν
1008 471 1220 523 νηστειῶν,
1264 466 1518 522 Νικηφόρος
1549 467 1574 508 ὁ
1605 466 1694 507 ἀοί-

198 543 320 597 ὁιμος
350 542 490 596 ψήφῳ
520 543 641 594 κοινῇ
671 538 777 580 κατὰ
809 537 883 592 τὴν
913 541 986 578 τοῦ
1017 537 1158 591 πάσχα
1190 534 1399 590 κυριακὴν
1436 534 1696 589 πατριάρχης

197 609 521 665 κεχειροτόνητο,
559 609 783 663 ἀσηκρῆτις
812 605 1045 660 τυγχάνων,
1090 604 1325 650 Πλάτωνος
1355 603 1426 645 καὶ
1462 602 1696 658 Θεοδώρου
1712 610 1757 646 15

160 682 271 721 ὅτοῢ
302 677 520 732 γεγονότος
547 676 785 731 ἡγουμένου
812 679 885 729 τῆς
906 677 979 715 τοῦ
1001 673 1210 714 Στουόίου
1231 676 1367 727 μονῆς
1387 671 1698 714 στασιασάντων

198 745 266 788 διὰ
296 745 371 800 τὴν
400 749 474 787 τοῦ
505 745 701 798 μάκαρος
732 743 891 785 ἐκείνου
923 742 1191 797 χειροτονίαν,
1230 741 1290 782 ὅτι
1321 740 1500 795 ἀθρόως
1531 740 1578 782 ἐκ
1609 740 1696 781 λαϊ-

196 817 289 856 κῶν
320 815 376 860 εἷς
406 813 480 868 τὴν
511 812 742 866 ἐπισκοπὴν
771 811 1096 866 προκεχείριστο,
1141 810 1273 851 καίτοι
1311 809 1460 850 τούτου
1499 808 1699 854 πολλάκις

195 882 471 937 πραχθέντος.
533 882 608 927 οὓς
646 880 717 921 καὶ
754 878 954 921 ἀπελάσαι
992 883 1064 933 τῆς
1099 877 1265 923 πόλεως
1296 877 1320 918 ὁ
1351 875 1543 931 βασιλεὺς
1574 877 1697 931 ἐβου-
1713 886 1758 922 16

196 950 383 1004 λεύσατο,
428 950 479 991 οὐ
517 949 604 1003 μὴν
634 948 705 990 καὶ
736 949 793 994 εἰς
823 948 947 1002 ἔργον
977 946 1023 988 τὸ
1054 946 1270 1001 βούλευμα
1302 946 1488 1000 ἤνεγκεν.
1551 944 1626 987 εἶσὶ
1658 944 1696 986 δ’
1713 955 1758 991 17

139 1021 243 1064 10οἳ
266 1019 430 1073 λέγουσι
461 1022 618 1072 σκῆψιν
649 1016 750 1058 εἶναι
779 1015 826 1058 τὸ
858 1015 1072 1058 στασιάσαι
1103 1013 1256 1060 αὐτοὺς
1288 1013 1354 1055 διὰ
1386 1013 1433 1055 τὸ
1466 1014 1513 1055 ἐκ
1539 1014 1748 1059 λαϊκῶνῙ)
1782 1020 1787 1024 ”

198 1087 390 1142 γενέσθαι
420 1087 680 1140 πατριάρχην
707 1084 778 1127 τὸν
799 1083 911 1138 ἱερὸν
932 1083 1200 1139 Νικηφόρον,
1233 1083 1279 1125 τὸ
1313 1081 1349 1125 δ’
1384 1082 1541 1138 ἀληθὲς
1571 1083 1699 1124 αἴτιον

197 1156 421 1210 φιλαρχίαν
451 1154 562 1196 εἶναι.
626 1153 855 1208 ἠβούλοντο
896 1152 976 1207 γὰρ
1015 1157 1088 1207 τῆς
1127 1152 1348 1208 ἐκκλησίας
1385 1152 1596 1206 ἐγκρατεῖς
1632 1167 1698 1205 γε-
1714 1163 1759 1197 18

198 1225 345 1266 νέσθαι
376 1224 447 1265 καὶ
478 1227 551 1264 τοῦ
583 1223 873 1276 ἀρχιερατικοῦ
905 1225 977 1276 τῆς
1002 1219 1487 1266 Κωνσταντινουπόλεως
1508 1220 1699 1274 ἐπιβῆναι

198 1292 362 1347 θρόνου
392 1292 487 1346 περὶ
516 1291 707 1340 πλείστου
738 1290 973 1344 πεποίηντο.
1035 1294 1096 1343 τῷ
1123 1289 1168 1330 δὲ
1189 1290 1271 1343 υἱῷ
1292 1289 1421 1330 αὐτοῦ
1443 1288 1700 1343 Σταυρακίῳ
1717 1300 1760 1335 19
1779 1299 1976 1335 W111100

140 1372 184 1407 15
201 1361 432 1415 ἀγαγέσθαι
473 1363 647 1413 γυναῖκα
681 1359 705 1400 ὁ
736 1358 927 1413 βασιλεὺς
965 1357 1189 1412 βουληθεὶς
1226 1356 1440 1412 Θεοφανὼ
1471 1356 1546 1411 τὴν
1570 1356 1699 1411 Ἀθη-

201 1430 334 1483 ναίαν,
365 1432 575 1483 προσγενῆ
600 1432 671 1482 τῆς
692 1427 930 1481 βασιλίσσης
951 1426 1138 1480 Εἰρήνης
1169 1425 1300 1467 οὖσαν
1331 1425 1401 1467 καὶ
1432 1425 1514 1480 ἤδη
1547 1441 1700 1480 κατηγ-

204 1559 223 1595 1
249 1557 328 1604 περὶ
352 1561 581 1603 πατριαρχῶν
607 1555 636 1593 C
733 1556 756 1592 2
780 1557 829 1591 ὅτι
854 1554 940 1601 μετὰ
965 1555 1023 1591 τὸν
1047 1555 1084 1591 ἐν
1109 1555 1219 1601 ἁγίοις
1241 1555 1413 1601 Ταράσιον
1430 1555 1451 1590 ὅ
1466 1556 1565 1594 θεῖος
1581 1555 1699 1600 Νικη-

200 1607 313 1652 φόρος
336 1606 588 1651 προεχειρίσθη
614 1604 834 1649 πατριάρχης
861 1603 890 1640 C
987 1603 1011 1638 4
1035 1603 1096 1639 καὶ
1121 1604 1219 1643 ὅπως
1243 1604 1264 1639 ὁ
1287 1603 1442 1639 Πλάτων
1465 1603 1526 1639 καὶ
1548 1604 1569 1638 ὁ
1584 1604 1698 1638 Στου-

200 1655 296 1700 δίτης
317 1654 506 1698 Θεόδωρος
523 1653 723 1693 ἐστασίαζον
738 1652 767 1688 C
873 1653 895 1686 9
920 1652 952 1687 εἰ
967 1651 1026 1687 διὰ
1044 1651 1235 1697 φιλαρχίαν
1252 1652 1272 1687 ὁ
1287 1652 1486 1697 μακαρίτης
1507 1651 1698 1696 Θεόδωρος

198 1702 402 1748 ἀπεσχίζπο
426 1701 470 1737 οὔ
495 1700 552 1736 τὸν
576 1701 656 1746 βίον
680 1700 879 1746 ᾖό<οῦ>ντο
904 1700 963 1735 καὶ
988 1699 1183 1745 ἄ<γ>γελοι,
1210 1699 1275 1744 οὐχ
1302 1700 1378 1745 ὁρῶ
1404 1700 1453 1738 τίς
1479 1701 1540 1741 (τις
1554 1698 1628 1743 Ar)
1655 1699 1698 1734 ἂν

199 1749 303 1789 ἄλλος
327 1749 370 1785 οὐ
396 1749 568 1795 φίλαρχος
592 1748 778 1793 νομισθείη
805 1746 864 1786 Ar
963 1747 1008 1783 14
1033 1748 1110 1782 οἵαν
1130 1753 1179 1792 τῷ
1198 1748 1266 1792 υἱῷ
1284 1747 1392 1782 αὐτοῦ
1412 1751 1462 1792 τῷ
1481 1747 1699 1792 Σταυρακίῳ

200 1798 419 1844 (σταβρακίω
445 1796 490 1839 Ε)
516 1801 664 1842 γυναῖκα
690 1796 893 1838 συνέζευξεν
919 1795 950 1830 Ε

276 1929 294 1964 1
321 1929 554 1974 μεταλαχότος
573 1928 614 1972 Ε,
644 1927 871 1967 ἀπολιπόντος
889 1927 920 1962 Β
1018 1929 1041 1963 3
1066 1927 1185 1974 ψήφῳ
1212 1933 1316 1974 κοινῇ
1342 1929 1433 1974 post
1457 1926 1638 1973 κυριακὴν
1664 1925 1700 1961 D

273 2013 297 2048 4
322 2016 417 2049 ante
442 2012 503 2048 καὶ
530 2011 622 2047 add.
649 2010 690 2047 δὲ
714 2011 749 2046 D
846 2012 869 2047 5
895 2011 1093 2057 ἡγουμένου
1111 1989 1291 2058 γεγένότος
1314 2010 1356 2056 Β,
1389 2011 1537 2057 quibus
1565 2011 1701 2047 verbis

275 2061 415 2096 inserit
440 2065 501 2096 τοῦ
527 2059 590 2097 Bw
688 2060 829 2095 σταδίου
856 2059 892 2094 D
998 2060 1019 2095 7
1045 2060 1203 2095 τοιούτου
1230 2059 1397 2105 Ewap
1506 2060 1529 2094 8
1556 2060 1617 2098 οὓς
1642 2059 1702 2094 καὶ

275 2119 350 2144 om.
378 2107 425 2152 D,
452 2107 581 2153 suppl.
601 2107 669 2145 Dw
782 2108 805 2143 9
828 2107 992 2154 βούλημα
1019 2107 1115 2153 Ewp
1224 2106 1355 2152 9-12]
1383 2117 1420 2141 v.
1454 2106 1641 2143 Theodor
1665 2117 1699 2142 υ.

273 2154 449 2192 Studion
475 2166 513 2190 u.
540 2154 627 2190 sein
654 2153 860 2191 Zeitalter.
888 2153 1022 2200 Leipz.
1050 2153 1325 2202 Inau9.-Diss.
1353 2165 1388 2190 v.
1410 2155 1505 2191 Cart
1529 2155 1702 2190 Thomas

274 2203 444 2239 Osnabr.
472 2203 564 2238 1892
590 2213 627 2248 p.
653 2203 700 2238 68
839 2202 884 2237 12
909 2203 1098 2248 φιλαρχίας
1125 2203 1159 2238 D
1306 2208 1365 2248 τῆς
1391 2203 1583 2248 ἐκκλησίας
1610 2207 1701 2249 post

274 2251 435 2296 γενέσθαι
459 2251 491 2286 O
628 2253 718 2296 poet
742 2250 919 2296 ἐγκρατεῖς
946 2251 1037 2286 add.
1064 2250 1162 2286 αὐτοὶ
1189 2251 1287 2297 pr
1421 2250 1465 2285 14
1489 2250 1648 2285 πλεῖστον
1674 2249 1703 2286 C

326 2298 379 2334 14.
406 2309 443 2345 p.
469 2298 550 2342 306,
578 2298 596 2333 1
624 2299 831 2343 σταβρακίω
858 2298 889 2333 Ε
915 2300 967 2340 (v.
995 2308 1151 2344 argum.
1179 2298 1232 2334 ad
1259 2299 1295 2334 h.
1322 2298 1361 2341 l.)

323 2426 559 2463 Patriarcha
585 2426 753 2462 Tarasio
786 2427 914 2472 prima
940 2427 1183 2463 ieiuniorum
1216 2426 1471 2464 hebdomade
1497 2427 1703 2471 defuncto,
1719 2430 1764 2465 14

204 2474 379 2511 inclutus
401 2474 661 2521 Nicephorus,
688 2485 713 2510 a
738 2475 913 2519 secretis,
941 2474 1143 2510 dominica
1168 2475 1369 2521 paschatis
1397 2476 1598 2511 communi
1624 2476 1704 2511 suf-

205 2523 339 2568 fragio
399 2523 602 2558 atriarcha
633 2526 691 2558 est
724 2522 885 2567 electus,
925 2523 989 2558 cui
1025 2523 1211 2558 electioni
1237 2522 1352 2558 Plato
1386 2527 1426 2559 et
1451 2523 1702 2567 Theodorus,
1720 2526 1763 2561 15

205 2570 333 2605 abbas
388 2569 585 2605 tudiensis
618 2570 862 2614 monasterii,
900 2581 943 2606 se
977 2575 1268 2616 opposuerunt,
1310 2570 1420 2617 quod
1451 2570 1703 2617 Nicephorus

207 2618 325 2653 homo
341 2617 465 2653 laicus
480 2618 756 2663 episcopatum
771 2618 904 2653 subito
920 2617 1092 2663 adeptus
1111 2622 1228 2662 esset,
1255 2628 1500 2664 quamquam
1520 2619 1560 2653 id
1580 2628 1703 2664 saepe

206 2665 423 2700 acciderat.
473 2666 583 2707 Quos
621 2676 692 2700 rex
726 2666 827 2701 urbe
860 2666 1008 2711 pellere
1041 2666 1080 2701 in
1114 2667 1248 2715 aii-imo
1277 2666 1417 2701 babuit
1444 2676 1577 2712 neque
1605 2676 1703 2702 vero
1721 2669 1764 2704 16

208 2712 247 2748 id
274 2713 483 2748 eonsilium
511 2716 570 2747 est
596 2717 826 2748 exsecutus,
876 2713 977 2750 Sunt
1004 2714 1072 2759 qui
1106 2714 1193 2749 illos
1226 2714 1376 2749 crimen
1409 2714 1538 2749 laicae
1572 2714 1704 2749 condi-
1721 2717 1764 2752 17

207 2761 327 2796 tionis
352 2761 479 2795 sancti
507 2759 720 2806 Nicephori
748 2761 956 2796 ambitioni
984 2771 1083 2797 suae
1114 2762 1394 2807 praetexuisse
1427 2762 1574 2805 dicant,
1614 2771 1703 2797 eum
1722 2764 1766 2800 18

208 2818 252 2843 re
278 2817 377 2843 vera
403 2808 476 2854 ipsi
505 2808 699 2843 ecelesiae
727 2809 925 2843 dominari
953 2812 992 2844 et
1019 2810 1267 2854 pontificium
1287 2809 1420 2855 Cpolis
1443 2809 1585 2844 solium
1615 2819 1705 2845 cou—

208 2855 402 2891 seendere
428 2856 607 2903 impense
634 2860 840 2902 cuperent.
891 2856 978 2892 Rex
1005 2856 1084 2892 filio
1111 2866 1281 2892 uxorem
1307 2857 1478 2892 daturus
1496 2857 1706 2904 Theopha·
1722 2860 1766 2897 19

209 2913 356 2940 nonem
374 2902 671 2948 Atheniensem,
711 2904 848 2940 irenes
875 2905 1044 2951 reginae
1070 2907 1287 2951 cognatam
1314 2905 1393 2940 iam
1422 2906 1508 2941 viro
1537 2907 1706 2953 despon-

210 2960 307 2996 sam,
333 2949 545 2989 stauracio
572 2952 827 2999 sponsalibus
854 2955 1008 2990 nefarie
1036 2954 1243 3001 diremptis
1269 2955 1491 2990 coniunxit.

284 3023 440 3053 Zonaras
460 3023 610 3060 Epa'eomo
632 3023 690 3053 111.
1457 3014 1503 3052 ‘20
