<?xml version="1.0" encoding="UTF-8"?>
<!DOCTYPE html PUBLIC "-//W3C//DTD XHTML 1.0 Transitional//EN"
    "http://www.w3.org/TR/xhtml1/DTD/xhtml1-transitional.dtd">
<html xmlns="http://www.w3.org/1999/xhtml" xml:lang="en" lang="en">
 <head>
  <title>
</title>
<meta http-equiv="Content-Type" content="text/html;charset=utf-8" />
  <meta name='ocr-system' content='tesseract 3.04.00' />
  <meta name='ocr-capabilities' content='ocr_page ocr_carea ocr_par ocr_line ocrx_word'/>
</head>
<body>
  <div class='ocr_page' id='page_1' title='image "./corpusscriptorum31niebuoft_0721.png"; bbox 0 0 2066 3230; ppageno 0'>
   <div class='ocr_carea' id='block_1_1' title="bbox 433 194 1750 234">
    <p class='ocr_par' dir='ltr' id='par_1_1' title="bbox 433 194 1750 234">
     <span class='ocr_line' id='line_1_1' title="bbox 433 194 1750 234; baseline -0.001 0"><span class='ocrx_word' id='word_1_1' title='bbox 433 195 650 234; x_wconf 80' lang='lat' dir='ltr'>MANVEL</span> <span class='ocrx_word' id='word_1_2' title='bbox 675 195 951 234; x_wconf 82' lang='lat' dir='ltr'>COMNENVS</span> <span class='ocrx_word' id='word_1_3' title='bbox 977 195 1177 234; x_wconf 86' lang='lat' dir='ltr'>CAPTVS</span> <span class='ocrx_word' id='word_1_4' title='bbox 1201 194 1562 233; x_wconf 79' lang='lat' dir='ltr'><strong>RESTITVITVR.</strong></span> <span class='ocrx_word' id='word_1_5' title='bbox 1678 196 1750 233; x_wconf 79' lang='lat'><strong><em>695</em></strong></span> 
     </span>
    </p>
   </div>
   <div class='ocr_carea' id='block_1_2' title="bbox 87 317 2016 1609">
    <p class='ocr_par' dir='ltr' id='par_1_2' title="bbox 246 317 1807 373">
     <span class='ocr_line' id='line_1_2' title="bbox 246 317 1807 373; baseline -0.001 -13"><span class='ocrx_word' id='word_1_6' title='bbox 246 317 478 373; x_wconf 82' lang='grc' dir='ltr'><strong><em>φεύγοντας</em></strong></span> <span class='ocrx_word' id='word_1_7' title='bbox 514 318 759 360; x_wconf 79' lang='grc' dir='ltr'><strong><em>ἐπεδίωκον.</em></strong></span> <span class='ocrx_word' id='word_1_8' title='bbox 821 318 869 360; x_wconf 84' lang='grc' dir='ltr'><strong><em>ἐκ</em></strong></span> <span class='ocrx_word' id='word_1_9' title='bbox 908 318 956 360; x_wconf 89' lang='grc' dir='ltr'><strong><em>δέ</em></strong></span> <span class='ocrx_word' id='word_1_10' title='bbox 995 334 1041 372; x_wconf 89' lang='grc' dir='ltr'><strong><em>γε</em></strong></span> <span class='ocrx_word' id='word_1_11' title='bbox 1080 318 1352 373; x_wconf 80' lang='grc' dir='ltr'><strong><em>συνθήματος</em></strong></span> <span class='ocrx_word' id='word_1_12' title='bbox 1390 318 1749 373; x_wconf 82' lang='grc' dir='ltr'><em>μεταστρέψαντες</em></span> <span class='ocrx_word' id='word_1_13' title='bbox 1763 322 1807 358; x_wconf 84' lang='grc'><strong><em>17</em></strong></span> 
     </span>
    </p>

    <p class='ocr_par' dir='ltr' id='par_1_3' title="bbox 244 385 1746 442">
     <span class='ocr_line' id='line_1_3' title="bbox 244 385 1746 442; baseline 0.001 -14"><span class='ocrx_word' id='word_1_14' title='bbox 244 386 294 428; x_wconf 88' lang='grc' dir='ltr'><strong><em>τὰ</em></strong></span> <span class='ocrx_word' id='word_1_15' title='bbox 330 390 443 428; x_wconf 89' lang='grc' dir='ltr'><strong><em>νῶτα</em></strong></span> <span class='ocrx_word' id='word_1_16' title='bbox 481 388 522 429; x_wconf 83' lang='grc' dir='ltr'><strong><em>οἱ</em></strong></span> <span class='ocrx_word' id='word_1_17' title='bbox 556 387 768 442; x_wconf 86' lang='grc' dir='ltr'><strong><em>βάρβαροι</em></strong></span> <span class='ocrx_word' id='word_1_18' title='bbox 807 387 1127 442; x_wconf 71' lang='grc' dir='ltr'><strong><em>ἐσκεδασμένοις</em></strong></span> <span class='ocrx_word' id='word_1_19' title='bbox 1163 390 1248 433; x_wconf 86' lang='grc' dir='ltr'><strong><em>τοῖς</em></strong></span> <span class='ocrx_word' id='word_1_20' title='bbox 1282 385 1507 441; x_wconf 89' lang='grc' dir='ltr'><strong><em>Ῥωμαίοις</em></strong></span> <span class='ocrx_word' id='word_1_21' title='bbox 1547 386 1746 429; x_wconf 76' lang='grc' dir='ltr'><strong><em>ἐπέθεντο</em></strong></span> 
     </span>
    </p>

    <p class='ocr_par' dir='ltr' id='par_1_4' title="bbox 243 455 1748 510">
     <span class='ocr_line' id='line_1_4' title="bbox 243 455 1748 510; baseline 0.001 -13"><span class='ocrx_word' id='word_1_22' title='bbox 243 455 315 497; x_wconf 87' lang='grc' dir='ltr'><strong><em>καὶ</em></strong></span> <span class='ocrx_word' id='word_1_23' title='bbox 344 455 526 502; x_wconf 83' lang='grc' dir='ltr'><strong><em>πολλοὺς</em></strong></span> <span class='ocrx_word' id='word_1_24' title='bbox 553 455 633 510; x_wconf 81' lang='grc' dir='ltr'><strong><em>μὲν</em></strong></span> <span class='ocrx_word' id='word_1_25' title='bbox 663 455 836 509; x_wconf 77' lang='grc' dir='ltr'><em>ἀνεῖλον,</em></span> <span class='ocrx_word' id='word_1_26' title='bbox 885 455 957 497; x_wconf 89' lang='grc' dir='ltr'><strong><em>καὶ</em></strong></span> <span class='ocrx_word' id='word_1_27' title='bbox 987 455 1098 498; x_wconf 87' lang='grc' dir='ltr'><strong><em>εἷλον</em></strong></span> <span class='ocrx_word' id='word_1_28' title='bbox 1129 456 1180 498; x_wconf 84' lang='grc' dir='ltr'><strong><em>οὐ</em></strong></span> <span class='ocrx_word' id='word_1_29' title='bbox 1210 455 1383 510; x_wconf 81' lang='grc' dir='ltr'><strong><em>μείονας</em></strong></span> <span class='ocrx_word' id='word_1_30' title='bbox 1413 455 1485 497; x_wconf 84' lang='grc' dir='ltr'><strong><em>καὶ</em></strong></span> <span class='ocrx_word' id='word_1_31' title='bbox 1516 455 1645 497; x_wconf 79' lang='grc' dir='ltr'><strong><em>αὐτὸν</em></strong></span> <span class='ocrx_word' id='word_1_32' title='bbox 1675 455 1748 498; x_wconf 88' lang='grc' dir='ltr'><strong><em>τὸν</em></strong></span> 
     </span>
    </p>

    <p class='ocr_par' dir='ltr' id='par_1_5' title="bbox 46 519 1806 582">
     <span class='ocr_line' id='line_1_5' title="bbox 87 519 1806 580; baseline -0.001 -15.023"><span class='ocrx_word' id='word_1_33' title='bbox 87 519 142 557; x_wconf 81' lang='lat' dir='ltr'><strong><em>IV</em></strong></span> <span class='ocrx_word' id='word_1_34' title='bbox 157 519 228 556; x_wconf 81' lang='lat'><strong><em>2¹1</em></strong></span> <span class='ocrx_word' id='word_1_35' title='bbox 243 524 504 579; x_wconf 89' lang='grc' dir='ltr'><strong><em>στρατάρχην</em></strong></span> <span class='ocrx_word' id='word_1_36' title='bbox 533 523 606 566; x_wconf 84' lang='grc' dir='ltr'><strong><em>τὸν</em></strong></span> <span class='ocrx_word' id='word_1_37' title='bbox 635 523 846 579; x_wconf 85' lang='grc' dir='ltr'><strong><em>Μανσυὴλ</em></strong></span> <span class='ocrx_word' id='word_1_38' title='bbox 877 524 949 566; x_wconf 85' lang='grc' dir='ltr'><strong><em>καὶ</em></strong></span> <span class='ocrx_word' id='word_1_39' title='bbox 979 523 1026 565; x_wconf 88' lang='grc' dir='ltr'><strong><em>τὸ</em></strong></span> <span class='ocrx_word' id='word_1_40' title='bbox 1058 523 1340 579; x_wconf 87' lang='grc' dir='ltr'><strong><em>στρατόπεδον</em></strong></span> <span class='ocrx_word' id='word_1_41' title='bbox 1371 523 1659 579; x_wconf 88' lang='grc' dir='ltr'><strong><em>διηρπάκασιν.</em></strong></span> <span class='ocrx_word' id='word_1_42' title='bbox 1718 525 1806 580; x_wconf 87' lang='grc' dir='ltr'><strong><em>ἠ18</em></strong></span> 
     </span>
    </p>

    <p class='ocr_par' dir='ltr' id='par_1_6' title="bbox 205 591 1962 922">
     <span class='ocr_line' id='line_1_6' title="bbox 205 591 1962 647; baseline 0 -15"><span class='ocrx_word' id='word_1_43' title='bbox 205 592 290 635; x_wconf 74' lang='grc' dir='ltr'><strong><em>ὅδὲ</em></strong></span> <span class='ocrx_word' id='word_1_44' title='bbox 326 592 422 647; x_wconf 83' lang='grc' dir='ltr'><strong><em>περὶ</em></strong></span> <span class='ocrx_word' id='word_1_45' title='bbox 459 593 621 634; x_wconf 89' lang='grc' dir='ltr'><strong><em>τούτων</em></strong></span> <span class='ocrx_word' id='word_1_46' title='bbox 659 593 826 647; x_wconf 80' lang='grc' dir='ltr'><em>ἀγγελία</em></span> <span class='ocrx_word' id='word_1_47' title='bbox 865 591 938 634; x_wconf 86' lang='grc' dir='ltr'><strong><em>τὸν</em></strong></span> <span class='ocrx_word' id='word_1_48' title='bbox 975 593 1268 647; x_wconf 81' lang='grc' dir='ltr'><strong><em>αὐτοκράτορα</em></strong></span> <span class='ocrx_word' id='word_1_49' title='bbox 1308 592 1533 647; x_wconf 81' lang='grc' dir='ltr'><strong><em>διετάραξε,</em></strong></span> <span class='ocrx_word' id='word_1_50' title='bbox 1579 592 1652 634; x_wconf 88' lang='grc' dir='ltr'><strong><em>καὶ</em></strong></span> <span class='ocrx_word' id='word_1_51' title='bbox 1690 593 1746 635; x_wconf 83' lang='grc' dir='ltr'><strong><em>ἔτι</em></strong></span> <span class='ocrx_word' id='word_1_52' title='bbox 1762 595 1962 632; x_wconf 85' lang='grc' dir='ltr'><strong>ΡΙΙ281Α</strong></span> 
     </span>
     <span class='ocr_line' id='line_1_7' title="bbox 241 658 1738 716; baseline 0 -14"><span class='ocrx_word' id='word_1_53' title='bbox 241 661 364 716; x_wconf 82' lang='grc' dir='ltr'><strong><em>φήμη</em></strong></span> <span class='ocrx_word' id='word_1_54' title='bbox 395 677 455 708; x_wconf 89' lang='grc' dir='ltr'><strong><em>τις</em></strong></span> <span class='ocrx_word' id='word_1_55' title='bbox 485 662 686 716; x_wconf 82' lang='grc' dir='ltr'><strong><em>γενομένη</em></strong></span> <span class='ocrx_word' id='word_1_56' title='bbox 704 658 781 707; x_wconf 64' lang='grc' dir='ltr'><strong><em>’ὡς</em></strong></span> <span class='ocrx_word' id='word_1_57' title='bbox 812 662 838 716; x_wconf 85' lang='grc' dir='ltr'>ἡ</span> <span class='ocrx_word' id='word_1_58' title='bbox 871 661 915 702; x_wconf 80' lang='grc' dir='ltr'><strong><em>ἐν</em></strong></span> <span class='ocrx_word' id='word_1_59' title='bbox 945 660 1122 708; x_wconf 89' lang='grc' dir='ltr'><strong><em>Χώναις</em></strong></span> <span class='ocrx_word' id='word_1_60' title='bbox 1157 661 1338 702; x_wconf 81' lang='grc' dir='ltr'><strong><em>πολιτεία</em></strong></span> <span class='ocrx_word' id='word_1_61' title='bbox 1369 660 1441 702; x_wconf 82' lang='grc' dir='ltr'><strong><em>καὶ</em></strong></span> <span class='ocrx_word' id='word_1_62' title='bbox 1470 659 1518 702; x_wconf 84' lang='grc' dir='ltr'><strong><em>τὸ</em></strong></span> <span class='ocrx_word' id='word_1_63' title='bbox 1549 660 1639 702; x_wconf 79' lang='grc' dir='ltr'><strong><em>ἐκεῖ</em></strong></span> <span class='ocrx_word' id='word_1_64' title='bbox 1663 664 1738 702; x_wconf 87' lang='grc' dir='ltr'><strong><em>τοῦ</em></strong></span> 
     </span>
     <span class='ocr_line' id='line_1_8' title="bbox 240 728 1743 784; baseline -0.001 -13"><span class='ocrx_word' id='word_1_65' title='bbox 240 730 570 784; x_wconf 84' lang='grc' dir='ltr'><strong><em>ἀρχιστρατήγου</em></strong></span> <span class='ocrx_word' id='word_1_66' title='bbox 600 730 853 784; x_wconf 87' lang='grc' dir='ltr'><strong><em>περίπυστον</em></strong></span> <span class='ocrx_word' id='word_1_67' title='bbox 883 730 1053 783; x_wconf 85' lang='grc' dir='ltr'><strong><em>τέμενος</em></strong></span> <span class='ocrx_word' id='word_1_68' title='bbox 1083 733 1168 776; x_wconf 86' lang='grc' dir='ltr'><strong><em>τοῖς</em></strong></span> <span class='ocrx_word' id='word_1_69' title='bbox 1198 729 1434 784; x_wconf 83' lang='grc' dir='ltr'><strong><em>βαρβάροις</em></strong></span> <span class='ocrx_word' id='word_1_70' title='bbox 1459 728 1743 784; x_wconf 87' lang='grc' dir='ltr'><strong><em>παρείληπται.</em></strong></span> 
     </span>
     <span class='ocr_line' id='line_1_9' title="bbox 241 796 1803 852; baseline -0.002 -13"><span class='ocrx_word' id='word_1_71' title='bbox 241 798 266 839; x_wconf 88' lang='grc' dir='ltr'>ὁ</span> <span class='ocrx_word' id='word_1_72' title='bbox 301 797 380 852; x_wconf 80' lang='grc' dir='ltr'><strong><em>μὲν</em></strong></span> <span class='ocrx_word' id='word_1_73' title='bbox 416 796 492 839; x_wconf 84' lang='grc' dir='ltr'><strong><em>οὖν</em></strong></span> <span class='ocrx_word' id='word_1_74' title='bbox 527 797 720 852; x_wconf 85' lang='grc' dir='ltr'><strong><em>βασιλεὺς</em></strong></span> <span class='ocrx_word' id='word_1_75' title='bbox 757 797 856 844; x_wconf 87' lang='grc' dir='ltr'><strong><em>ὅλος</em></strong></span> <span class='ocrx_word' id='word_1_76' title='bbox 892 797 945 852; x_wconf 87' lang='grc' dir='ltr'><strong><em>ἦν</em></strong></span> <span class='ocrx_word' id='word_1_77' title='bbox 981 801 1056 839; x_wconf 86' lang='grc' dir='ltr'><strong><em>τοῦ</em></strong></span> <span class='ocrx_word' id='word_1_78' title='bbox 1094 798 1241 839; x_wconf 87' lang='grc' dir='ltr'><strong><em>αὐτίκα</em></strong></span> <span class='ocrx_word' id='word_1_79' title='bbox 1279 801 1473 852; x_wconf 84' lang='grc' dir='ltr'><strong><em>χωρῆσαι</em></strong></span> <span class='ocrx_word' id='word_1_80' title='bbox 1510 797 1617 839; x_wconf 87' lang='grc' dir='ltr'><strong><em>κατὰ</em></strong></span> <span class='ocrx_word' id='word_1_81' title='bbox 1659 801 1744 840; x_wconf 86' lang='grc' dir='ltr'><strong><em>τῶν</em></strong></span> <span class='ocrx_word' id='word_1_82' title='bbox 1760 802 1803 837; x_wconf 85' lang='grc'><strong><em>19</em></strong></span> 
     </span>
     <span class='ocr_line' id='line_1_10' title="bbox 240 866 1744 922; baseline 0 -14"><span class='ocrx_word' id='word_1_83' title='bbox 240 866 455 920; x_wconf 87' lang='grc' dir='ltr'><strong><em>πολεμίων</em></strong></span> <span class='ocrx_word' id='word_1_84' title='bbox 485 866 556 908; x_wconf 82' lang='grc' dir='ltr'><strong><em>καὶ</em></strong></span> <span class='ocrx_word' id='word_1_85' title='bbox 595 867 800 921; x_wconf 79' lang='grc' dir='ltr'><strong><em>ἐπαρῆξαι</em></strong></span> <span class='ocrx_word' id='word_1_86' title='bbox 836 870 922 912; x_wconf 87' lang='grc' dir='ltr'><strong><em>τοῖς</em></strong></span> <span class='ocrx_word' id='word_1_87' title='bbox 958 866 1283 920; x_wconf 79' lang='grc' dir='ltr'><strong><em>κινδυνεύουσιν,</em></strong></span> <span class='ocrx_word' id='word_1_88' title='bbox 1332 866 1434 908; x_wconf 86' lang='grc' dir='ltr'><strong><em>ἀλλά</em></strong></span> <span class='ocrx_word' id='word_1_89' title='bbox 1477 882 1581 913; x_wconf 88' lang='grc' dir='ltr'><strong><em>τινες</em></strong></span> <span class='ocrx_word' id='word_1_90' title='bbox 1624 867 1744 922; x_wconf 76' lang='grc' dir='ltr'><strong><em>αὐτῷ</em></strong></span> 
     </span>
    </p>

    <p class='ocr_par' dir='ltr' id='par_1_7' title="bbox 184 933 2016 1264">
     <span class='ocr_line' id='line_1_11' title="bbox 184 933 2016 990; baseline -0.001 -12"><span class='ocrx_word' id='word_1_91' title='bbox 184 942 230 978; x_wconf 93' lang='grc'><strong><em>10</em></strong></span> <span class='ocrx_word' id='word_1_92' title='bbox 242 935 544 989; x_wconf 89' lang='grc' dir='ltr'><strong><em>συνεβούλευον</em></strong></span> <span class='ocrx_word' id='word_1_93' title='bbox 586 936 746 990; x_wconf 81' lang='grc' dir='ltr'><strong><em>ἐπέχειν</em></strong></span> <span class='ocrx_word' id='word_1_94' title='bbox 788 936 906 981; x_wconf 87' lang='grc' dir='ltr'><strong><em>τέως.</em></strong></span> <span class='ocrx_word' id='word_1_95' title='bbox 968 936 1012 977; x_wconf 81' lang='grc' dir='ltr'><strong><em>ἒν</em></strong></span> <span class='ocrx_word' id='word_1_96' title='bbox 1042 935 1202 981; x_wconf 88' lang='grc' dir='ltr'><strong><em>τούτοις</em></strong></span> <span class='ocrx_word' id='word_1_97' title='bbox 1240 934 1285 976; x_wconf 86' lang='grc' dir='ltr'><strong><em>δὲ</em></strong></span> <span class='ocrx_word' id='word_1_98' title='bbox 1324 933 1426 990; x_wconf 86' lang='grc' dir='ltr'><strong><em>ἧκεν</em></strong></span> <span class='ocrx_word' id='word_1_99' title='bbox 1457 935 1482 976; x_wconf 84' lang='grc' dir='ltr'>ὁ</span> <span class='ocrx_word' id='word_1_100' title='bbox 1513 934 1741 990; x_wconf 84' lang='grc' dir='ltr'><strong><em>Κομνηνὸς</em></strong></span> <span class='ocrx_word' id='word_1_101' title='bbox 1756 939 1803 975; x_wconf 88' lang='grc'><strong><em>20</em></strong></span> <span class='ocrx_word' id='word_1_102' title='bbox 1823 940 1870 976; x_wconf 91' lang='lat' dir='ltr'>W</span> <span class='ocrx_word' id='word_1_103' title='bbox 1880 940 2016 977; x_wconf 87' lang='grc'><strong>111223</strong></span> 
     </span>
     <span class='ocr_line' id='line_1_12' title="bbox 244 1003 1743 1059; baseline 0 -13"><span class='ocrx_word' id='word_1_104' title='bbox 244 1003 452 1059; x_wconf 88' lang='grc' dir='ltr'><strong><em>Μανουὴλ</em></strong></span> <span class='ocrx_word' id='word_1_105' title='bbox 480 1003 585 1058; x_wconf 83' lang='grc' dir='ltr'><strong><em>μετὰ</em></strong></span> <span class='ocrx_word' id='word_1_106' title='bbox 617 1003 689 1045; x_wconf 82' lang='grc' dir='ltr'><strong><em>καὶ</em></strong></span> <span class='ocrx_word' id='word_1_107' title='bbox 719 1007 793 1045; x_wconf 87' lang='grc' dir='ltr'><strong><em>τοῦ</em></strong></span> <span class='ocrx_word' id='word_1_108' title='bbox 826 1003 991 1050; x_wconf 81' lang='grc' dir='ltr'><strong><em>ἑλόντος</em></strong></span> <span class='ocrx_word' id='word_1_109' title='bbox 1021 1003 1149 1045; x_wconf 85' lang='grc' dir='ltr'><strong><em>αὐτὸν</em></strong></span> <span class='ocrx_word' id='word_1_110' title='bbox 1184 1003 1391 1058; x_wconf 86' lang='grc' dir='ltr'><strong><em>Τούρκου,</em></strong></span> <span class='ocrx_word' id='word_1_111' title='bbox 1431 1003 1743 1058; x_wconf 78' lang='grc' dir='ltr'><strong><em>προσελθόντος</em></strong></span> 
     </span>
     <span class='ocr_line' id='line_1_13' title="bbox 240 1071 1801 1128; baseline -0.002 -13"><span class='ocrx_word' id='word_1_112' title='bbox 240 1077 302 1127; x_wconf 81' lang='grc' dir='ltr'><strong><em>τῷ</em></strong></span> <span class='ocrx_word' id='word_1_113' title='bbox 331 1073 498 1128; x_wconf 85' lang='grc' dir='ltr'><strong><em>βασιλεῖ.</em></strong></span> <span class='ocrx_word' id='word_1_114' title='bbox 561 1073 608 1115; x_wconf 80' lang='grc' dir='ltr'><strong><em>ἔκ</em></strong></span> <span class='ocrx_word' id='word_1_115' title='bbox 641 1072 722 1127; x_wconf 88' lang='grc' dir='ltr'><strong><em>γάρ</em></strong></span> <span class='ocrx_word' id='word_1_116' title='bbox 752 1088 862 1119; x_wconf 89' lang='grc' dir='ltr'><strong><em>τινος</em></strong></span> <span class='ocrx_word' id='word_1_117' title='bbox 883 1073 1013 1119; x_wconf 84' lang='grc' dir='ltr'><strong><em>αἰτίας</em></strong></span> <span class='ocrx_word' id='word_1_118' title='bbox 1037 1073 1283 1127; x_wconf 88' lang='grc' dir='ltr'><strong><em>δυσμένειαν</em></strong></span> <span class='ocrx_word' id='word_1_119' title='bbox 1305 1073 1330 1114; x_wconf 85' lang='grc' dir='ltr'>ὁ</span> <span class='ocrx_word' id='word_1_120' title='bbox 1351 1071 1528 1114; x_wconf 86' lang='grc' dir='ltr'><strong><em>σουλτάν</em></strong></span> <span class='ocrx_word' id='word_1_121' title='bbox 1549 1072 1744 1128; x_wconf 75' lang='grc' dir='ltr'><strong><em>ἐσχηκὼς</em></strong></span> <span class='ocrx_word' id='word_1_122' title='bbox 1757 1077 1801 1112; x_wconf 84' lang='grc'><strong><em>21</em></strong></span> 
     </span>
     <span class='ocr_line' id='line_1_14' title="bbox 239 1140 1742 1197; baseline -0.001 -13"><span class='ocrx_word' id='word_1_123' title='bbox 239 1141 347 1184; x_wconf 85' lang='grc' dir='ltr'><strong><em>κατὰ</em></strong></span> <span class='ocrx_word' id='word_1_124' title='bbox 377 1145 451 1184; x_wconf 87' lang='grc' dir='ltr'><strong><em>τοῦ</em></strong></span> <span class='ocrx_word' id='word_1_125' title='bbox 483 1141 639 1197; x_wconf 83' lang='grc' dir='ltr'><strong><em>ἀνδρὸς</em></strong></span> <span class='ocrx_word' id='word_1_126' title='bbox 659 1140 851 1196; x_wconf 86' lang='grc' dir='ltr'><strong><em>στρατιὰν</em></strong></span> <span class='ocrx_word' id='word_1_127' title='bbox 872 1141 1127 1190; x_wconf 79' lang='grc' dir='ltr'><strong><em>ἐξαπέστειλε</em></strong></span> <span class='ocrx_word' id='word_1_128' title='bbox 1148 1140 1240 1183; x_wconf 86' lang='grc' dir='ltr'><strong><em>κατ’</em></strong></span> <span class='ocrx_word' id='word_1_129' title='bbox 1265 1141 1395 1183; x_wconf 81' lang='grc' dir='ltr'><strong><em>αὐτοῦ</em></strong></span> <span class='ocrx_word' id='word_1_130' title='bbox 1417 1141 1742 1197; x_wconf 82' lang='grc' dir='ltr'><strong><em>συλληψομένην</em></strong></span> 
     </span>
     <span class='ocr_line' id='line_1_15' title="bbox 240 1209 1803 1264; baseline -0.001 -13"><span class='ocrx_word' id='word_1_131' title='bbox 240 1210 378 1252; x_wconf 81' lang='grc' dir='ltr'><strong><em>αὐτόν.</em></strong></span> <span class='ocrx_word' id='word_1_132' title='bbox 443 1209 508 1253; x_wconf 86' lang='grc' dir='ltr'><strong><em>διὸ</em></strong></span> <span class='ocrx_word' id='word_1_133' title='bbox 546 1210 684 1256; x_wconf 78' lang='grc' dir='ltr'><strong><em>δείσας</em></strong></span> <span class='ocrx_word' id='word_1_134' title='bbox 721 1210 878 1256; x_wconf 83' lang='grc' dir='ltr'><strong><em>ἐκεῖνος</em></strong></span> <span class='ocrx_word' id='word_1_135' title='bbox 914 1210 1042 1252; x_wconf 83' lang='grc' dir='ltr'><strong><em>εἵλετο</em></strong></span> <span class='ocrx_word' id='word_1_136' title='bbox 1078 1215 1140 1264; x_wconf 80' lang='grc' dir='ltr'><strong><em>τῷ</em></strong></span> <span class='ocrx_word' id='word_1_137' title='bbox 1177 1210 1338 1264; x_wconf 87' lang='grc' dir='ltr'><strong><em>βασιλεῖ</em></strong></span> <span class='ocrx_word' id='word_1_138' title='bbox 1369 1214 1643 1264; x_wconf 79' lang='grc' dir='ltr'><strong><em>προσφυγεῖν,</em></strong></span> <span class='ocrx_word' id='word_1_139' title='bbox 1692 1212 1742 1252; x_wconf 88' lang='grc' dir='ltr'><strong><em>ὃν</em></strong></span> <span class='ocrx_word' id='word_1_140' title='bbox 1757 1214 1803 1250; x_wconf 88' lang='grc'><strong><em>22</em></strong></span> 
     </span>
    </p>

    <p class='ocr_par' dir='ltr' id='par_1_8' title="bbox 182 1278 1789 1402">
     <span class='ocr_line' id='line_1_16' title="bbox 182 1278 1736 1334; baseline -0.001 -12"><span class='ocrx_word' id='word_1_141' title='bbox 182 1286 227 1322; x_wconf 84' lang='grc'><strong><em>15</em></strong></span> <span class='ocrx_word' id='word_1_142' title='bbox 239 1278 387 1321; x_wconf 81' lang='grc' dir='ltr'><strong><em>αὐτίκα</em></strong></span> <span class='ocrx_word' id='word_1_143' title='bbox 418 1279 606 1334; x_wconf 83' lang='grc' dir='ltr'><strong><em>τετίμηκε</em></strong></span> <span class='ocrx_word' id='word_1_144' title='bbox 635 1278 864 1333; x_wconf 79' lang='grc' dir='ltr'><strong><em>πρόεδρον·</em></strong></span> <span class='ocrx_word' id='word_1_145' title='bbox 897 1278 950 1334; x_wconf 84' lang='grc' dir='ltr'><strong><em>ἦν</em></strong></span> <span class='ocrx_word' id='word_1_146' title='bbox 981 1278 1132 1333; x_wconf 57' lang='grc' dir='ltr'><strong><em>δὲτὴν</em></strong></span> <span class='ocrx_word' id='word_1_147' title='bbox 1160 1279 1322 1334; x_wconf 86' lang='grc' dir='ltr'><strong><em>ἡλικίαν</em></strong></span> <span class='ocrx_word' id='word_1_148' title='bbox 1351 1279 1628 1333; x_wconf 85' lang='grc' dir='ltr'><strong><em>βραχύτατος,</em></strong></span> <span class='ocrx_word' id='word_1_149' title='bbox 1661 1279 1736 1334; x_wconf 88' lang='grc' dir='ltr'><strong><em>τὴν</em></strong></span> 
     </span>
     <span class='ocr_line' id='line_1_17' title="bbox 240 1346 1789 1402; baseline -0.002 -12"><span class='ocrx_word' id='word_1_150' title='bbox 240 1346 286 1390; x_wconf 81' lang='grc' dir='ltr'><strong><em>δὲ</em></strong></span> <span class='ocrx_word' id='word_1_151' title='bbox 314 1347 491 1402; x_wconf 85' lang='grc' dir='ltr'><strong><em>μορφὴν</em></strong></span> <span class='ocrx_word' id='word_1_152' title='bbox 522 1347 849 1402; x_wconf 76' lang='grc' dir='ltr'><strong><em>εἰδεχθέστατος.</em></strong></span> <span class='ocrx_word' id='word_1_153' title='bbox 1758 1351 1789 1387; x_wconf 91' lang='grc' dir='ltr'>Β</span> 
     </span>
    </p>

    <p class='ocr_par' dir='ltr' id='par_1_9' title="bbox 350 1415 1815 1472">
     <span class='ocr_line' id='line_1_18' title="bbox 350 1415 1815 1472; baseline 0 -14"><span class='ocrx_word' id='word_1_154' title='bbox 350 1415 466 1458; x_wconf 79' lang='grc' dir='ltr'><strong><em>Ἐπεὶ</em></strong></span> <span class='ocrx_word' id='word_1_155' title='bbox 498 1416 543 1458; x_wconf 86' lang='grc' dir='ltr'><strong><em>δὲ</em></strong></span> <span class='ocrx_word' id='word_1_156' title='bbox 573 1415 620 1459; x_wconf 86' lang='grc' dir='ltr'><strong><em>τὸ</em></strong></span> <span class='ocrx_word' id='word_1_157' title='bbox 651 1417 728 1471; x_wconf 81' lang='grc' dir='ltr'><strong><em>ἔαρ</em></strong></span> <span class='ocrx_word' id='word_1_158' title='bbox 759 1416 1014 1471; x_wconf 83' lang='grc' dir='ltr'><strong><em>ὑπέλαμπεν,</em></strong></span> <span class='ocrx_word' id='word_1_159' title='bbox 1057 1416 1282 1471; x_wconf 81' lang='grc' dir='ltr'><strong><em>ἑμβεβήκει</em></strong></span> <span class='ocrx_word' id='word_1_160' title='bbox 1312 1415 1391 1470; x_wconf 88' lang='grc' dir='ltr'><strong><em>μὲν</em></strong></span> <span class='ocrx_word' id='word_1_161' title='bbox 1421 1420 1471 1471; x_wconf 81' lang='grc' dir='ltr'><strong><em>τῇ</em></strong></span> <span class='ocrx_word' id='word_1_162' title='bbox 1501 1417 1657 1472; x_wconf 90' lang='grc' dir='ltr'><strong><em>τριήρει</em></strong></span> <span class='ocrx_word' id='word_1_163' title='bbox 1688 1421 1738 1472; x_wconf 86' lang='grc' dir='ltr'><strong><em>τῇ</em></strong></span> <span class='ocrx_word' id='word_1_164' title='bbox 1762 1416 1815 1458; x_wconf 85' lang='grc'><strong><em>13</em></strong></span> 
     </span>
    </p>

    <p class='ocr_par' dir='ltr' id='par_1_10' title="bbox 239 1482 1741 1609">
     <span class='ocr_line' id='line_1_19' title="bbox 239 1482 1741 1540; baseline 0 -14"><span class='ocrx_word' id='word_1_165' title='bbox 239 1485 591 1540; x_wconf 81' lang='grc' dir='ltr'><strong><em>αὖτοκρατορικῇ·</em></strong></span> <span class='ocrx_word' id='word_1_166' title='bbox 640 1485 1017 1539; x_wconf 79' lang='grc' dir='ltr'><strong><em>διαπεραιουμένου</em></strong></span> <span class='ocrx_word' id='word_1_167' title='bbox 1063 1482 1100 1526; x_wconf 82' lang='grc' dir='ltr'><strong><em>δ’</em></strong></span> <span class='ocrx_word' id='word_1_168' title='bbox 1134 1485 1225 1539; x_wconf 85' lang='grc' dir='ltr'><strong><em>ἄρτι</em></strong></span> <span class='ocrx_word' id='word_1_169' title='bbox 1267 1484 1486 1539; x_wconf 84' lang='grc' dir='ltr'><strong><em>περιστερὰ</em></strong></span> <span class='ocrx_word' id='word_1_170' title='bbox 1531 1485 1582 1527; x_wconf 81' lang='grc' dir='ltr'><strong><em>οὗ</em></strong></span> <span class='ocrx_word' id='word_1_171' title='bbox 1629 1485 1741 1527; x_wconf 91' lang='grc' dir='ltr'><strong><em>πάνυ</em></strong></span> 
     </span>
     <span class='ocr_line' id='line_1_20' title="bbox 239 1553 1739 1609; baseline 0 -13"><span class='ocrx_word' id='word_1_172' title='bbox 239 1553 318 1608; x_wconf 82' lang='grc' dir='ltr'><strong><em>μὲν</em></strong></span> <span class='ocrx_word' id='word_1_173' title='bbox 346 1554 519 1609; x_wconf 88' lang='grc' dir='ltr'><strong><em>μέλαινα</em></strong></span> <span class='ocrx_word' id='word_1_174' title='bbox 550 1553 624 1609; x_wconf 90' lang='grc' dir='ltr'><strong><em>τὴν</em></strong></span> <span class='ocrx_word' id='word_1_175' title='bbox 654 1554 816 1609; x_wconf 89' lang='grc' dir='ltr'><strong><em>χροιάν,</em></strong></span> <span class='ocrx_word' id='word_1_176' title='bbox 859 1553 968 1608; x_wconf 85' lang='grc' dir='ltr'><strong><em>πρὸς</em></strong></span> <span class='ocrx_word' id='word_1_177' title='bbox 1000 1553 1045 1596; x_wconf 86' lang='grc' dir='ltr'><strong><em>δὲ</em></strong></span> <span class='ocrx_word' id='word_1_178' title='bbox 1076 1553 1122 1596; x_wconf 90' lang='grc' dir='ltr'><strong><em>τὸ</em></strong></span> <span class='ocrx_word' id='word_1_179' title='bbox 1152 1553 1404 1608; x_wconf 86' lang='grc' dir='ltr'><strong><em>μελάντερον</em></strong></span> <span class='ocrx_word' id='word_1_180' title='bbox 1436 1553 1720 1596; x_wconf 82' lang='grc' dir='ltr'><strong><em>ἀποκλίνουσα</em></strong></span> <span class='ocrx_word' id='word_1_181' title='bbox 1728 1587 1739 1608; x_wconf 96' lang='grc'><strong><em>,</em></strong></span> 
     </span>
    </p>
   </div>
   <div class='ocr_carea' id='block_1_3' title="bbox 0 0 70 2052">
    <p class='ocr_par' dir='ltr' id='par_1_11' title="bbox 0 0 70 2052">
     <span class='ocr_line' id='line_1_21' title="bbox 0 0 70 2052; baseline 0 0"><span class='ocrx_word' id='word_1_182' title='bbox 0 0 70 2052; x_wconf 95' lang='lat' dir='ltr'><strong><em>   </em></strong></span> 
     </span>
    </p>
   </div>
   <div class='ocr_carea' id='block_1_4' title="bbox 241 1694 1740 1791">
    <p class='ocr_par' dir='ltr' id='par_1_12' title="bbox 241 1694 1740 1791">
     <span class='ocr_line' id='line_1_22' title="bbox 243 1694 1740 1742; baseline 0 -11"><span class='ocrx_word' id='word_1_183' title='bbox 243 1696 287 1732; x_wconf 84' lang='grc'><strong><em>17</em></strong></span> <span class='ocrx_word' id='word_1_184' title='bbox 312 1696 335 1742; x_wconf 82' lang='grc' dir='ltr'><em>ἦ</em></span> <span class='ocrx_word' id='word_1_185' title='bbox 360 1695 534 1731; x_wconf 79' lang='grc' dir='ltr'><strong><em>τελευταία</em></strong></span> <span class='ocrx_word' id='word_1_186' title='bbox 558 1695 759 1741; x_wconf 84' lang='grc' dir='ltr'><strong><em>ἕκστρατεία</em></strong></span> <span class='ocrx_word' id='word_1_187' title='bbox 785 1696 1043 1742; x_wconf 76' lang='grc' dir='ltr'><strong><em>(ἐκστράτευσις</em></strong></span> <span class='ocrx_word' id='word_1_188' title='bbox 1058 1695 1103 1740; x_wconf 88' lang='grc' dir='ltr'><strong><em>Ε)</em></strong></span> <span class='ocrx_word' id='word_1_189' title='bbox 1130 1701 1191 1731; x_wconf 83' lang='grc' dir='ltr'><strong><em>τοῦ</em></strong></span> <span class='ocrx_word' id='word_1_190' title='bbox 1209 1695 1395 1741; x_wconf 87' lang='grc' dir='ltr'><strong><em>Διογένους</em></strong></span> <span class='ocrx_word' id='word_1_191' title='bbox 1412 1694 1474 1731; x_wconf 84' lang='grc' dir='ltr'><strong><em>καὶ</em></strong></span> <span class='ocrx_word' id='word_1_192' title='bbox 1499 1696 1564 1731; x_wconf 86' lang='grc' dir='ltr'><strong><em>ὅσα</em></strong></span> <span class='ocrx_word' id='word_1_193' title='bbox 1589 1695 1626 1731; x_wconf 81' lang='grc' dir='ltr'><strong><em>ἕν</em></strong></span> <span class='ocrx_word' id='word_1_194' title='bbox 1651 1695 1740 1742; x_wconf 83' lang='grc' dir='ltr'><strong><em>αὐτῇ</em></strong></span> 
     </span>
     <span class='ocr_line' id='line_1_23' title="bbox 241 1743 875 1791; baseline 0 -12"><span class='ocrx_word' id='word_1_195' title='bbox 241 1748 368 1789; x_wconf 80' lang='grc' dir='ltr'><strong><em>σημεῖα</em></strong></span> <span class='ocrx_word' id='word_1_196' title='bbox 393 1746 485 1786; x_wconf 88' lang='lat' dir='ltr'><strong>(om.</strong></span> <span class='ocrx_word' id='word_1_197' title='bbox 514 1743 559 1788; x_wconf 88' lang='grc' dir='ltr'><strong><em>Ε)</em></strong></span> <span class='ocrx_word' id='word_1_198' title='bbox 585 1744 784 1791; x_wconf 84' lang='grc' dir='ltr'><strong><em>συνέβησαν</em></strong></span> <span class='ocrx_word' id='word_1_199' title='bbox 811 1743 875 1780; x_wconf 85' lang='grc' dir='ltr'><strong><em>ΟΕ</em></strong></span> 
     </span>
    </p>
   </div>
   <div class='ocr_carea' id='block_1_5' title="bbox 310 1872 1742 1921">
    <p class='ocr_par' dir='ltr' id='par_1_13' title="bbox 310 1872 1742 1921">
     <span class='ocr_line' id='line_1_24' title="bbox 310 1872 1742 1921; baseline -0.001 -10"><span class='ocrx_word' id='word_1_200' title='bbox 310 1875 333 1911; x_wconf 89' lang='lat'><strong>3</strong></span> <span class='ocrx_word' id='word_1_201' title='bbox 359 1877 450 1921; x_wconf 75' lang='lat' dir='ltr'><strong>post</strong></span> <span class='ocrx_word' id='word_1_202' title='bbox 466 1874 571 1910; x_wconf 82' lang='grc' dir='ltr'><strong><em>αὐτὸν</em></strong></span> <span class='ocrx_word' id='word_1_203' title='bbox 588 1874 680 1910; x_wconf 79' lang='lat' dir='ltr'><strong><em>add.</em></strong></span> <span class='ocrx_word' id='word_1_204' title='bbox 699 1874 739 1910; x_wconf 82' lang='grc' dir='ltr'><strong><em>δὲ</em></strong></span> <span class='ocrx_word' id='word_1_205' title='bbox 755 1874 819 1911; x_wconf 88' lang='grc' dir='ltr'><strong><em>ΒΟ</em></strong></span> <span class='ocrx_word' id='word_1_206' title='bbox 916 1874 939 1910; x_wconf 82' lang='grc'>5</span> <span class='ocrx_word' id='word_1_207' title='bbox 964 1875 1098 1910; x_wconf 87' lang='grc' dir='ltr'><strong><em>τούτων</em></strong></span> <span class='ocrx_word' id='word_1_208' title='bbox 1124 1872 1312 1920; x_wconf 78' lang='lat' dir='ltr'><strong><em>stle’,</em></strong></span> <span class='ocrx_word' id='word_1_209' title='bbox 1339 1879 1460 1909; x_wconf 81' lang='grc' dir='ltr'><strong><em>τοῦτον</em></strong></span> <span class='ocrx_word' id='word_1_210' title='bbox 1479 1874 1514 1909; x_wconf 89' lang='grc' dir='ltr'><strong>Α</strong></span> <span class='ocrx_word' id='word_1_211' title='bbox 1612 1875 1634 1911; x_wconf 92' lang='grc'>8</span> <span class='ocrx_word' id='word_1_212' title='bbox 1659 1875 1742 1915; x_wconf 86' lang='grc' dir='ltr'><strong><em>ὅλος</em></strong></span> 
     </span>
    </p>
   </div>
   <div class='ocr_carea' id='block_1_6' title="bbox 310 1921 1740 1969">
    <p class='ocr_par' dir='ltr' id='par_1_14' title="bbox 310 1921 1740 1969">
     <span class='ocr_line' id='line_1_25' title="bbox 310 1921 1740 1969; baseline 0.001 -12"><span class='ocrx_word' id='word_1_213' title='bbox 310 1923 354 1968; x_wconf 85' lang='grc' dir='ltr'><strong><em>ἦν</em></strong></span> <span class='ocrx_word' id='word_1_214' title='bbox 372 1927 432 1958; x_wconf 87' lang='grc' dir='ltr'><strong><em>τοῦ</em></strong></span> <span class='ocrx_word' id='word_1_215' title='bbox 450 1922 577 1958; x_wconf 83' lang='grc' dir='ltr'><strong><em>αὐτίκα</em></strong></span> <span class='ocrx_word' id='word_1_216' title='bbox 594 1921 664 1957; x_wconf 84' lang='lat' dir='ltr'><strong><em>AR</em></strong></span> <span class='ocrx_word' id='word_1_217' title='bbox 672 1923 740 1958; x_wconf 90' lang='lat' dir='ltr'><strong><em>Wo</em></strong></span> <span class='ocrx_word' id='word_1_218' title='bbox 754 1922 832 1966; x_wconf 73' lang='lat' dir='ltr'><strong><em>lat„</em></strong></span> <span class='ocrx_word' id='word_1_219' title='bbox 858 1923 935 1958; x_wconf 86' lang='grc' dir='ltr'><strong><em>κατ’</em></strong></span> <span class='ocrx_word' id='word_1_220' title='bbox 955 1922 1052 1958; x_wconf 83' lang='grc' dir='ltr'><strong><em>αὐτῶ</em></strong></span> <span class='ocrx_word' id='word_1_221' title='bbox 1077 1926 1165 1967; x_wconf 81' lang='lat' dir='ltr'><strong>(pro</strong></span> <span class='ocrx_word' id='word_1_222' title='bbox 1189 1921 1268 1957; x_wconf 83' lang='grc' dir='ltr'><strong><em>κατ’</em></strong></span> <span class='ocrx_word' id='word_1_223' title='bbox 1287 1922 1380 1965; x_wconf 85' lang='grc' dir='ltr'><strong><em>αὐτὸ,</em></strong></span> <span class='ocrx_word' id='word_1_224' title='bbox 1407 1921 1483 1957; x_wconf 82' lang='grc' dir='ltr'><strong><em>κατ’</em></strong></span> <span class='ocrx_word' id='word_1_225' title='bbox 1502 1922 1619 1958; x_wconf 86' lang='grc' dir='ltr'><strong><em>αὐτῶν</em></strong></span> <span class='ocrx_word' id='word_1_226' title='bbox 1639 1923 1740 1969; x_wconf 85' lang='lat' dir='ltr'><strong>w*p)</strong></span> 
     </span>
    </p>
   </div>
   <div class='ocr_carea' id='block_1_7' title="bbox 0 1969 1741 2125">
    <p class='ocr_par' dir='ltr' id='par_1_15' title="bbox 0 1969 1741 2125">
     <span class='ocr_line' id='line_1_26' title="bbox 311 1969 1741 2024; baseline 0 -19"><span class='ocrx_word' id='word_1_227' title='bbox 311 1970 651 2024; x_wconf 51' lang='lat' dir='ltr'><strong>e&#39;stovieuoarosswp</strong></span> <span class='ocrx_word' id='word_1_228' title='bbox 748 1970 838 2006; x_wconf 83' lang='grc' dir='ltr'><strong><em>κατὰ</em></strong></span> <span class='ocrx_word' id='word_1_229' title='bbox 851 1970 971 2012; x_wconf 82' lang='lat' dir='ltr'>ARw,</span> <span class='ocrx_word' id='word_1_230' title='bbox 1000 1981 1075 2005; x_wconf 91' lang='lat' dir='ltr'><strong>om.</strong></span> <span class='ocrx_word' id='word_1_231' title='bbox 1092 1981 1115 2015; x_wconf 87' lang='lat' dir='ltr'><strong>p</strong></span> <span class='ocrx_word' id='word_1_232' title='bbox 1216 1970 1259 2004; x_wconf 90' lang='lat' dir='ltr'><strong><em>ll</em></strong></span> <span class='ocrx_word' id='word_1_233' title='bbox 1286 1970 1346 2004; x_wconf 85' lang='grc' dir='ltr'><strong><em>καὶ</em></strong></span> <span class='ocrx_word' id='word_1_234' title='bbox 1367 1980 1442 2004; x_wconf 88' lang='lat' dir='ltr'><strong><em>om.</em></strong></span> <span class='ocrx_word' id='word_1_235' title='bbox 1458 1969 1493 2004; x_wconf 95' lang='lat' dir='ltr'>D</span> <span class='ocrx_word' id='word_1_236' title='bbox 1571 1971 1615 2005; x_wconf 77' lang='lat'><strong><em>12</em></strong></span> <span class='ocrx_word' id='word_1_237' title='bbox 1640 1971 1741 2005; x_wconf 85' lang='grc' dir='ltr'><strong><em>σουλ-</em></strong></span> 
     </span>
     <span class='ocr_line' id='line_1_27' title="bbox 0 2016 1739 2073; baseline 0 -19"><span class='ocrx_word' id='word_1_238' title='bbox 0 2043 21 2073; x_wconf 48' lang='lat' dir='ltr'><strong>&#39;ili</strong></span> <span class='ocrx_word' id='word_1_239' title='bbox 312 2018 372 2054; x_wconf 81' lang='grc' dir='ltr'><strong><em>τὰν</em></strong></span> <span class='ocrx_word' id='word_1_240' title='bbox 399 2017 567 2064; x_wconf 76' lang='lat' dir='ltr'><strong><em>prDl,</em></strong></span> <span class='ocrx_word' id='word_1_241' title='bbox 593 2018 740 2053; x_wconf 71' lang='grc' dir='ltr'><strong><em>σοινλτᾶν</em></strong></span> <span class='ocrx_word' id='word_1_242' title='bbox 765 2016 811 2059; x_wconf 84' lang='grc' dir='ltr'><strong><em>Α,</em></strong></span> <span class='ocrx_word' id='word_1_243' title='bbox 838 2028 875 2052; x_wconf 87' lang='lat' dir='ltr'><strong><em>v.</em></strong></span> <span class='ocrx_word' id='word_1_244' title='bbox 903 2017 953 2053; x_wconf 82' lang='lat' dir='ltr'><strong><em>ad</em></strong></span> <span class='ocrx_word' id='word_1_245' title='bbox 980 2017 1091 2053; x_wconf 87' lang='lat' dir='ltr'>XVII</span> <span class='ocrx_word' id='word_1_246' title='bbox 1110 2017 1226 2062; x_wconf 80' lang='lat' dir='ltr'><strong>25‚2l</strong></span> <span class='ocrx_word' id='word_1_247' title='bbox 1330 2017 1372 2052; x_wconf 88' lang='lat'><strong><em>14</em></strong></span> <span class='ocrx_word' id='word_1_248' title='bbox 1398 2016 1467 2062; x_wconf 84' lang='grc' dir='ltr'><strong><em>διὸ]</em></strong></span> <span class='ocrx_word' id='word_1_249' title='bbox 1494 2018 1514 2053; x_wconf 81' lang='grc' dir='ltr'>ὅ</span> <span class='ocrx_word' id='word_1_250' title='bbox 1539 2017 1578 2053; x_wconf 85' lang='grc' dir='ltr'><strong><em>δὲ</em></strong></span> <span class='ocrx_word' id='word_1_251' title='bbox 1603 2017 1739 2064; x_wconf 75' lang='lat' dir='ltr'>DEWI)</span> 
     </span>
     <span class='ocr_line' id='line_1_28' title="bbox 0 2064 1739 2125; baseline 0 -24"><span class='ocrx_word' id='word_1_252' title='bbox 0 2074 21 2125; x_wconf 57' lang='grc' dir='ltr'><strong><em>ξ,</em></strong></span> <span class='ocrx_word' id='word_1_253' title='bbox 314 2066 369 2102; x_wconf 83' lang='lat'><strong><em>15.</em></strong></span> <span class='ocrx_word' id='word_1_254' title='bbox 398 2066 442 2101; x_wconf 86' lang='grc'><strong><em>16</em></strong></span> <span class='ocrx_word' id='word_1_255' title='bbox 467 2065 529 2111; x_wconf 79' lang='grc' dir='ltr'><strong><em>τὴν</em></strong></span> <span class='ocrx_word' id='word_1_256' title='bbox 554 2064 605 2111; x_wconf 83' lang='grc' dir='ltr'><strong><em>δὲ]</em></strong></span> <span class='ocrx_word' id='word_1_257' title='bbox 632 2065 693 2101; x_wconf 85' lang='grc' dir='ltr'><em>καί</em></span> <span class='ocrx_word' id='word_1_258' title='bbox 718 2065 779 2111; x_wconf 83' lang='grc' dir='ltr'><strong><em>τὴν</em></strong></span> <span class='ocrx_word' id='word_1_259' title='bbox 806 2064 967 2111; x_wconf 78' lang='lat' dir='ltr'><strong>BCEwp</strong></span> <span class='ocrx_word' id='word_1_260' title='bbox 1078 2065 1131 2100; x_wconf 78' lang='lat'><strong><em>17.</em></strong></span> <span class='ocrx_word' id='word_1_261' title='bbox 1161 2065 1205 2100; x_wconf 87' lang='lat'><strong><em>18</em></strong></span> <span class='ocrx_word' id='word_1_262' title='bbox 1230 2069 1271 2111; x_wconf 82' lang='grc' dir='ltr'><strong><em>τῆ</em></strong></span> <span class='ocrx_word' id='word_1_263' title='bbox 1296 2065 1579 2112; x_wconf 80' lang='grc' dir='ltr'><strong><em>αὐτοκρατορικῆ</em></strong></span> <span class='ocrx_word' id='word_1_264' title='bbox 1604 2066 1739 2112; x_wconf 85' lang='grc' dir='ltr'><strong><em>τριήρει</em></strong></span> 
     </span>
    </p>
   </div>
   <div class='ocr_carea' id='block_1_8' title="bbox 313 2111 1371 2159">
    <p class='ocr_par' dir='ltr' id='par_1_16' title="bbox 313 2111 1371 2159">
     <span class='ocr_line' id='line_1_29' title="bbox 313 2111 1371 2159; baseline -0.001 -10"><span class='ocrx_word' id='word_1_265' title='bbox 313 2113 377 2151; x_wconf 85' lang='grc' dir='ltr'><strong><em>ΒΟ</em></strong></span> <span class='ocrx_word' id='word_1_266' title='bbox 476 2114 530 2149; x_wconf 89' lang='lat'><strong><em>18.</em></strong></span> <span class='ocrx_word' id='word_1_267' title='bbox 546 2113 591 2149; x_wconf 87' lang='lat'><strong><em>19</em></strong></span> <span class='ocrx_word' id='word_1_268' title='bbox 613 2112 679 2159; x_wconf 78' lang='grc' dir='ltr'><strong><em>μὲν</em></strong></span> <span class='ocrx_word' id='word_1_269' title='bbox 704 2116 799 2149; x_wconf 83' lang='lat' dir='ltr'><strong>ante</strong></span> <span class='ocrx_word' id='word_1_270' title='bbox 824 2113 866 2149; x_wconf 84' lang='grc' dir='ltr'><strong><em>οὗ</em></strong></span> <span class='ocrx_word' id='word_1_271' title='bbox 894 2111 923 2150; x_wconf 90' lang='grc' dir='ltr'>Ο</span> <span class='ocrx_word' id='word_1_272' title='bbox 1021 2113 1066 2148; x_wconf 88' lang='grc'><strong><em>19</em></strong></span> <span class='ocrx_word' id='word_1_273' title='bbox 1091 2112 1309 2148; x_wconf 85' lang='grc' dir='ltr'><strong><em>ἀποκλίνασα</em></strong></span> <span class='ocrx_word' id='word_1_274' title='bbox 1335 2112 1371 2147; x_wconf 94' lang='lat' dir='ltr'>D</span> 
     </span>
    </p>
   </div>
   <div class='ocr_carea' id='block_1_9' title="bbox 241 2250 1802 2918">
    <p class='ocr_par' dir='ltr' id='par_1_17' title="bbox 241 2250 1802 2775">
     <span class='ocr_line' id='line_1_30' title="bbox 241 2250 1799 2297; baseline -0.001 -9"><span class='ocrx_word' id='word_1_275' title='bbox 241 2262 293 2288; x_wconf 88' lang='lat' dir='ltr'><strong><em>ex</em></strong></span> <span class='ocrx_word' id='word_1_276' title='bbox 329 2251 550 2297; x_wconf 90' lang='lat' dir='ltr'><strong>composito</strong></span> <span class='ocrx_word' id='word_1_277' title='bbox 585 2250 770 2287; x_wconf 88' lang='lat' dir='ltr'><strong>conversi</strong></span> <span class='ocrx_word' id='word_1_278' title='bbox 797 2250 1000 2286; x_wconf 84' lang='lat' dir='ltr'><strong>Romanos</strong></span> <span class='ocrx_word' id='word_1_279' title='bbox 1031 2250 1236 2297; x_wconf 81' lang='lat' dir='ltr'><strong>dispersos</strong></span> <span class='ocrx_word' id='word_1_280' title='bbox 1269 2251 1509 2286; x_wconf 82' lang='lat' dir='ltr'><strong>invaserunt</strong></span> <span class='ocrx_word' id='word_1_281' title='bbox 1542 2254 1581 2286; x_wconf 88' lang='lat' dir='ltr'><strong><em>et</em></strong></span> <span class='ocrx_word' id='word_1_282' title='bbox 1607 2251 1740 2286; x_wconf 84' lang='lat' dir='ltr'><strong>multis</strong></span> <span class='ocrx_word' id='word_1_283' title='bbox 1757 2250 1799 2286; x_wconf 81' lang='grc'><strong><em>17</em></strong></span> 
     </span>
     <span class='ocr_line' id='line_1_31' title="bbox 242 2297 1741 2358; baseline -0.001 -23"><span class='ocrx_word' id='word_1_284' title='bbox 242 2300 371 2336; x_wconf 85' lang='lat' dir='ltr'><strong>caesis</strong></span> <span class='ocrx_word' id='word_1_285' title='bbox 396 2309 473 2335; x_wconf 89' lang='lat' dir='ltr'><strong><em>nec</em></strong></span> <span class='ocrx_word' id='word_1_286' title='bbox 498 2298 761 2358; x_wconf 72' lang='lat' dir='ltr'><strong>paucioribus</strong></span> <span class='ocrx_word' id='word_1_287' title='bbox 787 2298 926 2344; x_wconf 87' lang='lat' dir='ltr'><strong>captis,</strong></span> <span class='ocrx_word' id='word_1_288' title='bbox 954 2299 1126 2344; x_wconf 89' lang='lat' dir='ltr'><strong>ipsoque</strong></span> <span class='ocrx_word' id='word_1_289' title='bbox 1147 2298 1252 2334; x_wconf 86' lang='lat' dir='ltr'><strong>duce</strong></span> <span class='ocrx_word' id='word_1_290' title='bbox 1269 2297 1467 2343; x_wconf 81' lang='lat' dir='ltr'><strong>MunueIe,</strong></span> <span class='ocrx_word' id='word_1_291' title='bbox 1495 2301 1628 2334; x_wconf 83' lang='lat' dir='ltr'><strong>castra</strong></span> <span class='ocrx_word' id='word_1_292' title='bbox 1651 2298 1741 2334; x_wconf 83' lang='lat' dir='ltr'><strong>diri·</strong></span> 
     </span>
     <span class='ocr_line' id='line_1_32' title="bbox 243 2345 1801 2394; baseline -0.003 -11"><span class='ocrx_word' id='word_1_293' title='bbox 243 2351 430 2394; x_wconf 86' lang='lat' dir='ltr'><strong>puerunt.</strong></span> <span class='ocrx_word' id='word_1_294' title='bbox 482 2347 539 2382; x_wconf 66' lang='lat' dir='ltr'><strong><em>ha</em></strong></span> <span class='ocrx_word' id='word_1_295' title='bbox 574 2356 650 2390; x_wconf 87' lang='lat' dir='ltr'><strong>res,</strong></span> <span class='ocrx_word' id='word_1_296' title='bbox 689 2356 764 2382; x_wconf 89' lang='lat' dir='ltr'><strong><em>nec</em></strong></span> <span class='ocrx_word' id='word_1_297' title='bbox 798 2346 930 2382; x_wconf 82' lang='lat' dir='ltr'><strong>minus</strong></span> <span class='ocrx_word' id='word_1_298' title='bbox 966 2346 1074 2381; x_wconf 80' lang='lat' dir='ltr'><strong>sama</strong></span> <span class='ocrx_word' id='word_1_299' title='bbox 1110 2345 1160 2382; x_wconf 89' lang='lat' dir='ltr'><strong><em>de</em></strong></span> <span class='ocrx_word' id='word_1_300' title='bbox 1193 2345 1421 2382; x_wconf 87' lang='lat' dir='ltr'><strong>Chonarum</strong></span> <span class='ocrx_word' id='word_1_301' title='bbox 1458 2346 1667 2391; x_wconf 78' lang='lat' dir='ltr'><strong>republica</strong></span> <span class='ocrx_word' id='word_1_302' title='bbox 1702 2346 1801 2382; x_wconf 67' lang='lat' dir='ltr'><strong>etl-‘5</strong></span> 
     </span>
     <span class='ocr_line' id='line_1_33' title="bbox 244 2393 1741 2440; baseline -0.002 -9"><span class='ocrx_word' id='word_1_303' title='bbox 244 2395 392 2431; x_wconf 80' lang='lat' dir='ltr'><strong>celebri</strong></span> <span class='ocrx_word' id='word_1_304' title='bbox 418 2393 455 2431; x_wconf 89' lang='lat' dir='ltr'><strong><em>S.</em></strong></span> <span class='ocrx_word' id='word_1_305' title='bbox 472 2394 676 2430; x_wconf 68' lang='lat' dir='ltr'><strong>Michaelis</strong></span> <span class='ocrx_word' id='word_1_306' title='bbox 702 2393 850 2440; x_wconf 89' lang='lat' dir='ltr'><strong>templo</strong></span> <span class='ocrx_word' id='word_1_307' title='bbox 877 2403 902 2429; x_wconf 86' lang='lat' dir='ltr'><strong>a</strong></span> <span class='ocrx_word' id='word_1_308' title='bbox 927 2394 1113 2429; x_wconf 80' lang='lat' dir='ltr'><strong>barbaris</strong></span> <span class='ocrx_word' id='word_1_309' title='bbox 1133 2397 1332 2439; x_wconf 88' lang='lat' dir='ltr'><strong>occupato</strong></span> <span class='ocrx_word' id='word_1_310' title='bbox 1352 2394 1634 2439; x_wconf 78' lang='lat' dir='ltr'><strong>imperatorem</strong></span> <span class='ocrx_word' id='word_1_311' title='bbox 1655 2404 1741 2439; x_wconf 83' lang='lat' dir='ltr'><strong>per·</strong></span> 
     </span>
     <span class='ocr_line' id='line_1_34' title="bbox 243 2441 1801 2487; baseline -0.003 -8"><span class='ocrx_word' id='word_1_312' title='bbox 243 2443 436 2487; x_wconf 82' lang='lat' dir='ltr'><strong>turbavit,</strong></span> <span class='ocrx_word' id='word_1_313' title='bbox 473 2446 518 2478; x_wconf 90' lang='lat' dir='ltr'><strong><em>ut</em></strong></span> <span class='ocrx_word' id='word_1_314' title='bbox 544 2445 652 2478; x_wconf 87' lang='lat' dir='ltr'><strong>totus</strong></span> <span class='ocrx_word' id='word_1_315' title='bbox 679 2442 720 2477; x_wconf 87' lang='lat' dir='ltr'><strong><em>in</em></strong></span> <span class='ocrx_word' id='word_1_316' title='bbox 746 2451 794 2477; x_wconf 89' lang='lat' dir='ltr'><strong><em>eo</em></strong></span> <span class='ocrx_word' id='word_1_317' title='bbox 821 2446 938 2484; x_wconf 86' lang='lat' dir='ltr'><strong>esset,</strong></span> <span class='ocrx_word' id='word_1_318' title='bbox 976 2445 1021 2476; x_wconf 87' lang='lat' dir='ltr'><strong><em>ut</em></strong></span> <span class='ocrx_word' id='word_1_319' title='bbox 1053 2451 1174 2487; x_wconf 79' lang='lat' dir='ltr'><strong>quam</strong></span> <span class='ocrx_word' id='word_1_320' title='bbox 1207 2442 1379 2487; x_wconf 89' lang='lat' dir='ltr'><strong>primum</strong></span> <span class='ocrx_word' id='word_1_321' title='bbox 1413 2441 1517 2476; x_wconf 84' lang='lat' dir='ltr'><strong>bello</strong></span> <span class='ocrx_word' id='word_1_322' title='bbox 1550 2441 1597 2476; x_wconf 89' lang='lat' dir='ltr'><strong><em>iis</em></strong></span> <span class='ocrx_word' id='word_1_323' title='bbox 1630 2441 1740 2477; x_wconf 87' lang='lat' dir='ltr'><strong>illato</strong></span> <span class='ocrx_word' id='word_1_324' title='bbox 1756 2441 1801 2475; x_wconf 80' lang='lat'><strong><em>19</em></strong></span> 
     </span>
     <span class='ocr_line' id='line_1_35' title="bbox 246 2487 1802 2537; baseline -0.002 -11"><span class='ocrx_word' id='word_1_325' title='bbox 246 2490 519 2537; x_wconf 78' lang='lat' dir='ltr'><strong>periclitantes</strong></span> <span class='ocrx_word' id='word_1_326' title='bbox 545 2493 817 2525; x_wconf 80' lang='lat' dir='ltr'><strong>conservaret.</strong></span> <span class='ocrx_word' id='word_1_327' title='bbox 868 2487 948 2524; x_wconf 85' lang='lat' dir='ltr'><strong><em>Sed</em></strong></span> <span class='ocrx_word' id='word_1_328' title='bbox 969 2488 1063 2524; x_wconf 88' lang='lat' dir='ltr'><strong>dum</strong></span> <span class='ocrx_word' id='word_1_329' title='bbox 1083 2488 1286 2525; x_wconf 82' lang='lat' dir='ltr'><strong>nonnullis</strong></span> <span class='ocrx_word' id='word_1_330' title='bbox 1304 2489 1561 2524; x_wconf 81' lang='lat' dir='ltr'><strong>monent-ibus</strong></span> <span class='ocrx_word' id='word_1_331' title='bbox 1579 2492 1741 2524; x_wconf 83' lang='lat' dir='ltr'><strong>cuncta·</strong></span> <span class='ocrx_word' id='word_1_332' title='bbox 1754 2487 1802 2523; x_wconf 85' lang='grc'><strong><em>20</em></strong></span> 
     </span>
     <span class='ocr_line' id='line_1_36' title="bbox 246 2535 1797 2583; baseline -0.002 -9"><span class='ocrx_word' id='word_1_333' title='bbox 246 2543 322 2583; x_wconf 88' lang='lat' dir='ltr'><strong>tur,</strong></span> <span class='ocrx_word' id='word_1_334' title='bbox 348 2537 464 2574; x_wconf 82' lang='lat' dir='ltr'><strong>adest</strong></span> <span class='ocrx_word' id='word_1_335' title='bbox 490 2536 720 2573; x_wconf 85' lang='lat' dir='ltr'><strong>Conmenus</strong></span> <span class='ocrx_word' id='word_1_336' title='bbox 746 2546 836 2572; x_wconf 88' lang='lat' dir='ltr'><strong>cum</strong></span> <span class='ocrx_word' id='word_1_337' title='bbox 864 2547 912 2572; x_wconf 91' lang='lat' dir='ltr'><strong><em>eo</em></strong></span> <span class='ocrx_word' id='word_1_338' title='bbox 939 2535 1085 2581; x_wconf 73' lang='lat' dir='ltr'><strong>Tui-ca,</strong></span> <span class='ocrx_word' id='word_1_339' title='bbox 1115 2546 1140 2572; x_wconf 82' lang='lat' dir='ltr'><strong>a</strong></span> <span class='ocrx_word' id='word_1_340' title='bbox 1166 2546 1246 2581; x_wconf 90' lang='lat' dir='ltr'><strong><em>quo</em></strong></span> <span class='ocrx_word' id='word_1_341' title='bbox 1273 2541 1416 2582; x_wconf 86' lang='lat' dir='ltr'><strong>captus</strong></span> <span class='ocrx_word' id='word_1_342' title='bbox 1443 2537 1588 2572; x_wconf 82' lang='lat' dir='ltr'><strong>fuerat.</strong></span> <span class='ocrx_word' id='word_1_343' title='bbox 1639 2535 1739 2572; x_wconf 90' lang='lat' dir='ltr'><strong>Nam</strong></span> <span class='ocrx_word' id='word_1_344' title='bbox 1754 2536 1797 2571; x_wconf 83' lang='lat'><strong><em>21</em></strong></span> 
     </span>
     <span class='ocr_line' id='line_1_37' title="bbox 244 2583 1738 2630; baseline -0.001 -9"><span class='ocrx_word' id='word_1_345' title='bbox 244 2587 288 2630; x_wconf 87' lang='lat' dir='ltr'><strong><em>is,</em></strong></span> <span class='ocrx_word' id='word_1_346' title='bbox 315 2595 407 2621; x_wconf 89' lang='lat' dir='ltr'><strong>cum</strong></span> <span class='ocrx_word' id='word_1_347' title='bbox 434 2584 618 2621; x_wconf 87' lang='lat' dir='ltr'><strong>sultanus</strong></span> <span class='ocrx_word' id='word_1_348' title='bbox 645 2585 696 2620; x_wconf 95' lang='lat' dir='ltr'><strong><em>ob</em></strong></span> <span class='ocrx_word' id='word_1_349' title='bbox 723 2585 874 2620; x_wconf 80' lang='lat' dir='ltr'><strong>crimen</strong></span> <span class='ocrx_word' id='word_1_350' title='bbox 900 2583 1103 2630; x_wconf 81' lang='lat' dir='ltr'><strong>quoddam</strong></span> <span class='ocrx_word' id='word_1_351' title='bbox 1132 2584 1281 2619; x_wconf 85' lang='lat' dir='ltr'><strong>homini</strong></span> <span class='ocrx_word' id='word_1_352' title='bbox 1307 2584 1490 2620; x_wconf 82' lang='lat' dir='ltr'><strong>infensus</strong></span> <span class='ocrx_word' id='word_1_353' title='bbox 1516 2584 1738 2619; x_wconf 80' lang='lat' dir='ltr'><strong>exercitum</strong></span> 
     </span>
     <span class='ocr_line' id='line_1_38' title="bbox 244 2631 1800 2679; baseline -0.002 -10"><span class='ocrx_word' id='word_1_354' title='bbox 244 2633 296 2669; x_wconf 86' lang='lat' dir='ltr'><strong><em>ad</em></strong></span> <span class='ocrx_word' id='word_1_355' title='bbox 323 2643 415 2669; x_wconf 86' lang='lat' dir='ltr'><strong><em>enm</em></strong></span> <span class='ocrx_word' id='word_1_356' title='bbox 442 2632 865 2679; x_wconf 82' lang='lat' dir='ltr'><strong>comprehendendum</strong></span> <span class='ocrx_word' id='word_1_357' title='bbox 893 2632 1075 2676; x_wconf 78' lang='lat' dir='ltr'><strong>misisset,</strong></span> <span class='ocrx_word' id='word_1_358' title='bbox 1102 2635 1213 2667; x_wconf 89' lang='lat' dir='ltr'><strong>metu</strong></span> <span class='ocrx_word' id='word_1_359' title='bbox 1240 2642 1397 2677; x_wconf 87' lang='lat' dir='ltr'><strong>poenae</strong></span> <span class='ocrx_word' id='word_1_360' title='bbox 1424 2632 1661 2677; x_wconf 83' lang='lat' dir='ltr'><strong>perterritus</strong></span> <span class='ocrx_word' id='word_1_361' title='bbox 1687 2631 1739 2666; x_wconf 89' lang='lat' dir='ltr'><strong><em>ad</em></strong></span> <span class='ocrx_word' id='word_1_362' title='bbox 1754 2631 1800 2666; x_wconf 75' lang='lat'><strong><em>22</em></strong></span> 
     </span>
     <span class='ocr_line' id='line_1_39' title="bbox 244 2678 1740 2727; baseline -0.001 -11"><span class='ocrx_word' id='word_1_363' title='bbox 244 2691 382 2727; x_wconf 79' lang='lat' dir='ltr'><strong>regem</strong></span> <span class='ocrx_word' id='word_1_364' title='bbox 406 2681 602 2727; x_wconf 77' lang='lat' dir='ltr'><strong>confugit,</strong></span> <span class='ocrx_word' id='word_1_365' title='bbox 630 2691 654 2716; x_wconf 86' lang='lat' dir='ltr'><strong>a</strong></span> <span class='ocrx_word' id='word_1_366' title='bbox 681 2690 761 2726; x_wconf 84' lang='lat' dir='ltr'><strong><em>quo</em></strong></span> <span class='ocrx_word' id='word_1_367' title='bbox 787 2680 921 2715; x_wconf 82' lang='lat' dir='ltr'><strong>statim</strong></span> <span class='ocrx_word' id='word_1_368' title='bbox 948 2689 1111 2725; x_wconf 79' lang='lat' dir='ltr'><strong>praeses</strong></span> <span class='ocrx_word' id='word_1_369' title='bbox 1138 2682 1197 2715; x_wconf 88' lang='lat' dir='ltr'><strong><em>est</em></strong></span> <span class='ocrx_word' id='word_1_370' title='bbox 1217 2678 1471 2725; x_wconf 85' lang='lat' dir='ltr'><strong>designatus;</strong></span> <span class='ocrx_word' id='word_1_371' title='bbox 1498 2683 1586 2715; x_wconf 81' lang='lat' dir='ltr'><strong>erat·</strong></span> <span class='ocrx_word' id='word_1_372' title='bbox 1603 2682 1740 2714; x_wconf 80' lang='lat' dir='ltr'><strong>autem</strong></span> 
     </span>
     <span class='ocr_line' id='line_1_40' title="bbox 245 2726 1085 2775; baseline -0.004 -11"><span class='ocrx_word' id='word_1_373' title='bbox 245 2738 374 2775; x_wconf 85' lang='lat' dir='ltr'><strong>parva</strong></span> <span class='ocrx_word' id='word_1_374' title='bbox 399 2732 556 2765; x_wconf 86' lang='lat' dir='ltr'><strong>statura</strong></span> <span class='ocrx_word' id='word_1_375' title='bbox 581 2731 622 2764; x_wconf 91' lang='lat' dir='ltr'><strong><em>et</em></strong></span> <span class='ocrx_word' id='word_1_376' title='bbox 647 2731 815 2774; x_wconf 86' lang='lat' dir='ltr'><strong>aspectu</strong></span> <span class='ocrx_word' id='word_1_377' title='bbox 841 2726 1085 2763; x_wconf 80' lang='lat' dir='ltr'><strong>foedissimo.</strong></span> 
     </span>
    </p>

    <p class='ocr_par' dir='ltr' id='par_1_18' title="bbox 244 2774 1739 2918">
     <span class='ocr_line' id='line_1_41' title="bbox 364 2774 1737 2822; baseline -0.002 -11"><span class='ocrx_word' id='word_1_378' title='bbox 364 2775 418 2812; x_wconf 90' lang='grc'><strong><em>13.</em></strong></span> <span class='ocrx_word' id='word_1_379' title='bbox 469 2776 568 2813; x_wconf 90' lang='lat' dir='ltr'><strong>Cum</strong></span> <span class='ocrx_word' id='word_1_380' title='bbox 594 2779 806 2822; x_wconf 81' lang='lat' dir='ltr'><strong>appeteret</strong></span> <span class='ocrx_word' id='word_1_381' title='bbox 832 2784 915 2818; x_wconf 88' lang='lat' dir='ltr'><strong>ver,</strong></span> <span class='ocrx_word' id='word_1_382' title='bbox 942 2774 1093 2810; x_wconf 88' lang='lat' dir='ltr'><strong>triremi</strong></span> <span class='ocrx_word' id='word_1_383' title='bbox 1114 2774 1373 2819; x_wconf 84' lang='lat' dir='ltr'><strong>imperatoria</strong></span> <span class='ocrx_word' id='word_1_384' title='bbox 1392 2783 1615 2809; x_wconf 82' lang='lat' dir='ltr'><strong>conscensa</strong></span> <span class='ocrx_word' id='word_1_385' title='bbox 1663 2777 1737 2809; x_wconf 87' lang='lat' dir='ltr'><strong>ost-</strong></span> 
     </span>
     <span class='ocr_line' id='line_1_42' title="bbox 245 2821 1739 2870; baseline -0.002 -11"><span class='ocrx_word' id='word_1_386' title='bbox 245 2833 367 2869; x_wconf 84' lang='lat' dir='ltr'><strong>quam</strong></span> <span class='ocrx_word' id='word_1_387' title='bbox 398 2823 468 2859; x_wconf 84' lang='lat' dir='ltr'><strong><em>vix</em></strong></span> <span class='ocrx_word' id='word_1_388' title='bbox 501 2835 524 2859; x_wconf 89' lang='lat' dir='ltr'><strong><em>e</em></strong></span> <span class='ocrx_word' id='word_1_389' title='bbox 557 2828 677 2870; x_wconf 88' lang='lat' dir='ltr'><strong>portu</strong></span> <span class='ocrx_word' id='word_1_390' title='bbox 710 2823 840 2864; x_wconf 86' lang='lat' dir='ltr'><strong>solvit,</strong></span> <span class='ocrx_word' id='word_1_391' title='bbox 880 2821 1067 2858; x_wconf 88' lang='lat' dir='ltr'><strong>columba</strong></span> <span class='ocrx_word' id='word_1_392' title='bbox 1107 2832 1187 2857; x_wconf 89' lang='lat' dir='ltr'><strong><em>non</em></strong></span> <span class='ocrx_word' id='word_1_393' title='bbox 1227 2831 1391 2867; x_wconf 84' lang='lat' dir='ltr'><strong>prorsus</strong></span> <span class='ocrx_word' id='word_1_394' title='bbox 1431 2822 1551 2867; x_wconf 82' lang='lat' dir='ltr'><strong>nigra</strong></span> <span class='ocrx_word' id='word_1_395' title='bbox 1583 2832 1626 2857; x_wconf 86' lang='lat' dir='ltr'><strong><em>se</em></strong></span> <span class='ocrx_word' id='word_1_396' title='bbox 1686 2821 1739 2856; x_wconf 81' lang='lat' dir='ltr'><strong><em>ad</em></strong></span> 
     </span>
     <span class='ocr_line' id='line_1_43' title="bbox 244 2868 1739 2918; baseline -0.001 -11"><span class='ocrx_word' id='word_1_397' title='bbox 244 2870 499 2918; x_wconf 85' lang='lat' dir='ltr'><strong>nigredinem</strong></span> <span class='ocrx_word' id='word_1_398' title='bbox 524 2871 722 2908; x_wconf 83' lang='lat' dir='ltr'><strong>inclinans</strong></span> <span class='ocrx_word' id='word_1_399' title='bbox 749 2870 835 2907; x_wconf 84' lang='lat' dir='ltr'><strong>eius</strong></span> <span class='ocrx_word' id='word_1_400' title='bbox 861 2870 1064 2907; x_wconf 85' lang='lat' dir='ltr'><strong>triremem</strong></span> <span class='ocrx_word' id='word_1_401' title='bbox 1084 2868 1392 2906; x_wconf 86' lang='lat' dir='ltr'><strong>circumvolavit</strong></span> <span class='ocrx_word' id='word_1_402' title='bbox 1410 2879 1486 2905; x_wconf 90' lang='lat' dir='ltr'><strong><em>nec</em></strong></span> <span class='ocrx_word' id='word_1_403' title='bbox 1506 2869 1614 2905; x_wconf 80' lang='lat' dir='ltr'><strong>circa</strong></span> <span class='ocrx_word' id='word_1_404' title='bbox 1631 2868 1739 2905; x_wconf 86' lang='lat' dir='ltr'><strong>illam</strong></span> 
     </span>
    </p>
   </div>
  </div>
 </body>
</html>
