2054 3282
340 248 410 290 576
717 249 898 290 ZONAR.
925 247 1055 288 EPIT.
1083 247 1195 288 XVII
1220 250 1276 295 11,
1304 248 1454 288 12-22.

342 379 431 428 ροῖς
458 375 712 428 ἐπιτίθενται,
746 374 816 415 καὶ
847 374 1019 419 τούτους
1052 373 1376 428 διαχρησάμενοι
1407 374 1523 415 αὐτοὶ
1553 378 1638 416 τῶν
1668 375 1834 418 πόλεων

284 447 328 482 13
343 443 556 497 γεγόνασιν
593 443 811 496 ἐγκρατεῖς.
876 442 900 482 ὁ
934 441 978 483 δὲ
1009 445 1082 482 τοῦ
1114 441 1264 482 Χάλεπ
1302 441 1487 496 ἀρχηγὸς
1518 443 1588 483 καὶ
1620 443 1835 498 ἐκδρομὰς

341 511 593 564 ποιούμενος
624 514 806 564 συνεχεῖς
838 510 966 563 αὑτήν
997 526 1038 550 τε
1059 510 1132 564 τὴν
1153 509 1400 564 Ἀντιόχειαν
1422 510 1493 551 καὶ
1515 511 1593 552 ὅσα
1625 511 1832 565 πρόσοικα
1848 515 1883 550 Ι)
1906 516 1958 552 lv
1977 517 2047 552 130

282 584 328 618 14
341 579 443 633 ἔθνη
484 582 568 619 τῶν
599 578 758 631 Σύρων
796 583 848 632 γῇ
879 578 950 619 καὶ
980 582 1064 624 τοῖς
1090 578 1312 632 Ῥωμαίοις
1344 579 1511 632 ὑπήκοα
1544 579 1732 634 ἐληίζετο.
1795 579 1834 634 ᾧ

290 647 775 700 Βάντιπαραταξάμενος
814 647 838 687 ὁ
874 651 946 700 τῆς
971 646 1217 700 Ἀντιοχείας
1255 646 1371 700 δούξ,
1416 648 1470 687 ἔτι
1508 648 1722 701 περιόντος
1760 653 1870 690 τοῦῖ)

340 715 652 769 αὐτοκράτορος
674 715 1007 768 Κωνσταντίνου,
1041 716 1226 769 αἰσχρῶς
1247 716 1420 770 ἡττήθη,
1453 715 1524 756 καὶ
1544 715 1640 762 τοὺς
1669 716 1835 762 πλείους

339 786 424 823 τῶν
463 783 538 824 σὺν
577 784 694 836 αὐτῷ
733 783 1040 837 ἀποβεβληκὼς
1077 783 1197 837 μόλις
1235 784 1430 838 ἠδυνήθη
1475 788 1621 838 φυγεῖν
1664 785 1832 830 ἐκεῖνος.

282 856 326 890 15
339 855 484 892 τοῦτον
506 851 530 892 ὁ
551 850 771 905 Ἶ)ωμανός
792 851 1052 906 ἀφελόμενος
1072 851 1145 905 τὴν
1168 851 1303 906 ἀρχὴν
1333 853 1644 906 προεχειρίσατο
1676 853 1833 906 ἕτερον·

340 919 561 974 ἐξώρμησε
606 920 650 960 δὲ
694 920 900 973 κάκεῖνος,
945 920 1015 961 καὶ
1059 920 1217 961 ἀπιόντι
1259 921 1452 974 προσίασι
1495 922 1688 976 πρέσβεις
1729 922 1832 976 μετὰ

340 988 498 1041 δώρων
533 988 772 1029 πολυτελῶν
811 987 919 1041 πρὸς
955 992 1028 1029 τοῦ
1065 988 1302 1029 Χαλεπίτου
1341 989 1650 1043 ἀπεσταλμένοι,
1695 991 1831 1031 αἰτου-
1849 995 1894 1030 10

338 1057 469 1109 μένου
502 1057 755 1111 συγγνώμης
786 1061 920 1110 τυχεῖν
951 1057 1022 1097 καὶ
1057 1056 1131 1111 τὴν
1171 1057 1360 1098 δουλείαν
1399 1058 1721 1099 ἀνανεώσασθαι
1763 1058 1834 1100 καὶ

340 1124 573 1165 ἀποδοῦναι
604 1124 677 1170 τὰς
708 1126 922 1179 εἰσφοράς,
956 1126 1076 1179 αἵπερ
1109 1126 1254 1179 ἔτυχον
1275 1126 1562 1181 ὑστερήσασαι,
1593 1126 1664 1168 καὶ
1684 1127 1834 1173 ταύτας

282 1199 325 1233 16
340 1192 512 1246 ἒτησίως
543 1194 746 1248 εἰσφέρειν
770 1193 858 1247 μετ’
883 1194 1209 1248 εὐγνωμοσύνης
1231 1195 1288 1239 εἷς
1308 1194 1354 1235 τὸ
1377 1194 1502 1235 ἐπιόν.
1565 1195 1589 1236 ὁ
1612 1195 1670 1249 δέ,
1703 1195 1834 1237 καίτοι

338 1261 507 1302 πολλῶν
538 1261 609 1302 καὶ
641 1262 899 1316 στρατηγίαις
930 1262 1148 1316 ἐπιφανῶν
1179 1262 1502 1317 ἀποτρεπόντων
1533 1264 1649 1317 αὐτῷ
1678 1263 1752 1318 τὴν
1777 1265 1834 1310 εἷς

338 1328 384 1370 τὸ
423 1329 573 1383 πρόσω
613 1329 754 1383 φορὰν
791 1330 854 1376 ὡς
891 1330 1144 1384 ἀσύμφορον
1181 1330 1252 1372 καὶ
1289 1332 1535 1372 σπείσασθαι
1573 1333 1831 1387 συμβουλευ-
1850 1338 1892 1372 15

339 1397 487 1451 όντων,
534 1399 613 1439 οὐκ
658 1399 865 1452 ἀνείργετο
908 1403 980 1453 τῆς
1024 1399 1173 1453 ὁρμῆς,
1219 1399 1320 1440 ἀλλὰ
1365 1401 1471 1454 ῥᾷον
1508 1405 1709 1455 κρατῆσαι
1747 1404 1832 1442 τῶν

125 1466 578 1520 ΡΙΙΞΒΙΑἎγαρηνῶν
622 1467 873 1520 έφαντάζετο
917 1467 987 1508 καὶ
1029 1472 1150 1508 τοῦτο
1194 1468 1505 1521 κατωρθωκὼς
1546 1469 1654 1523 μέγα
1691 1485 1725 1510 τι
1761 1468 1832 1510 καὶ

280 1542 325 1579 17
338 1535 577 1589 ὑπέρογκον
608 1536 714 1589 ᾤετο
747 1536 885 1589 ἑαυτῷ
914 1537 1266 1590 περιποιήσασθαι
1305 1537 1613 1591 σεμνολόγημα.
1676 1538 1833 1578 ἄπεισιν

281 1602 415 1645 18οὗν
446 1603 490 1644 ἓν
521 1603 659 1657 Συρίᾳ
695 1603 767 1645 καὶ
803 1603 993 1657 βάλλεται
1031 1605 1213 1659 χάρακα.
1268 1605 1447 1658 Ἄραβες
1485 1605 1543 1659 δέ,
1589 1605 1837 1646 αὐτόσκευοί

338 1727 360 1762 8
395 1728 445 1761 ὅτι
477 1727 679 1771 ἐστράτευσε
710 1726 801 1762 κατὰ
833 1732 894 1762 τοῦ
926 1728 1060 1772 Χάλεπ,
1100 1728 1159 1764 καὶ
1192 1729 1398 1773 προσῆλθον
1426 1728 1640 1774 (προσῆλθεν
1666 1728 1710 1771 C)
1736 1729 1832 1774 αὐτῷ

336 1775 500 1821 πρέσβεις
527 1776 706 1820 (πρεσβεία
732 1774 776 1819 C)
805 1774 867 1811 ΟΕ
893 1775 1036 1821 εἰρήνην
1062 1776 1215 1820 αἰτοῦσα,
1242 1777 1262 1810 ὁ
1287 1776 1326 1811 δὲ
1351 1776 1417 1811 οὐκ
1443 1777 1622 1811 ἐσπείσατο
1650 1776 1679 1812 C

411 1894 430 1929 1
457 1894 749 1939 διαχειρισάμενοι
769 1892 963 1940 DEwpDz'
1058 1895 1080 1929 2
1106 1894 1145 1929 δὲ
1163 1906 1239 1930 om.
1253 1895 1284 1930 Ε
1381 1895 1441 1931 καὶ
1465 1906 1539 1930 om.
1555 1895 1585 1929 Β
1682 1896 1704 1930 3
1728 1896 1834 1940 πρόσ-

409 1941 503 1986 οικα]
529 1943 651 1986 πρόςοι
677 1942 737 1977 καὶ
763 1942 794 1976 Ε
938 1942 962 1976 4
989 1942 1072 1987 τῶν]
1099 1948 1140 1987 τῇ
1166 1942 1323 1988 prDi
1475 1944 1496 1978 6
1521 1949 1771 1982 κωνσταντῖνος
1797 1943 1832 1977 D

412 1990 456 2024 10
472 1990 612 2023 πολλῶν
627 1989 658 2024 Ο
742 1989 941 2034 ἐσταλμένοι
962 1990 1045 2035 W*p
1062 1991 1198 2025 invitis
1212 1990 1282 2024 AR
1379 1991 1573 2035 αἰτούμενοι
1588 1990 1834 2036 BSDEwpDi

413 2038 456 2071 12
481 2038 607 2082 ὑστερή
624 2038 754 2072 σασθαι
770 2037 805 2071 D
899 2038 942 2072 13
968 2038 1134 2082 αι’τησίως
1150 2038 1236 2082 (Sic)
1252 2037 1287 2072 A
1384 2038 1526 2073 τούπιόν
1541 2038 1614 2082 BC,
1640 2039 1782 2073 τούπιον
1797 2038 1832 2072 D

412 2085 456 2119 15
483 2084 531 2129 τὸ]
561 2085 600 2120 τὰ
614 2083 810 2131 DEwpDi
886 2086 930 2120 16
955 2085 1128 2131 ἀνείργετο
1143 2085 1288 2130 ARCw,
1315 2085 1466 2131 ἁνείγετο
1485 2086 1524 2129 C,
1550 2086 1727 2131 ἀνείρχετο
1747 2085 1831 2132 wssp

338 2205 426 2240 reni
444 2204 485 2239 id
503 2206 661 2250 tempus
689 2203 943 2240 commodum
973 2215 1060 2240 esse
1085 2205 1162 2239 rati
1189 2215 1237 2240 ea
1269 2205 1531 2250 exsequendi,
1559 2215 1664 2249 quae
1690 2205 1833 2240 animis

281 2252 326 2286 13
340 2253 555 2298 agitaram,
595 2252 723 2287 caesis
749 2252 962 2297 praesidiis
987 2253 1110 2287 urbes
1138 2257 1349 2298 occupant.
1401 2252 1565 2297 Chalepi
1597 2263 1693 2288 vcro
1720 2253 1832 2288 urbis

340 2300 527 2345 princeps
555 2302 594 2334 et
620 2300 920 2335 continentibus
947 2300 1256 2335 excursionibus
1284 2304 1322 2335 et
1348 2300 1678 2345 populationibus
1704 2300 1831 2345 ipsam

339 2346 594 2382 Antiochiam
633 2347 815 2392 aliasque
849 2347 1037 2382 finitimas
1071 2346 1214 2393 Syriae
1248 2351 1391 2392 gentes
1425 2347 1632 2382 Romanae
1671 2347 1832 2383 ditionis

282 2393 326 2428 14
340 2395 536 2437 vexabat3
576 2405 600 2428 a
627 2405 706 2439 quo
735 2395 820 2429 dux
845 2393 1134 2439 Antiochenus‚
1170 2395 1432 2431 Constantino
1458 2395 1577 2429 modo
1605 2396 1831 2440 superstite,

282 2442 325 2475 15
339 2443 511 2487 turpiter
549 2442 690 2486 victus,
728 2442 931 2487 plerisque
970 2452 1136 2477 suorum
1177 2443 1342 2486 amissis,
1382 2443 1452 2477 vix
1491 2442 1702 2487 effug-erat.
1759 2442 1832 2478 Cui

339 2489 545 2524 Romanus
568 2499 801 2525 successore
820 2489 914 2524 dato
941 2490 1026 2535 ipse
1046 2500 1208 2535 quoque
1227 2490 1279 2525 ad
1297 2490 1444 2525 bellum
1464 2490 1554 2534 ivit3
1581 2500 1671 2524 cum
1697 2494 1831 2525 autem

338 2538 379 2571 in
398 2537 541 2572 itinere
557 2536 789 2582 Chalepitae
807 2537 932 2582 legati
952 2547 1041 2572 cum
1060 2537 1295 2572 muneribus
1315 2538 1472 2582 magnis
1492 2538 1527 2572 ei
1553 2538 1831 2581 occurrissent,

340 2585 498 2618 veniam
527 2587 710 2629 petentes
736 2594 784 2619 ac
810 2585 1016 2620 servitutis
1041 2585 1348 2620 renovationem
1375 2587 1414 2619 et
1445 2585 1679 2629 pensionem
1710 2586 1831 2620 tribu-

338 2635 471 2666 torum
506 2642 587 2666 non
619 2632 852 2675 solutorum,
891 2642 997 2676 quae
1031 2633 1072 2666 in
1105 2635 1309 2677 posterum
1342 2633 1462 2667 etiam
1494 2633 1710 2676 quotannis
1742 2643 1832 2667 cum

281 2678 325 2713 16
340 2679 447 2713 bona
473 2679 607 2724 gratia
635 2679 805 2714 daturus
832 2682 946 2723 esset,
974 2679 1219 2724 pollicentes,
1248 2680 1431 2724 quamvis
1450 2679 1584 2714 multis
1610 2679 1831 2715 illustribus

340 2726 511 2761 ducibus
550 2727 601 2760 ab
635 2727 827 2762 ulteriore
865 2737 1084 2772 progressu
1123 2730 1327 2772 tamquam
1366 2727 1495 2761 inutili
1534 2727 1831 2762 deterrentibus

340 2783 562 2818 pacemque
589 2774 865 2819 suadentibus,
892 2784 966 2809 rex
992 2777 1127 2810 tamen
1153 2775 1304 2819 coeptis
1330 2784 1412 2809 non
1432 2774 1592 2816 destitit,
1618 2773 1831 2820 Agarenos

339 2821 457 2855 facile
483 2831 526 2855 se
545 2821 748 2856 victurum
773 2824 886 2856 ratus
912 2824 951 2857 et
969 2832 1012 2857 re
1031 2822 1135 2856 bene
1153 2825 1268 2867 gesta
1285 2831 1480 2867 magnum
1498 2832 1546 2856 ac
1572 2822 1831 2857 memorabile

281 2867 324 2902 17
338 2878 484 2902 nomen
513 2872 836 2903 consecuturum.
887 2869 1134 2914 Progressus
1160 2869 1285 2913 igitur
1312 2869 1353 2903 in
1373 2867 1531 2914 Syriam
1557 2870 1706 2904 vallum
1728 2880 1830 2904 com-

281 2915 325 2949 18
338 2916 477 2950 munit.
528 2914 606 2950 Sed
624 2914 791 2961 Arabes,
819 2917 999 2952 homines
1018 2916 1196 2963 expediti
1214 2920 1336 2962 atque
1355 2917 1542 2962 audaces,
1569 2917 1608 2951 in
1635 2917 1830 2953 celeribus
