2054 3282
582 230 874 271 ANTIOCHIA
899 230 1136 272 CAPITVR.
1186 230 1428 272 BVRTZES.
1661 232 1748 273 ’509

254 354 421 409 στήριον
453 354 501 396 δέ
531 371 576 409 γε
603 355 674 398 καὶ
696 356 882 412 ἐμβριθῆ
901 355 972 398 καὶ
993 356 1135 412 ἄρχειν
1155 356 1292 399 εἰδότα
1314 360 1591 412 στρατιωτῶν,
1624 374 1747 412 στρα-

250 422 515 478 τοπεδάρχην
546 423 761 479 ὀνομάσας
790 425 1017 479 κατέλιπεν,
1049 425 1099 467 ἵν’
1132 426 1178 467 ἕν
1202 425 1364 481 Κιλικίᾳ
1398 426 1490 481 ὒοίη
1521 427 1669 482 χώραν
1699 430 1749 482 τῇ

252 495 419 545 στρατιᾷ
455 490 527 533 τὸν
562 496 749 547 χειμῶνα
788 493 1007 548 διαγαγεῖν.
1067 493 1140 535 καὶ
1170 493 1195 535 ὁ
1224 493 1303 549 μὲν
1338 494 1531 549 βασιλεὺς
1560 493 1662 550 ἧκεν
1693 496 1750 542 εἷς
1765 505 1805 540 11

250 558 297 600 τὸ
319 559 564 614 Βυζάντιον,
597 560 622 602 ὁ
654 561 700 603 δὲ
728 561 948 617 Βούρτζης
978 565 1166 617 συνεχῶς
1197 562 1432 611 ἐξελαύνων
1463 563 1622 605 ἐκάκου
1653 563 1750 610 τοὺς

215 627 296 669 ῦὲν
320 628 543 683 Ἀντιοχείᾳ
569 629 827 684 Ἀγαρηνοὺς
861 630 932 672 καὶ
970 630 1177 672 ὃιεσκόπει
1215 631 1337 678 ὅπως
1376 632 1459 674 ἕλοι
1501 631 1576 687 τὴν
1618 633 1749 681 πόλιν,
1764 642 1794 677 Β

250 696 289 736 εἰ
317 695 498 749 δύναιτο,
529 698 601 739 καὶ
631 698 753 744 κλέος
783 699 873 747 ἕξει.
935 699 1087 741 ἔλαθεν
1117 697 1194 741 οὖν
1221 715 1323 741 ποτε
1341 701 1496 754 μέτρον
1515 704 1589 742 τοῦ
1610 701 1751 755 ὕψους
1765 710 1810 746 12

251 763 346 811 ἑνὸς
374 769 460 807 τῶν
489 766 667 820 πύργων
696 766 842 821 λαβὼν
873 767 944 809 καὶ
974 766 1083 822 πρὸς
1107 767 1232 809 τόσον
1252 769 1366 822 ὕψος
1386 768 1619 823 ἀναλόγους
1639 770 1748 824 ἢτοι-

250 833 415 887 μάσατο
437 834 655 888 κλίμακας.
717 835 909 889 φυλάξας
929 833 1006 876 οὖν
1028 835 1155 877 νύκτα
1181 836 1281 890 μίαν
1311 837 1519 890 χειμέριον
1549 835 1751 892 ἀσέληνόν
1768 848 1810 884 13

250 917 292 942 τε
337 901 408 943 καὶ
451 903 660 957 νιφετώδη
704 903 914 957 πρόσεισιν
953 904 1090 958 ἠρέμα
1129 908 1190 958 τῷ
1228 904 1345 958 τείχει
1382 909 1455 960 τῆς
1484 904 1650 950 πόλεως
1679 905 1750 946 καὶ

194 977 239 1011 10
251 969 326 1015 τὰς
355 969 564 1024 κλίμακας
594 971 756 1025 ἐρείσας
786 972 903 1025 αὐτῷ
934 971 1063 1027 ἀνέβη
1094 971 1197 1026 μετὰ
1226 972 1478 1026 τριακοσίων
1511 972 1751 1027 (τοσούτους

252 1036 333 1092 γὰρ
365 1038 557 1093 ἐπήγετο)
589 1038 774 1094 μηδενὸς
804 1040 1077 1094 αἰσθομένου,
1122 1040 1193 1082 καὶ
1228 1039 1325 1087 τοὺς
1359 1040 1438 1094 μὲν
1474 1045 1548 1082 τοῦ
1584 1042 1750 1096 πύργου

252 1105 412 1148 ἐκείνου
451 1107 647 1162 φύλακας
683 1108 814 1150 ἀνεῖλε
851 1108 922 1150 καὶ
960 1109 1116 1163 ἑτέρων
1157 1108 1485 1163 πλησιαζόντων,
1530 1110 1677 1151 στέλλει
1710 1110 1748 1151 δ’

22 1190 23 1193 ’
71 1179 108 1217 D
126 1180 178 1217 IV
192 1181 238 1216 85
252 1174 398 1216 αὐτίκα
429 1174 539 1229 πρὸς
568 1175 640 1218 τὸν
679 1176 1057 1232 στρατοπεδάρχην,
1103 1177 1245 1232 δηλῶν
1288 1178 1406 1232 αὐτῷ
1442 1177 1489 1220 τὸ
1527 1178 1751 1233 γενόμενον

251 1242 323 1284 καὶ
352 1242 461 1298 πρὸς
490 1245 696 1299 βοήθειαν
727 1245 1052 1299 ἐκκαλούμενος.
1114 1246 1140 1288 ὁ
1162 1245 1207 1286 δὲ
1237 1245 1450 1288 circadam·
1483 1247 1636 1301 λέγεται
1670 1246 1749 1302 γὰρ
1765 1253 1810 1289 14

192 1318 236 1353 15
252 1311 511 1354 ἐντείλασθαί
544 1313 585 1354 οἱ
621 1313 692 1355 τὸν
728 1314 897 1368 βασιλέα
936 1313 996 1368 μὴ
1034 1314 1286 1369 προσβαλεῖν
1328 1319 1378 1370 τῇ
1409 1315 1645 1370 Ἀντιοχείᾳ,
1690 1316 1750 1357 ὅτι

250 1380 367 1435 παρὰ
409 1384 509 1423 πᾶσι
544 1381 782 1437 πεφήμιστο
819 1386 869 1438 τῇ
906 1387 979 1437 τῆς
1003 1382 1250 1438 Ἀντιοχείας
1286 1383 1438 1426 ἁλώσει
1469 1384 1647 1438 ἕψεσθαι
1679 1383 1793 1428 nalo

250 1452 324 1490 τοῦ
368 1453 622 1504 κρατοῦντος
663 1450 736 1493 τὸν
779 1451 973 1506 ὄλεθρον.
1037 1452 1077 1493 οῖ
1120 1451 1166 1493 δὲ
1198 1451 1416 1507 Ἀντιοχεῖς
1459 1452 1623 1507 γνόντες
1665 1455 1750 1494 τῶν
1765 1460 1809 1495 15

249 1518 428 1573 πύργων
456 1518 532 1573 τὴν
562 1519 718 1562 ἅλωσιν
748 1520 837 1562 ἐκεῖ
867 1520 1253 1575 συνηθροίσθησαν,
1297 1521 1484 1569 ἐξελάσαι
1522 1521 1619 1567 τοὺς
1645 1520 1749 1563 Ῥω-

249 1587 403 1642 μαίους
432 1587 574 1630 αὐτῶν
602 1588 967 1643 προθυμούμενοι.
1029 1587 1137 1643 πρὸς
1169 1588 1247 1630 δύο
1275 1589 1411 1631 τοίνυν
1433 1589 1592 1632 ἐναντία
1613 1589 1749 1645 μαχό-
1764 1597 1809 1634 16

323 1748 346 1785 2
370 1750 551 1787 κατέλιπεν
575 1749 746 1798 prDi,
772 1750 932 1788 κατέλιπε
956 1750 1003 1798 Α,
1030 1762 1068 1788 v.
1094 1751 1147 1788 ad
1174 1751 1271 1788 XIII
1299 1752 1329 1797 1,
1347 1751 1370 1790 5
1467 1753 1491 1789 6
1514 1752 1629 1798 ἑαυτῷ
1652 1767 1748 1798 περι·

323 1798 465 1881 ”⁰‘’?⁰i²>‘
469 1799 770 1883 ‘⁰91}”⁸⁹1‘⁷‘ii'⁷⁰‘¹‘
795 1798 1115 1883 ’ὴῖοξὲτῖῗᾏῗῗ
1128 1800 1173 1883 »9
1299 1848 1321 1883 9
1346 1799 1503 1884 „5239
1531 1848 1541 1894 1
1568 1800 1748 1895 ἕῖιέῗῒζῖ

324 1856 442 1930 ἓιέιιι.
464 1858 658 1941 ἱεορἷῖἶέ.)
684 1865 725 1930 ff
749 1906 786 1941 p.
811 1895 892 1940 366,
922 1896 963 1931 11
1066 1942 1073 1950 ,
1098 1867 1144 1931 ‘fs
1167 1859 1209 1931 329
1234 1895 1363 1943 Βεὼρ
1381 1863 1409 1894 φ
1501 1863 1545 1932 ιηε
1569 1863 1750 1942 maffia

324 1941 437 1977 DWo
455 1941 521 1977 lat.
688 1942 734 1978 14
757 1943 888 1989 λέγεται
915 1942 1083 1989 prDz,
1109 1943 1272 1989 λέγεσθαι
1297 1943 1332 1979 Α
1487 1944 1532 1980 15
1557 1945 1594 1979 οἴ
1617 1954 1691 1980 om.
1719 1943 1749 1979 B

330 1989 374 2025 16
398 1989 455 2024 ἐπὶ
479 1996 521 2036 τῇ
546 1989 593 2034 D,
619 1990 675 2026 ἐπὶ
701 1990 777 2027 del.
805 1990 872 2028 Dw
971 1991 1017 2026 19
1041 1991 1188 2037 ἐναντία]
1214 1991 1251 2026 ἐν
1273 1991 1446 2037 ἀντιοχείᾳ
1473 1992 1503 2029 C

255 2151 354 2178 vero
388 2141 590 2189 quendam
623 2152 675 2179 ex
710 2143 901 2179 ministris
934 2144 1030 2188 suis,
1068 2147 1286 2181 castratum
1320 2144 1430 2181 illum
1467 2145 1642 2191 quidem,
1679 2147 1750 2183 sed

256 2190 386 2226 virum
414 2194 454 2226 et
474 2194 683 2226 strenuum
703 2194 742 2226 et
760 2193 1011 2227 constantem
1030 2195 1070 2227 et
1086 2191 1255 2228 militum
1274 2193 1546 2238 regendorum
1565 2194 1750 2239 peritum,

256 2238 629 2284 stratopedarcham
657 2238 898 2282 desivnavit‚
933 2242 978 2274 ut
1005 2239 1135 2275 locum
1170 2241 1366 2276 exercitui
1393 2240 1509 2276 daret
1539 2241 1591 2276 ad
1623 2241 1751 2278 hiber-

256 2286 436 2322 nandum
476 2286 517 2321 in
550 2285 700 2323 Cilicia.
743 2266 863 2332 Ttege
898 2285 1137 2332 Byzantium
1177 2297 1354 2332 reverso,
1392 2288 1560 2325 Burtzes
1598 2290 1751 2326 crebris
1767 2289 1807 2325 11

257 2333 557 2370 incursionibus
595 2332 868 2370 Antiochenos
905 2333 1119 2380 Agarenos
1157 2335 1387 2380 infestabat,
1425 2336 1588 2373 assidue
1614 2337 1664 2374 de
1690 2348 1752 2373 ca·

258 2381 431 2427 pientiae
456 2380 569 2418 urbis
604 2381 797 2417 facultate
835 2381 1100 2428 parandaque
1130 2382 1206 2418 sibi
1237 2383 1368 2430 gloria
1400 2385 1596 2431 cogitans.
1646 2386 1750 2428 Quo·
1766 2385 1811 2421 12

257 2428 348 2465 dam
387 2429 513 2476 igitur
545 2433 726 2476 tempore
758 2430 880 2465 turris
913 2430 1122 2465 cuiusdam
1157 2430 1409 2467 altitudinem
1443 2433 1543 2468 clam
1576 2442 1750 2478 mensus,

256 2477 408 2523 paratis
439 2477 558 2513 scalis
592 2477 646 2513 iiii
674 2477 851 2524 paribus,
890 2481 1008 2513 nocto
1043 2478 1211 2514 hiberna
1246 2478 1358 2515 illuni
1385 2483 1424 2515 et
1455 2480 1599 2516 nivosa
1630 2481 1751 2517 tacite
1765 2480 1811 2516 13

255 2524 468 2561 moenibus
493 2525 605 2561 urbis
631 2524 812 2561 succedit
839 2525 1050 2570 affixisque
1077 2525 1194 2561 scaiis
1220 2536 1310 2562 cum
1336 2527 1527 2563 trecentis
1554 2529 1627 2569 (tot
1645 2528 1750 2564 enim

256 2570 501 2617 adduxerat)
528 2572 768 2609 advertente
796 2572 955 2608 nemine
981 2572 1182 2618 ascendit,=
1204 2573 1392 2611 custodes
1419 2577 1458 2611 et
1485 2574 1603 2612 huius
1629 2576 1751 2611 turris

255 2622 296 2655 et
320 2619 489 2656 aliarum
523 2620 748 2656 vicinarum
782 2620 915 2656 caedit
946 2623 986 2656 et
1019 2621 1153 2656 statim
1191 2621 1550 2668 stratopedarchae
1578 2624 1750 2669 nuntiat,

256 2666 353 2713 quid
379 2667 530 2703 factum
557 2668 618 2713 sit,
644 2674 684 2704 et
710 2667 762 2703 ad
790 2678 812 2703 o
844 2678 905 2704 ein
934 2668 1142 2704 ferendam
1169 2669 1347 2705 arcessit.
1398 2669 1443 2705 Id
1469 2669 1534 2707 ilie
1556 2670 1750 2707 detrecto·
1765 2671 1810 2706 14

256 2714 343 2760 bat3
381 2715 509 2751 fertur
543 2716 649 2751 enim
682 2725 754 2751 rex
787 2715 840 2751 ili
879 2716 1104 2760 mandasse,
1142 2726 1194 2752 no
1232 2715 1486 2753 Antiochiam
1526 2718 1750 2763 invaderet,

256 2761 365 2808 quod
390 2760 630 2799 Antiochiae
662 2763 935 2810 captivitatem
963 2764 1216 2809 imperatoris
1242 2774 1406 2810 quoque
1431 2764 1635 2801 interitum
1663 2775 1751 2803 esse

256 2814 569 2847 consecuturum
596 2811 766 2857 vulgata
792 2812 900 2847 sama
926 2816 1026 2848 erat.
1075 2809 1315 2848 Antiocheni
1347 2822 1438 2848 cum
1471 2817 1602 2849 turres
1635 2813 1810 2850 occu-15

258 2861 373 2904 patas
407 2867 495 2894 esse
530 2859 829 2905 cognovissent,
866 2869 914 2895 eo
948 2869 1178 2895 convenere
1210 2860 1340 2906 parati
1371 2859 1423 2895 ad
1449 2859 1652 2897 Romanos
1684 2871 1750 2897 ex-

257 2904 475 2953 pellendos,
489 2906 822 2954 stratopedarcha
836 2910 982 2952 autem,
1002 2907 1187 2953 quamvis
1200 2907 1364 2956 ancipiti
1380 2918 1478 2944 cura
1492 2908 1750 2947 distineretur
1765 2910 1810 2948 16
