<?xml version="1.0" encoding="UTF-8"?>
<!DOCTYPE html PUBLIC "-//W3C//DTD XHTML 1.0 Transitional//EN"
    "http://www.w3.org/TR/xhtml1/DTD/xhtml1-transitional.dtd">
<html xmlns="http://www.w3.org/1999/xhtml" xml:lang="en" lang="en">
 <head>
  <title>
</title>
<meta http-equiv="Content-Type" content="text/html;charset=utf-8" />
  <meta name='ocr-system' content='tesseract 3.04.00' />
  <meta name='ocr-capabilities' content='ocr_page ocr_carea ocr_par ocr_line ocrx_word'/>
</head>
<body>
  <div class='ocr_page' id='page_1' title='image "./corpusscriptorum31niebuoft/corpusscriptorum31niebuoft_0126.png"; bbox 0 0 1968 3302; ppageno 0'>
   <div class='ocr_carea' id='block_1_1' title="bbox 291 204 1444 257">
    <p class='ocr_par' dir='ltr' id='par_1_1' title="bbox 291 204 1444 257">
     <span class='ocr_line' id='line_1_1' title="bbox 291 204 1444 257; baseline -0.005 -5"><span class='ocrx_word' id='word_1_1' title='bbox 291 210 360 252; x_wconf 89' lang='lat'><em>100</em></span> <span class='ocrx_word' id='word_1_2' title='bbox 640 206 822 250; x_wconf 75' lang='lat' dir='ltr'><strong>zoNAR.</strong></span> <span class='ocrx_word' id='word_1_3' title='bbox 849 209 980 249; x_wconf 76' lang='grc' dir='ltr'>ΕΡΙΤ.</span> <span class='ocrx_word' id='word_1_4' title='bbox 1006 204 1103 247; x_wconf 75' lang='lat' dir='ltr'><em>‘xm</em></span> <span class='ocrx_word' id='word_1_5' title='bbox 1128 206 1185 257; x_wconf 81' lang='lat'><em>21,</em></span> <span class='ocrx_word' id='word_1_6' title='bbox 1214 204 1363 256; x_wconf 70' lang='lat'>17—22,</span> <span class='ocrx_word' id='word_1_7' title='bbox 1388 204 1444 247; x_wconf 84' lang='lat'><em>14.</em></span> 
     </span>
    </p>
   </div>
   <div class='ocr_carea' id='block_1_2' title="bbox 92 331 1847 1559">
    <p class='ocr_par' dir='ltr' id='par_1_2' title="bbox 230 331 1788 530">
     <span class='ocr_line' id='line_1_2' title="bbox 230 331 1788 391; baseline -0.001 -13"><span class='ocrx_word' id='word_1_8' title='bbox 230 342 273 378; x_wconf 82' lang='lat'><em>17</em></span> <span class='ocrx_word' id='word_1_9' title='bbox 403 336 569 391; x_wconf 69' lang='grc' dir='ltr'><em>“Ῡδέρῳ</em></span> <span class='ocrx_word' id='word_1_10' title='bbox 603 336 648 377; x_wconf 87' lang='grc' dir='ltr'><em>δὲ</em></span> <span class='ocrx_word' id='word_1_11' title='bbox 678 334 1010 390; x_wconf 80' lang='grc' dir='ltr'><em>περιπεπτωκὼς</em></span> <span class='ocrx_word' id='word_1_12' title='bbox 1042 334 1065 375; x_wconf 88' lang='grc' dir='ltr'><em>ὁ</em></span> <span class='ocrx_word' id='word_1_13' title='bbox 1098 331 1300 387; x_wconf 84' lang='grc' dir='ltr'><em>Ὀνώριος</em></span> <span class='ocrx_word' id='word_1_14' title='bbox 1330 334 1516 389; x_wconf 80' lang='grc' dir='ltr'><em>θνήσκει,</em></span> <span class='ocrx_word' id='word_1_15' title='bbox 1550 336 1680 390; x_wconf 84' lang='grc' dir='ltr'><em>ζήσας</em></span> <span class='ocrx_word' id='word_1_16' title='bbox 1709 335 1788 390; x_wconf 86' lang='grc' dir='ltr'><em>μὲν</em></span> 
     </span>
     <span class='ocr_line' id='line_1_3' title="bbox 289 401 1788 459; baseline -0.001 -12"><span class='ocrx_word' id='word_1_17' title='bbox 289 404 500 451; x_wconf 83' lang='grc' dir='ltr'><em>ἐνιαυτοὺς</em></span> <span class='ocrx_word' id='word_1_18' title='bbox 542 405 864 459; x_wconf 87' lang='grc' dir='ltr'><em>τεσσαράκοντα,</em></span> <span class='ocrx_word' id='word_1_19' title='bbox 908 401 1156 457; x_wconf 80' lang='grc' dir='ltr'><em>βασιλεύσας</em></span> <span class='ocrx_word' id='word_1_20' title='bbox 1201 401 1246 443; x_wconf 87' lang='grc' dir='ltr'><em>δὲ</em></span> <span class='ocrx_word' id='word_1_21' title='bbox 1290 402 1504 449; x_wconf 79' lang='grc' dir='ltr'><em>δυσκλεῶς</em></span> <span class='ocrx_word' id='word_1_22' title='bbox 1541 404 1587 445; x_wconf 86' lang='grc' dir='ltr'><em>ἐκ</em></span> <span class='ocrx_word' id='word_1_23' title='bbox 1629 404 1788 446; x_wconf 83' lang='grc' dir='ltr'><em>τούτων</em></span> 
     </span>
     <span class='ocr_line' id='line_1_4' title="bbox 286 475 517 530; baseline -0.004 -15"><span class='ocrx_word' id='word_1_24' title='bbox 286 475 517 530; x_wconf 87' lang='grc' dir='ltr'><em>τριάκοντα.</em></span> 
     </span>
    </p>

    <p class='ocr_par' dir='ltr' id='par_1_3' title="bbox 229 538 1787 596">
     <span class='ocr_line' id='line_1_5' title="bbox 229 538 1787 596; baseline -0.001 -12"><span class='ocrx_word' id='word_1_25' title='bbox 229 549 274 584; x_wconf 87' lang='grc'><em>18</em></span> <span class='ocrx_word' id='word_1_26' title='bbox 407 542 601 596; x_wconf 81' lang='grc' dir='ltr'><em>Ἰωάννης</em></span> <span class='ocrx_word' id='word_1_27' title='bbox 634 541 680 582; x_wconf 88' lang='grc' dir='ltr'><em>δέ</em></span> <span class='ocrx_word' id='word_1_28' title='bbox 708 557 765 586; x_wconf 85' lang='grc' dir='ltr'><em>τις</em></span> <span class='ocrx_word' id='word_1_29' title='bbox 786 540 1047 593; x_wconf 59' lang='grc' dir='ltr'><em>’τυραννήσας</em></span> <span class='ocrx_word' id='word_1_30' title='bbox 1069 539 1112 580; x_wconf 92' lang='grc' dir='ltr'><em>ἐν</em></span> <span class='ocrx_word' id='word_1_31' title='bbox 1129 538 1271 594; x_wconf 82' lang='grc' dir='ltr'><em>Ῥώμῃ</em></span> <span class='ocrx_word' id='word_1_32' title='bbox 1304 539 1377 594; x_wconf 86' lang='grc' dir='ltr'><em>τὴν</em></span> <span class='ocrx_word' id='word_1_33' title='bbox 1409 541 1568 582; x_wconf 88' lang='grc' dir='ltr'><em>ἐκείνου</em></span> <span class='ocrx_word' id='word_1_34' title='bbox 1600 541 1787 596; x_wconf 80' lang='grc' dir='ltr'><em>ἀδελφὴν</em></span> 
     </span>
    </p>

    <p class='ocr_par' dir='ltr' id='par_1_4' title="bbox 241 599 1822 734">
     <span class='ocr_line' id='line_1_6' title="bbox 241 599 1822 664; baseline -0.001 -11"><span class='ocrx_word' id='word_1_35' title='bbox 241 611 523 653; x_wconf 84' lang='grc' dir='ltr'><em>ΒῙΙλακιδίαν</em></span> <span class='ocrx_word' id='word_1_36' title='bbox 553 609 656 664; x_wconf 85' lang='grc' dir='ltr'><em>μετὰ</em></span> <span class='ocrx_word' id='word_1_37' title='bbox 688 599 884 650; x_wconf 68' lang='grc' dir='ltr'><em>τῶνδύο</em></span> <span class='ocrx_word' id='word_1_38' title='bbox 915 609 1074 649; x_wconf 84' lang='grc' dir='ltr'><em>τέκνων</em></span> <span class='ocrx_word' id='word_1_39' title='bbox 1105 608 1246 662; x_wconf 80' lang='grc' dir='ltr'><em>αὐτῆς,</em></span> <span class='ocrx_word' id='word_1_40' title='bbox 1285 607 1626 650; x_wconf 80' lang='grc' dir='ltr'><em>Οὗαλεντινιανοῦ</em></span> <span class='ocrx_word' id='word_1_41' title='bbox 1653 625 1695 650; x_wconf 91' lang='grc' dir='ltr'><em>τε</em></span> <span class='ocrx_word' id='word_1_42' title='bbox 1715 610 1822 652; x_wconf 73' lang='grc' dir='ltr'><em>καὶὸ</em></span> 
     </span>
     <span class='ocr_line' id='line_1_7' title="bbox 289 677 999 734; baseline -0.006 -12"><span class='ocrx_word' id='word_1_43' title='bbox 289 680 563 734; x_wconf 82' lang='grc' dir='ltr'><em>Ὀνωριάδος,</em></span> <span class='ocrx_word' id='word_1_44' title='bbox 597 678 758 719; x_wconf 83' lang='grc' dir='ltr'><em>ἐκεῖθεν</em></span> <span class='ocrx_word' id='word_1_45' title='bbox 789 677 999 731; x_wconf 83' lang='grc' dir='ltr'><em>ἐξήλασεν.</em></span> 
     </span>
    </p>

    <p class='ocr_par' dir='ltr' id='par_1_5' title="bbox 216 744 1788 942">
     <span class='ocr_line' id='line_1_8' title="bbox 216 744 1788 801; baseline 0 -13"><span class='ocrx_word' id='word_1_46' title='bbox 216 750 273 792; x_wconf 78' lang='grc'><em>22</em></span> <span class='ocrx_word' id='word_1_47' title='bbox 403 747 455 790; x_wconf 78' lang='lat' dir='ltr'><em>‘O</em></span> <span class='ocrx_word' id='word_1_48' title='bbox 503 748 547 788; x_wconf 86' lang='grc' dir='ltr'><em>δὲ</em></span> <span class='ocrx_word' id='word_1_49' title='bbox 592 746 745 801; x_wconf 86' lang='grc' dir='ltr'><em>μικρὸς</em></span> <span class='ocrx_word' id='word_1_50' title='bbox 788 744 1015 791; x_wconf 82' lang='grc' dir='ltr'><em>Θεοδόσιος</em></span> <span class='ocrx_word' id='word_1_51' title='bbox 1059 746 1102 786; x_wconf 90' lang='grc' dir='ltr'><em>ἐν</em></span> <span class='ocrx_word' id='word_1_52' title='bbox 1145 746 1582 787; x_wconf 83' lang='grc' dir='ltr'><em>Κωνσταντινουπόλει</em></span> <span class='ocrx_word' id='word_1_53' title='bbox 1629 746 1788 800; x_wconf 80' lang='grc' dir='ltr'><em>διάγων</em></span> 
     </span>
     <span class='ocr_line' id='line_1_9' title="bbox 286 814 1788 872; baseline -0.003 -13"><span class='ocrx_word' id='word_1_54' title='bbox 286 818 402 872; x_wconf 86' lang='grc' dir='ltr'><em>παρὰ</em></span> <span class='ocrx_word' id='word_1_55' title='bbox 442 822 514 871; x_wconf 87' lang='grc' dir='ltr'><em>τῆς</em></span> <span class='ocrx_word' id='word_1_56' title='bbox 551 817 706 861; x_wconf 83' lang='grc' dir='ltr'><em>οἰκείας</em></span> <span class='ocrx_word' id='word_1_57' title='bbox 743 816 917 869; x_wconf 81' lang='grc' dir='ltr'><em>ἀνήγετο</em></span> <span class='ocrx_word' id='word_1_58' title='bbox 955 815 1140 869; x_wconf 82' lang='grc' dir='ltr'><em>ἀδελφῆς</em></span> <span class='ocrx_word' id='word_1_59' title='bbox 1176 819 1248 869; x_wconf 84' lang='grc' dir='ltr'><em>τῆς</em></span> <span class='ocrx_word' id='word_1_60' title='bbox 1279 814 1544 869; x_wconf 84' lang='grc' dir='ltr'><em>ῙῙουλχερίας</em></span> <span class='ocrx_word' id='word_1_61' title='bbox 1581 815 1788 869; x_wconf 79' lang='grc' dir='ltr'><em>ἐπιμελῶς</em></span> 
     </span>
     <span class='ocr_line' id='line_1_10' title="bbox 286 883 1787 942; baseline -0.003 -14"><span class='ocrx_word' id='word_1_62' title='bbox 286 886 544 942; x_wconf 89' lang='grc' dir='ltr'><em>τρεφόμενός</em></span> <span class='ocrx_word' id='word_1_63' title='bbox 574 901 616 926; x_wconf 87' lang='grc' dir='ltr'><em>τε</em></span> <span class='ocrx_word' id='word_1_64' title='bbox 646 884 717 925; x_wconf 84' lang='grc' dir='ltr'><em>καὶ</em></span> <span class='ocrx_word' id='word_1_65' title='bbox 747 884 1063 938; x_wconf 88' lang='grc' dir='ltr'><em>παιδευόμενος,</em></span> <span class='ocrx_word' id='word_1_66' title='bbox 1096 883 1279 938; x_wconf 85' lang='grc' dir='ltr'><em>μηδενὸς</em></span> <span class='ocrx_word' id='word_1_67' title='bbox 1300 884 1625 938; x_wconf 79' lang='grc' dir='ltr'><em>ἐπανισταμένου</em></span> <span class='ocrx_word' id='word_1_68' title='bbox 1647 884 1787 930; x_wconf 84' lang='grc' dir='ltr'><em>αὐτοῖς</em></span> 
     </span>
    </p>

    <p class='ocr_par' dir='ltr' id='par_1_6' title="bbox 251 952 1847 1075">
     <span class='ocr_line' id='line_1_11' title="bbox 251 952 1847 1010; baseline -0.001 -14"><span class='ocrx_word' id='word_1_69' title='bbox 251 956 415 1010; x_wconf 70' lang='grc' dir='ltr'><em>Ξφόβῳ</em></span> <span class='ocrx_word' id='word_1_70' title='bbox 446 959 519 996; x_wconf 81' lang='grc' dir='ltr'><em>τοῦ</em></span> <span class='ocrx_word' id='word_1_71' title='bbox 551 957 636 995; x_wconf 88' lang='grc' dir='ltr'><em>τῶν</em></span> <span class='ocrx_word' id='word_1_72' title='bbox 669 952 853 1007; x_wconf 86' lang='grc' dir='ltr'><em>Περσῶν</em></span> <span class='ocrx_word' id='word_1_73' title='bbox 883 952 1173 1007; x_wconf 83' lang='grc' dir='ltr'><em>βασιλεύοντος</em></span> <span class='ocrx_word' id='word_1_74' title='bbox 1207 952 1466 1007; x_wconf 82' lang='grc' dir='ltr'><em>Ἰσδιγέρδου.</em></span> <span class='ocrx_word' id='word_1_75' title='bbox 1529 953 1552 993; x_wconf 81' lang='grc' dir='ltr'>ὁ</span> <span class='ocrx_word' id='word_1_76' title='bbox 1585 952 1664 1007; x_wconf 82' lang='grc' dir='ltr'><em>γὰρ</em></span> <span class='ocrx_word' id='word_1_77' title='bbox 1695 952 1784 1007; x_wconf 81' lang='grc' dir='ltr'><em>Ἀρ·</em></span> <span class='ocrx_word' id='word_1_78' title='bbox 1801 960 1847 996; x_wconf 88' lang='grc'><em>10</em></span> 
     </span>
     <span class='ocr_line' id='line_1_12' title="bbox 286 1021 1787 1075; baseline -0.002 -9"><span class='ocrx_word' id='word_1_79' title='bbox 286 1024 433 1069; x_wconf 88' lang='grc' dir='ltr'><em>κάδιος</em></span> <span class='ocrx_word' id='word_1_80' title='bbox 468 1023 668 1064; x_wconf 85' lang='grc' dir='ltr'><em>τελευτῶν</em></span> <span class='ocrx_word' id='word_1_81' title='bbox 705 1022 927 1075; x_wconf 87' lang='grc' dir='ltr'><em>ἐπίτροπον</em></span> <span class='ocrx_word' id='word_1_82' title='bbox 963 1025 1036 1062; x_wconf 87' lang='grc' dir='ltr'><em>τοῦ</em></span> <span class='ocrx_word' id='word_1_83' title='bbox 1076 1021 1230 1062; x_wconf 87' lang='grc' dir='ltr'><em>οἰκείου</em></span> <span class='ocrx_word' id='word_1_84' title='bbox 1270 1022 1376 1069; x_wconf 83' lang='grc' dir='ltr'><em>υἱοῦ,</em></span> <span class='ocrx_word' id='word_1_85' title='bbox 1420 1021 1572 1067; x_wconf 86' lang='grc' dir='ltr'><em>παιδὸς</em></span> <span class='ocrx_word' id='word_1_86' title='bbox 1611 1022 1679 1071; x_wconf 81' lang='grc' dir='ltr'><em>ἔτι,</em></span> <span class='ocrx_word' id='word_1_87' title='bbox 1725 1022 1787 1068; x_wconf 84' lang='grc' dir='ltr'><em>ὡς</em></span> 
     </span>
    </p>

    <p class='ocr_par' dir='ltr' id='par_1_7' title="bbox 251 1089 1787 1148">
     <span class='ocr_line' id='line_1_13' title="bbox 251 1089 1787 1148; baseline -0.002 -14"><span class='ocrx_word' id='word_1_88' title='bbox 251 1095 454 1148; x_wconf 82' lang='grc' dir='ltr'><em>3εἴρηται,</em></span> <span class='ocrx_word' id='word_1_89' title='bbox 499 1092 631 1144; x_wconf 83' lang='grc' dir='ltr'><em>ὄντος,</em></span> <span class='ocrx_word' id='word_1_90' title='bbox 677 1091 861 1144; x_wconf 82' lang='grc' dir='ltr'><em>ἔγραψεν</em></span> <span class='ocrx_word' id='word_1_91' title='bbox 893 1091 936 1131; x_wconf 90' lang='grc' dir='ltr'><em>ἐν</em></span> <span class='ocrx_word' id='word_1_92' title='bbox 969 1090 1194 1144; x_wconf 70' lang='grc' dir='ltr'><em>διαθήκαις</em></span> <span class='ocrx_word' id='word_1_93' title='bbox 1223 1089 1295 1131; x_wconf 83' lang='grc' dir='ltr'><em>τὸν</em></span> <span class='ocrx_word' id='word_1_94' title='bbox 1329 1089 1593 1144; x_wconf 84' lang='grc' dir='ltr'><em>Ἰσδιγέρδην·</em></span> <span class='ocrx_word' id='word_1_95' title='bbox 1637 1091 1684 1136; x_wconf 87' lang='grc' dir='ltr'><em>ὃς</em></span> <span class='ocrx_word' id='word_1_96' title='bbox 1714 1095 1787 1145; x_wconf 84' lang='grc' dir='ltr'><em>τῆς</em></span> 
     </span>
    </p>

    <p class='ocr_par' dir='ltr' id='par_1_8' title="bbox 92 1158 1787 1283">
     <span class='ocr_line' id='line_1_14' title="bbox 92 1158 1787 1215; baseline -0.002 -12"><span class='ocrx_word' id='word_1_97' title='bbox 92 1169 142 1205; x_wconf 96' lang='lat' dir='ltr'>W</span> <span class='ocrx_word' id='word_1_98' title='bbox 158 1167 214 1203; x_wconf 87' lang='grc' dir='ltr'><em>ΙΙΙ</em></span> <span class='ocrx_word' id='word_1_99' title='bbox 228 1167 275 1202; x_wconf 85' lang='grc'><em>34</em></span> <span class='ocrx_word' id='word_1_100' title='bbox 289 1161 500 1215; x_wconf 83' lang='grc' dir='ltr'><em>διαθήκης</em></span> <span class='ocrx_word' id='word_1_101' title='bbox 530 1159 803 1214; x_wconf 74' lang='grc' dir='ltr'><em>κομισθείσης</em></span> <span class='ocrx_word' id='word_1_102' title='bbox 834 1159 951 1212; x_wconf 78' lang='grc' dir='ltr'><em>αὐτῷ</em></span> <span class='ocrx_word' id='word_1_103' title='bbox 982 1158 1152 1199; x_wconf 82' lang='grc' dir='ltr'><em>ἔστειλεν</em></span> <span class='ocrx_word' id='word_1_104' title='bbox 1185 1158 1391 1213; x_wconf 80' lang='grc' dir='ltr'><em>Ἀντίοχον</em></span> <span class='ocrx_word' id='word_1_105' title='bbox 1421 1163 1506 1200; x_wconf 91' lang='grc' dir='ltr'><em>τῶν</em></span> <span class='ocrx_word' id='word_1_106' title='bbox 1536 1159 1637 1214; x_wconf 77' lang='grc' dir='ltr'><em>παρ’</em></span> <span class='ocrx_word' id='word_1_107' title='bbox 1670 1160 1787 1213; x_wconf 78' lang='grc' dir='ltr'><em>αὐτῷ</em></span> 
     </span>
     <span class='ocr_line' id='line_1_15' title="bbox 288 1226 1784 1283; baseline -0.002 -12"><span class='ocrx_word' id='word_1_108' title='bbox 288 1230 506 1283; x_wconf 82' lang='grc' dir='ltr'><em>εὐνούχων</em></span> <span class='ocrx_word' id='word_1_109' title='bbox 548 1228 620 1270; x_wconf 87' lang='grc' dir='ltr'><em>τὸν</em></span> <span class='ocrx_word' id='word_1_110' title='bbox 663 1227 935 1282; x_wconf 87' lang='grc' dir='ltr'><em>ἐντιμότερον,</em></span> <span class='ocrx_word' id='word_1_111' title='bbox 981 1227 1151 1281; x_wconf 89' lang='grc' dir='ltr'><em>φύλακα</em></span> <span class='ocrx_word' id='word_1_112' title='bbox 1196 1231 1269 1268; x_wconf 85' lang='grc' dir='ltr'><em>τοῦ</em></span> <span class='ocrx_word' id='word_1_113' title='bbox 1312 1227 1518 1282; x_wconf 85' lang='grc' dir='ltr'><em>βασιλέως</em></span> <span class='ocrx_word' id='word_1_114' title='bbox 1555 1226 1784 1270; x_wconf 87' lang='grc' dir='ltr'><em>Θεοδοσίου</em></span> 
     </span>
    </p>

    <p class='ocr_par' dir='ltr' id='par_1_9' title="bbox 245 1295 1846 1352">
     <span class='ocr_line' id='line_1_16' title="bbox 245 1295 1846 1352; baseline -0.001 -12"><span class='ocrx_word' id='word_1_115' title='bbox 245 1298 359 1341; x_wconf 83' lang='grc' dir='ltr'><em>Οκαὶ</em></span> <span class='ocrx_word' id='word_1_116' title='bbox 389 1297 605 1352; x_wconf 86' lang='grc' dir='ltr'><em>κηδεμόνα</em></span> <span class='ocrx_word' id='word_1_117' title='bbox 647 1296 860 1351; x_wconf 88' lang='grc' dir='ltr'><em>ἐσόμενον,</em></span> <span class='ocrx_word' id='word_1_118' title='bbox 904 1297 1159 1350; x_wconf 81' lang='grc' dir='ltr'><em>παραινέσας</em></span> <span class='ocrx_word' id='word_1_119' title='bbox 1191 1295 1257 1337; x_wconf 83' lang='grc' dir='ltr'><em>διὰ</em></span> <span class='ocrx_word' id='word_1_120' title='bbox 1290 1297 1552 1350; x_wconf 85' lang='grc' dir='ltr'><em>γραμμάτων</em></span> <span class='ocrx_word' id='word_1_121' title='bbox 1582 1296 1679 1342; x_wconf 83' lang='grc' dir='ltr'><em>τοὺς</em></span> <span class='ocrx_word' id='word_1_122' title='bbox 1709 1297 1785 1350; x_wconf 81' lang='grc' dir='ltr'><em>ἄρ·</em></span> <span class='ocrx_word' id='word_1_123' title='bbox 1801 1303 1846 1339; x_wconf 82' lang='lat'><em>15</em></span> 
     </span>
    </p>

    <p class='ocr_par' dir='ltr' id='par_1_10' title="bbox 251 1364 1785 1491">
     <span class='ocr_line' id='line_1_17' title="bbox 251 1364 1785 1422; baseline -0.002 -13"><span class='ocrx_word' id='word_1_124' title='bbox 251 1374 275 1409; x_wconf 88' lang='grc'>4</span> <span class='ocrx_word' id='word_1_125' title='bbox 288 1383 438 1422; x_wconf 87' lang='grc' dir='ltr'><em>χοντας</em></span> <span class='ocrx_word' id='word_1_126' title='bbox 469 1367 649 1408; x_wconf 77' lang='grc' dir='ltr'><em>ὑπείκειν</em></span> <span class='ocrx_word' id='word_1_127' title='bbox 679 1371 741 1420; x_wconf 79' lang='grc' dir='ltr'><em>τῴ</em></span> <span class='ocrx_word' id='word_1_128' title='bbox 773 1366 963 1420; x_wconf 84' lang='grc' dir='ltr'><em>σφετέρῳ</em></span> <span class='ocrx_word' id='word_1_129' title='bbox 994 1365 1167 1420; x_wconf 85' lang='grc' dir='ltr'><em>βασιλεῖ·</em></span> <span class='ocrx_word' id='word_1_130' title='bbox 1214 1366 1252 1405; x_wconf 84' lang='grc' dir='ltr'><em>εἰ</em></span> <span class='ocrx_word' id='word_1_131' title='bbox 1286 1364 1331 1406; x_wconf 88' lang='grc' dir='ltr'><em>δὲ</em></span> <span class='ocrx_word' id='word_1_132' title='bbox 1365 1364 1426 1419; x_wconf 88' lang='grc' dir='ltr'><em>μὴ</em></span> <span class='ocrx_word' id='word_1_133' title='bbox 1466 1365 1578 1407; x_wconf 81' lang='grc' dir='ltr'><em>οὕτω</em></span> <span class='ocrx_word' id='word_1_134' title='bbox 1615 1369 1785 1419; x_wconf 76' lang='grc' dir='ltr'><em>ποιοῖεν,</em></span> 
     </span>
     <span class='ocr_line' id='line_1_18' title="bbox 289 1434 1705 1491; baseline -0.001 -14"><span class='ocrx_word' id='word_1_135' title='bbox 289 1436 514 1491; x_wconf 87' lang='grc' dir='ltr'><em>ἀπειλήσας</em></span> <span class='ocrx_word' id='word_1_136' title='bbox 545 1436 685 1480; x_wconf 82' lang='grc' dir='ltr'><em>αὐτοῖς</em></span> <span class='ocrx_word' id='word_1_137' title='bbox 716 1434 842 1480; x_wconf 79' lang='grc' dir='ltr'><em>αὐτὸς</em></span> <span class='ocrx_word' id='word_1_138' title='bbox 873 1435 1081 1489; x_wconf 78' lang='grc' dir='ltr'><em>ἐπιστῆναι</em></span> <span class='ocrx_word' id='word_1_139' title='bbox 1112 1435 1169 1480; x_wconf 87' lang='grc' dir='ltr'><em>εἷς</em></span> <span class='ocrx_word' id='word_1_140' title='bbox 1200 1434 1411 1488; x_wconf 78' lang='grc' dir='ltr'><em>ἐκδίκησιν</em></span> <span class='ocrx_word' id='word_1_141' title='bbox 1441 1438 1514 1475; x_wconf 86' lang='grc' dir='ltr'><em>τοῦ</em></span> <span class='ocrx_word' id='word_1_142' title='bbox 1545 1434 1705 1480; x_wconf 87' lang='grc' dir='ltr'><em>παιδός.</em></span> 
     </span>
    </p>

    <p class='ocr_par' dir='ltr' id='par_1_11' title="bbox 253 1502 1784 1559">
     <span class='ocr_line' id='line_1_19' title="bbox 253 1502 1784 1559; baseline -0.003 -12"><span class='ocrx_word' id='word_1_143' title='bbox 253 1512 275 1547; x_wconf 84' lang='grc'>5</span> <span class='ocrx_word' id='word_1_144' title='bbox 417 1505 566 1559; x_wconf 87' lang='grc' dir='ltr'><em>Τούτῳ</em></span> <span class='ocrx_word' id='word_1_145' title='bbox 597 1505 734 1546; x_wconf 90' lang='grc' dir='ltr'><em>τοίνυν</em></span> <span class='ocrx_word' id='word_1_146' title='bbox 765 1504 847 1559; x_wconf 81' lang='grc' dir='ltr'><em>ἤδη</em></span> <span class='ocrx_word' id='word_1_147' title='bbox 879 1504 1004 1545; x_wconf 88' lang='grc' dir='ltr'><em>τελεῖν</em></span> <span class='ocrx_word' id='word_1_148' title='bbox 1035 1503 1234 1558; x_wconf 84' lang='grc' dir='ltr'><em>ήργμένῳ</em></span> <span class='ocrx_word' id='word_1_149' title='bbox 1267 1504 1323 1549; x_wconf 87' lang='grc' dir='ltr'><em>εἷς</em></span> <span class='ocrx_word' id='word_1_150' title='bbox 1350 1503 1600 1557; x_wconf 86' lang='grc' dir='ltr'><em>μείρακαςὴ</em></span> <span class='ocrx_word' id='word_1_151' title='bbox 1625 1502 1784 1558; x_wconf 85' lang='grc' dir='ltr'><em>ἀδελφὴ</em></span> 
     </span>
    </p>
   </div>
   <div class='ocr_carea' id='block_1_3' title="bbox 290 1650 1788 1747">
    <p class='ocr_par' dir='ltr' id='par_1_12' title="bbox 290 1650 1788 1747">
     <span class='ocr_line' id='line_1_20' title="bbox 290 1650 1788 1699; baseline -0.003 -9"><span class='ocrx_word' id='word_1_152' title='bbox 290 1654 312 1690; x_wconf 83' lang='grc'><strong>7</strong></span> <span class='ocrx_word' id='word_1_153' title='bbox 337 1653 495 1699; x_wconf 85' lang='grc' dir='ltr'><em>βασιλεία</em></span> <span class='ocrx_word' id='word_1_154' title='bbox 526 1654 718 1689; x_wconf 85' lang='grc' dir='ltr'><em>Θεοδοσίου</em></span> <span class='ocrx_word' id='word_1_155' title='bbox 744 1657 805 1687; x_wconf 85' lang='grc' dir='ltr'><em>τοῦ</em></span> <span class='ocrx_word' id='word_1_156' title='bbox 829 1657 964 1697; x_wconf 83' lang='grc' dir='ltr'><em>μικροῦ</em></span> <span class='ocrx_word' id='word_1_157' title='bbox 990 1650 1061 1687; x_wconf 86' lang='lat' dir='ltr'><em>AR</em></span> <span class='ocrx_word' id='word_1_158' title='bbox 1175 1651 1220 1686; x_wconf 88' lang='grc'><em>18</em></span> <span class='ocrx_word' id='word_1_159' title='bbox 1244 1651 1324 1695; x_wconf 86' lang='grc' dir='ltr'><em>περὶ</em></span> <span class='ocrx_word' id='word_1_160' title='bbox 1350 1656 1408 1696; x_wconf 84' lang='grc' dir='ltr'><em>τῆς</em></span> <span class='ocrx_word' id='word_1_161' title='bbox 1433 1651 1472 1692; x_wconf 83' lang='grc' dir='ltr'><em>ἐξ</em></span> <span class='ocrx_word' id='word_1_162' title='bbox 1492 1651 1651 1696; x_wconf 82' lang='grc' dir='ltr'><em>Ἀθηνῶν</em></span> <span class='ocrx_word' id='word_1_163' title='bbox 1675 1650 1788 1686; x_wconf 84' lang='grc' dir='ltr'><em>Εὔδο-</em></span> 
     </span>
     <span class='ocr_line' id='line_1_21' title="bbox 291 1699 988 1747; baseline -0.001 -11"><span class='ocrx_word' id='word_1_164' title='bbox 291 1703 381 1746; x_wconf 86' lang='grc' dir='ltr'><em>κίας,</em></span> <span class='ocrx_word' id='word_1_165' title='bbox 411 1703 432 1747; x_wconf 86' lang='grc' dir='ltr'>ἢ</span> <span class='ocrx_word' id='word_1_166' title='bbox 459 1702 646 1746; x_wconf 84' lang='grc' dir='ltr'><em>συνῴκησε</em></span> <span class='ocrx_word' id='word_1_167' title='bbox 672 1707 721 1745; x_wconf 80' lang='grc' dir='ltr'><em>τῷ</em></span> <span class='ocrx_word' id='word_1_168' title='bbox 751 1701 932 1745; x_wconf 87' lang='grc' dir='ltr'><em>Θεοδοσίῳ</em></span> <span class='ocrx_word' id='word_1_169' title='bbox 959 1699 988 1735; x_wconf 87' lang='lat' dir='ltr'>C</span> 
     </span>
    </p>
   </div>
   <div class='ocr_carea' id='block_1_4' title="bbox 361 1835 1788 2124">
    <p class='ocr_par' dir='ltr' id='par_1_13' title="bbox 361 1835 1788 2124">
     <span class='ocr_line' id='line_1_22' title="bbox 363 1835 1787 1884; baseline -0.002 -10"><span class='ocrx_word' id='word_1_170' title='bbox 363 1839 386 1874; x_wconf 84' lang='lat'>4</span> <span class='ocrx_word' id='word_1_171' title='bbox 412 1854 463 1878; x_wconf 86' lang='grc' dir='ltr'><em>τις</em></span> <span class='ocrx_word' id='word_1_172' title='bbox 489 1839 703 1884; x_wconf 86' lang='grc' dir='ltr'><em>τυραννήσας</em></span> <span class='ocrx_word' id='word_1_173' title='bbox 722 1837 803 1883; x_wconf 86' lang='lat' dir='ltr'><em>AR,</em></span> <span class='ocrx_word' id='word_1_174' title='bbox 827 1838 832 1882; x_wconf 87' lang='grc'>1</span> <span class='ocrx_word' id='word_1_175' title='bbox 854 1838 1069 1883; x_wconf 86' lang='grc' dir='ltr'><em>τυραννήσας</em></span> <span class='ocrx_word' id='word_1_176' title='bbox 1097 1837 1242 1873; x_wconf 83' lang='lat' dir='ltr'><strong>omisso</strong></span> <span class='ocrx_word' id='word_1_177' title='bbox 1269 1850 1319 1875; x_wconf 84' lang='grc' dir='ltr'><em>τις</em></span> <span class='ocrx_word' id='word_1_178' title='bbox 1344 1835 1392 1879; x_wconf 91' lang='lat' dir='ltr'><em>D,</em></span> <span class='ocrx_word' id='word_1_179' title='bbox 1419 1841 1478 1882; x_wconf 84' lang='grc' dir='ltr'><em>τῆς</em></span> <span class='ocrx_word' id='word_1_180' title='bbox 1498 1836 1715 1881; x_wconf 86' lang='grc' dir='ltr'><em>τυραννήσας</em></span> <span class='ocrx_word' id='word_1_181' title='bbox 1740 1846 1787 1880; x_wconf 89' lang='lat' dir='ltr'><em>W,</em></span> 
     </span>
     <span class='ocr_line' id='line_1_23' title="bbox 363 1883 1787 1932; baseline -0.003 -10"><span class='ocrx_word' id='word_1_182' title='bbox 363 1889 568 1932; x_wconf 83' lang='grc' dir='ltr'><em>τυραννίσας</em></span> <span class='ocrx_word' id='word_1_183' title='bbox 595 1888 642 1932; x_wconf 76' lang='lat' dir='ltr'><strong>p*</strong></span> <span class='ocrx_word' id='word_1_184' title='bbox 754 1887 776 1921; x_wconf 83' lang='grc'>6</span> <span class='ocrx_word' id='word_1_185' title='bbox 798 1886 1012 1931; x_wconf 84' lang='grc' dir='ltr'><em>Ὁνωριάδος</em></span> <span class='ocrx_word' id='word_1_186' title='bbox 1038 1884 1095 1920; x_wconf 77' lang='lat' dir='ltr'><em>Di</em></span> <span class='ocrx_word' id='word_1_187' title='bbox 1120 1885 1256 1920; x_wconf 87' lang='lat' dir='ltr'><strong>invitis</strong></span> <span class='ocrx_word' id='word_1_188' title='bbox 1282 1884 1391 1919; x_wconf 86' lang='lat' dir='ltr'><em>ARW</em></span> <span class='ocrx_word' id='word_1_189' title='bbox 1501 1884 1647 1930; x_wconf 81' lang='grc' dir='ltr'><em>ἐξήλασε</em></span> <span class='ocrx_word' id='word_1_190' title='bbox 1673 1883 1787 1929; x_wconf 90' lang='lat' dir='ltr'><strong>pr,</strong></span> 
     </span>
     <span class='ocr_line' id='line_1_24' title="bbox 364 1931 1786 1978; baseline -0.004 -8"><span class='ocrx_word' id='word_1_191' title='bbox 364 1935 436 1971; x_wconf 83' lang='lat' dir='ltr'><strong>sed</strong></span> <span class='ocrx_word' id='word_1_192' title='bbox 460 1946 495 1970; x_wconf 88' lang='lat' dir='ltr'><em>V.</em></span> <span class='ocrx_word' id='word_1_193' title='bbox 525 1935 577 1970; x_wconf 84' lang='lat' dir='ltr'><em>ad</em></span> <span class='ocrx_word' id='word_1_194' title='bbox 603 1934 700 1970; x_wconf 88' lang='lat' dir='ltr'>XIII</span> <span class='ocrx_word' id='word_1_195' title='bbox 728 1935 757 1978; x_wconf 93' lang='lat'><em>1,</em></span> <span class='ocrx_word' id='word_1_196' title='bbox 785 1935 807 1969; x_wconf 73' lang='grc' dir='ltr'><em>ἶ)</em></span> <span class='ocrx_word' id='word_1_197' title='bbox 953 1935 973 1969; x_wconf 82' lang='grc'>7</span> <span class='ocrx_word' id='word_1_198' title='bbox 996 1934 1036 1969; x_wconf 87' lang='grc' dir='ltr'><strong><em>Ὁ</em></strong></span> <span class='ocrx_word' id='word_1_199' title='bbox 1062 1933 1100 1968; x_wconf 84' lang='grc' dir='ltr'><em>δὲ</em></span> <span class='ocrx_word' id='word_1_200' title='bbox 1123 1932 1251 1977; x_wconf 88' lang='grc' dir='ltr'><em>μικρὸς</em></span> <span class='ocrx_word' id='word_1_201' title='bbox 1277 1931 1322 1976; x_wconf 89' lang='grc' dir='ltr'><em>Α,</em></span> <span class='ocrx_word' id='word_1_202' title='bbox 1349 1933 1370 1966; x_wconf 80' lang='grc' dir='ltr'>ὁ</span> <span class='ocrx_word' id='word_1_203' title='bbox 1392 1932 1521 1976; x_wconf 88' lang='grc' dir='ltr'><em>μικρὸς</em></span> <span class='ocrx_word' id='word_1_204' title='bbox 1545 1932 1662 1976; x_wconf 84' lang='grc' dir='ltr'><em>μέντοι</em></span> <span class='ocrx_word' id='word_1_205' title='bbox 1689 1931 1786 1977; x_wconf 84' lang='lat' dir='ltr'><strong>pr</strong></span> 
     </span>
     <span class='ocr_line' id='line_1_25' title="bbox 362 1979 1788 2029; baseline -0.004 -10"><span class='ocrx_word' id='word_1_206' title='bbox 362 1984 385 2019; x_wconf 90' lang='grc'>8</span> <span class='ocrx_word' id='word_1_207' title='bbox 401 1982 498 2028; x_wconf 86' lang='grc' dir='ltr'><em>παρὰ</em></span> <span class='ocrx_word' id='word_1_208' title='bbox 515 1988 575 2029; x_wconf 84' lang='grc' dir='ltr'><em>τῆς</em></span> <span class='ocrx_word' id='word_1_209' title='bbox 593 2002 637 2007; x_wconf 94' lang='grc'>-</span> <span class='ocrx_word' id='word_1_210' title='bbox 655 1983 878 2027; x_wconf 85' lang='grc' dir='ltr'><em>Πουλχεριάς</em></span> <span class='ocrx_word' id='word_1_211' title='bbox 899 1981 1084 2026; x_wconf 82' lang='grc' dir='ltr'><em>ἐπιμελῶς]</em></span> <span class='ocrx_word' id='word_1_212' title='bbox 1111 1981 1207 2025; x_wconf 87' lang='grc' dir='ltr'><em>παρὰ</em></span> <span class='ocrx_word' id='word_1_213' title='bbox 1231 1981 1442 2025; x_wconf 84' lang='grc' dir='ltr'><em>πουλχερίας</em></span> <span class='ocrx_word' id='word_1_214' title='bbox 1467 1985 1526 2024; x_wconf 88' lang='grc' dir='ltr'><em>τῆς</em></span> <span class='ocrx_word' id='word_1_215' title='bbox 1552 1980 1682 2018; x_wconf 82' lang='grc' dir='ltr'><em>οἰκείας</em></span> <span class='ocrx_word' id='word_1_216' title='bbox 1707 1979 1788 2024; x_wconf 85' lang='grc' dir='ltr'><em>ἀνή-</em></span> 
     </span>
     <span class='ocr_line' id='line_1_26' title="bbox 361 2027 1788 2077; baseline -0.004 -11"><span class='ocrx_word' id='word_1_217' title='bbox 361 2045 439 2077; x_wconf 86' lang='grc' dir='ltr'><em>γετο</em></span> <span class='ocrx_word' id='word_1_218' title='bbox 464 2031 620 2076; x_wconf 83' lang='grc' dir='ltr'><em>ἀδελφῆς</em></span> <span class='ocrx_word' id='word_1_219' title='bbox 645 2030 819 2074; x_wconf 79' lang='grc' dir='ltr'><em>ἐπιμελῶς</em></span> <span class='ocrx_word' id='word_1_220' title='bbox 844 2030 942 2075; x_wconf 82' lang='lat' dir='ltr'><strong>pr</strong></span> <span class='ocrx_word' id='word_1_221' title='bbox 1045 2029 1087 2063; x_wconf 78' lang='lat'><em>12</em></span> <span class='ocrx_word' id='word_1_222' title='bbox 1114 2028 1258 2073; x_wconf 78' lang='grc' dir='ltr'><em>εἴρηται]</em></span> <span class='ocrx_word' id='word_1_223' title='bbox 1285 2027 1382 2062; x_wconf 91' lang='lat' dir='ltr'>XIII</span> <span class='ocrx_word' id='word_1_224' title='bbox 1408 2028 1464 2072; x_wconf 79' lang='lat'><em>20,</em></span> <span class='ocrx_word' id='word_1_225' title='bbox 1490 2028 1535 2062; x_wconf 78' lang='grc'><em>26</em></span> <span class='ocrx_word' id='word_1_226' title='bbox 1638 2027 1683 2062; x_wconf 87' lang='grc'><em>14</em></span> <span class='ocrx_word' id='word_1_227' title='bbox 1707 2027 1788 2062; x_wconf 83' lang='grc' dir='ltr'><em>ἐντι-</em></span> 
     </span>
     <span class='ocr_line' id='line_1_27' title="bbox 362 2075 1556 2124; baseline -0.003 -10"><span class='ocrx_word' id='word_1_228' title='bbox 362 2079 523 2124; x_wconf 83' lang='grc' dir='ltr'><em>μότερον]</em></span> <span class='ocrx_word' id='word_1_229' title='bbox 551 2090 588 2114; x_wconf 85' lang='lat' dir='ltr'><em>V.</em></span> <span class='ocrx_word' id='word_1_230' title='bbox 615 2078 668 2113; x_wconf 79' lang='lat' dir='ltr'><em>ad</em></span> <span class='ocrx_word' id='word_1_231' title='bbox 693 2078 791 2113; x_wconf 86' lang='lat' dir='ltr'>XIII</span> <span class='ocrx_word' id='word_1_232' title='bbox 815 2078 848 2122; x_wconf 91' lang='grc'><em>3,</em></span> <span class='ocrx_word' id='word_1_233' title='bbox 876 2078 897 2112; x_wconf 86' lang='grc'>6</span> <span class='ocrx_word' id='word_1_234' title='bbox 996 2078 1041 2111; x_wconf 88' lang='grc'><em>18</em></span> <span class='ocrx_word' id='word_1_235' title='bbox 1067 2077 1135 2122; x_wconf 85' lang='grc' dir='ltr'><em>ἤδη</em></span> <span class='ocrx_word' id='word_1_236' title='bbox 1165 2087 1239 2112; x_wconf 89' lang='lat' dir='ltr'><em>om.</em></span> <span class='ocrx_word' id='word_1_237' title='bbox 1267 2076 1368 2121; x_wconf 90' lang='lat' dir='ltr'><strong>pr</strong></span> <span class='ocrx_word' id='word_1_238' title='bbox 1466 2076 1501 2114; x_wconf 81' lang='grc' dir='ltr'><em>ἐς</em></span> <span class='ocrx_word' id='word_1_239' title='bbox 1527 2075 1556 2111; x_wconf 85' lang='lat' dir='ltr'>C</span> 
     </span>
    </p>
   </div>
   <div class='ocr_carea' id='block_1_5' title="bbox 233 2220 1788 2363">
    <p class='ocr_par' dir='ltr' id='par_1_14' title="bbox 233 2220 1788 2363">
     <span class='ocr_line' id='line_1_28' title="bbox 234 2220 1788 2269; baseline -0.003 -10"><span class='ocrx_word' id='word_1_240' title='bbox 234 2225 277 2261; x_wconf 85' lang='lat'><em>17</em></span> <span class='ocrx_word' id='word_1_241' title='bbox 410 2222 555 2269; x_wconf 84' lang='lat' dir='ltr'><strong>Aquae</strong></span> <span class='ocrx_word' id='word_1_242' title='bbox 581 2223 790 2258; x_wconf 79' lang='lat' dir='ltr'>intercutis</span> <span class='ocrx_word' id='word_1_243' title='bbox 817 2222 957 2257; x_wconf 87' lang='lat' dir='ltr'><strong>morbo</strong></span> <span class='ocrx_word' id='word_1_244' title='bbox 987 2221 1215 2267; x_wconf 80' lang='lat' dir='ltr'><strong>implicatus</strong></span> <span class='ocrx_word' id='word_1_245' title='bbox 1241 2220 1446 2255; x_wconf 81' lang='lat' dir='ltr'><strong>Honorius</strong></span> <span class='ocrx_word' id='word_1_246' title='bbox 1479 2220 1659 2265; x_wconf 87' lang='lat' dir='ltr'><strong>moritur,</strong></span> <span class='ocrx_word' id='word_1_247' title='bbox 1698 2230 1788 2255; x_wconf 82' lang='lat' dir='ltr'><em>eum</em></span> 
     </span>
     <span class='ocr_line' id='line_1_29' title="bbox 291 2268 1573 2316; baseline -0.004 -9"><span class='ocrx_word' id='word_1_248' title='bbox 291 2272 461 2307; x_wconf 82' lang='lat' dir='ltr'><strong>vixisset</strong></span> <span class='ocrx_word' id='word_1_249' title='bbox 486 2281 615 2307; x_wconf 87' lang='lat' dir='ltr'><strong>annos</strong></span> <span class='ocrx_word' id='word_1_250' title='bbox 640 2270 723 2314; x_wconf 86' lang='lat' dir='ltr'><em>XL,</em></span> <span class='ocrx_word' id='word_1_251' title='bbox 751 2280 924 2316; x_wconf 89' lang='lat' dir='ltr'><strong>quorum</strong></span> <span class='ocrx_word' id='word_1_252' title='bbox 949 2268 1063 2304; x_wconf 92' lang='lat' dir='ltr'><em>XXX</em></span> <span class='ocrx_word' id='word_1_253' title='bbox 1090 2269 1200 2304; x_wconf 89' lang='lat' dir='ltr'><strong>nulla</strong></span> <span class='ocrx_word' id='word_1_254' title='bbox 1227 2268 1349 2303; x_wconf 84' lang='lat' dir='ltr'><strong>laude</strong></span> <span class='ocrx_word' id='word_1_255' title='bbox 1375 2268 1573 2312; x_wconf 78' lang='lat' dir='ltr'><strong>regnavit.</strong></span> 
     </span>
     <span class='ocr_line' id='line_1_30' title="bbox 233 2315 1788 2363; baseline -0.004 -7"><span class='ocrx_word' id='word_1_256' title='bbox 233 2321 277 2356; x_wconf 87' lang='lat'><em>18</em></span> <span class='ocrx_word' id='word_1_257' title='bbox 410 2319 584 2354; x_wconf 82' lang='lat' dir='ltr'><strong>Ioannes</strong></span> <span class='ocrx_word' id='word_1_258' title='bbox 603 2323 737 2354; x_wconf 88' lang='lat' dir='ltr'><strong>autem</strong></span> <span class='ocrx_word' id='word_1_259' title='bbox 758 2318 974 2363; x_wconf 83' lang='lat' dir='ltr'><strong>tyrannide</strong></span> <span class='ocrx_word' id='word_1_260' title='bbox 987 2317 1139 2352; x_wconf 84' lang='lat' dir='ltr'><strong>Romae</strong></span> <span class='ocrx_word' id='word_1_261' title='bbox 1158 2317 1308 2362; x_wconf 87' lang='lat' dir='ltr'><strong>potitus</strong></span> <span class='ocrx_word' id='word_1_262' title='bbox 1325 2315 1556 2359; x_wconf 74' lang='lat' dir='ltr'>placidiam,</span> <span class='ocrx_word' id='word_1_263' title='bbox 1577 2316 1662 2351; x_wconf 89' lang='lat' dir='ltr'><strong>eius</strong></span> <span class='ocrx_word' id='word_1_264' title='bbox 1681 2326 1788 2351; x_wconf 83' lang='lat' dir='ltr'><strong>soro-</strong></span> 
     </span>
    </p>
   </div>
   <div class='ocr_carea' id='block_1_6' title="bbox 255 2363 1789 2937">
    <p class='ocr_par' dir='ltr' id='par_1_15' title="bbox 255 2363 1789 2937">
     <span class='ocr_line' id='line_1_31' title="bbox 291 2363 1787 2412; baseline -0.004 -9"><span class='ocrx_word' id='word_1_265' title='bbox 291 2378 388 2412; x_wconf 89' lang='lat' dir='ltr'><strong>rem,</strong></span> <span class='ocrx_word' id='word_1_266' title='bbox 408 2377 498 2403; x_wconf 84' lang='lat' dir='ltr'><em>eum</em></span> <span class='ocrx_word' id='word_1_267' title='bbox 517 2367 652 2402; x_wconf 87' lang='lat' dir='ltr'><strong>liberis</strong></span> <span class='ocrx_word' id='word_1_268' title='bbox 671 2366 870 2401; x_wconf 79' lang='lat' dir='ltr'><strong>ambobus</strong></span> <span class='ocrx_word' id='word_1_269' title='bbox 884 2365 1166 2401; x_wconf 86' lang='lat' dir='ltr'><strong>Valentiniano</strong></span> <span class='ocrx_word' id='word_1_270' title='bbox 1187 2367 1225 2399; x_wconf 85' lang='lat' dir='ltr'><em>et</em></span> <span class='ocrx_word' id='word_1_271' title='bbox 1243 2363 1478 2399; x_wconf 85' lang='lat' dir='ltr'><strong>Honoriade</strong></span> <span class='ocrx_word' id='word_1_272' title='bbox 1495 2363 1602 2398; x_wconf 83' lang='lat' dir='ltr'><strong>illine</strong></span> <span class='ocrx_word' id='word_1_273' title='bbox 1621 2364 1787 2409; x_wconf 77' lang='lat' dir='ltr'><strong>expulit.</strong></span> 
     </span>
     <span class='ocr_line' id='line_1_32' title="bbox 411 2411 1787 2457; baseline -0.004 -7"><span class='ocrx_word' id='word_1_274' title='bbox 411 2415 469 2450; x_wconf 76' lang='lat'><em>22.</em></span> <span class='ocrx_word' id='word_1_275' title='bbox 518 2413 659 2450; x_wconf 73' lang='lat' dir='ltr'><strong>Mmon</strong></span> <span class='ocrx_word' id='word_1_276' title='bbox 677 2418 812 2449; x_wconf 86' lang='lat' dir='ltr'><strong>autem</strong></span> <span class='ocrx_word' id='word_1_277' title='bbox 828 2413 1100 2448; x_wconf 66' lang='lat' dir='ltr'><strong>Trmonosxvs</strong></span> <span class='ocrx_word' id='word_1_278' title='bbox 1117 2412 1229 2457; x_wconf 87' lang='lat' dir='ltr'><strong>Cpoli</strong></span> <span class='ocrx_word' id='word_1_279' title='bbox 1245 2422 1269 2446; x_wconf 88' lang='lat' dir='ltr'><strong>a</strong></span> <span class='ocrx_word' id='word_1_280' title='bbox 1284 2411 1498 2446; x_wconf 85' lang='lat' dir='ltr'><strong>Pulc-heria</strong></span> <span class='ocrx_word' id='word_1_281' title='bbox 1515 2421 1654 2446; x_wconf 85' lang='lat' dir='ltr'><strong>sorore</strong></span> <span class='ocrx_word' id='word_1_282' title='bbox 1672 2421 1787 2446; x_wconf 81' lang='lat' dir='ltr'><strong>accu-</strong></span> 
     </span>
     <span class='ocr_line' id='line_1_33' title="bbox 291 2459 1788 2503; baseline -0.004 -3"><span class='ocrx_word' id='word_1_283' title='bbox 291 2466 379 2500; x_wconf 86' lang='lat' dir='ltr'><strong>rate</strong></span> <span class='ocrx_word' id='word_1_284' title='bbox 398 2467 437 2499; x_wconf 90' lang='lat' dir='ltr'><em>et</em></span> <span class='ocrx_word' id='word_1_285' title='bbox 455 2463 708 2498; x_wconf 80' lang='lat' dir='ltr'>educabatur</span> <span class='ocrx_word' id='word_1_286' title='bbox 726 2466 764 2497; x_wconf 84' lang='lat' dir='ltr'><em>et</em></span> <span class='ocrx_word' id='word_1_287' title='bbox 790 2461 1047 2496; x_wconf 77' lang='lat' dir='ltr'><strong>nutriebatur</strong></span> <span class='ocrx_word' id='word_1_288' title='bbox 1073 2463 1112 2495; x_wconf 89' lang='lat' dir='ltr'><em>et</em></span> <span class='ocrx_word' id='word_1_289' title='bbox 1138 2459 1433 2503; x_wconf 79' lang='lat' dir='ltr'><strong>instituebatur,</strong></span> <span class='ocrx_word' id='word_1_290' title='bbox 1460 2460 1621 2494; x_wconf 87' lang='lat' dir='ltr'><strong>nemine</strong></span> <span class='ocrx_word' id='word_1_291' title='bbox 1647 2463 1788 2494; x_wconf 88' lang='lat' dir='ltr'><strong>contra</strong></span> 
     </span>
     <span class='ocr_line' id='line_1_34' title="bbox 255 2506 1786 2556; baseline -0.003 -10"><span class='ocrx_word' id='word_1_292' title='bbox 255 2511 278 2546; x_wconf 82' lang='lat'><strong>2</strong></span> <span class='ocrx_word' id='word_1_293' title='bbox 293 2522 362 2548; x_wconf 84' lang='lat' dir='ltr'><em>eos</em></span> <span class='ocrx_word' id='word_1_294' title='bbox 389 2514 639 2556; x_wconf 80' lang='lat' dir='ltr'><strong>exsurgente</strong></span> <span class='ocrx_word' id='word_1_295' title='bbox 663 2514 773 2544; x_wconf 87' lang='lat' dir='ltr'><strong>metu</strong></span> <span class='ocrx_word' id='word_1_296' title='bbox 796 2509 1027 2554; x_wconf 75' lang='lat' dir='ltr'><strong>isdigerdis,</strong></span> <span class='ocrx_word' id='word_1_297' title='bbox 1053 2508 1270 2543; x_wconf 81' lang='lat' dir='ltr'><strong>Persarum</strong></span> <span class='ocrx_word' id='word_1_298' title='bbox 1297 2507 1416 2552; x_wconf 83' lang='lat' dir='ltr'><strong>regis.</strong></span> <span class='ocrx_word' id='word_1_299' title='bbox 1467 2506 1568 2542; x_wconf 86' lang='lat' dir='ltr'><em>Nam</em></span> <span class='ocrx_word' id='word_1_300' title='bbox 1586 2506 1786 2542; x_wconf 82' lang='lat' dir='ltr'><strong>Arcadius</strong></span> 
     </span>
     <span class='ocr_line' id='line_1_35' title="bbox 294 2554 1789 2602; baseline -0.005 -7"><span class='ocrx_word' id='word_1_301' title='bbox 294 2559 495 2596; x_wconf 83' lang='lat' dir='ltr'><strong>decedens</strong></span> <span class='ocrx_word' id='word_1_302' title='bbox 515 2561 689 2593; x_wconf 85' lang='lat' dir='ltr'><strong>tutorem</strong></span> <span class='ocrx_word' id='word_1_303' title='bbox 710 2557 788 2601; x_wconf 86' lang='lat' dir='ltr'><strong>filii,</strong></span> <span class='ocrx_word' id='word_1_304' title='bbox 817 2567 935 2602; x_wconf 86' lang='lat' dir='ltr'><strong>quem</strong></span> <span class='ocrx_word' id='word_1_305' title='bbox 954 2566 1125 2602; x_wconf 90' lang='lat' dir='ltr'><strong>puerum</strong></span> <span class='ocrx_word' id='word_1_306' title='bbox 1152 2560 1249 2590; x_wconf 81' lang='lat' dir='ltr'><strong>tune</strong></span> <span class='ocrx_word' id='word_1_307' title='bbox 1267 2555 1392 2589; x_wconf 84' lang='lat' dir='ltr'><strong>fuisse</strong></span> <span class='ocrx_word' id='word_1_308' title='bbox 1410 2554 1596 2598; x_wconf 81' lang='lat' dir='ltr'><strong>diximus,</strong></span> <span class='ocrx_word' id='word_1_309' title='bbox 1623 2555 1789 2600; x_wconf 83' lang='lat' dir='ltr'><strong>scripse-</strong></span> 
     </span>
     <span class='ocr_line' id='line_1_36' title="bbox 255 2600 1788 2650; baseline -0.003 -9"><span class='ocrx_word' id='word_1_310' title='bbox 255 2607 278 2641; x_wconf 91' lang='lat'><strong>3</strong></span> <span class='ocrx_word' id='word_1_311' title='bbox 292 2615 355 2643; x_wconf 85' lang='lat' dir='ltr'><em>rat</em></span> <span class='ocrx_word' id='word_1_312' title='bbox 372 2607 412 2642; x_wconf 89' lang='lat' dir='ltr'><em>in</em></span> <span class='ocrx_word' id='word_1_313' title='bbox 434 2608 674 2641; x_wconf 83' lang='lat' dir='ltr'><strong>testamento</strong></span> <span class='ocrx_word' id='word_1_314' title='bbox 694 2604 966 2650; x_wconf 83' lang='lat' dir='ltr'><strong>Isdigerdem;</strong></span> <span class='ocrx_word' id='word_1_315' title='bbox 994 2604 1062 2648; x_wconf 92' lang='lat' dir='ltr'><strong>qui</strong></span> <span class='ocrx_word' id='word_1_316' title='bbox 1086 2606 1327 2638; x_wconf 84' lang='lat' dir='ltr'><strong>testamento</strong></span> <span class='ocrx_word' id='word_1_317' title='bbox 1347 2606 1514 2647; x_wconf 80' lang='lat' dir='ltr'><strong>accepto</strong></span> <span class='ocrx_word' id='word_1_318' title='bbox 1533 2600 1788 2645; x_wconf 80' lang='lat' dir='ltr'><strong>Antiochum,</strong></span> 
     </span>
     <span class='ocr_line' id='line_1_37' title="bbox 293 2649 1789 2696; baseline -0.004 -6"><span class='ocrx_word' id='word_1_319' title='bbox 293 2654 525 2690; x_wconf 75' lang='lat' dir='ltr'><strong>eunuchum</strong></span> <span class='ocrx_word' id='word_1_320' title='bbox 558 2653 861 2696; x_wconf 85' lang='lat' dir='ltr'><strong>nobilissimum,</strong></span> <span class='ocrx_word' id='word_1_321' title='bbox 899 2651 1016 2695; x_wconf 84' lang='lat' dir='ltr'><strong>misit,</strong></span> <span class='ocrx_word' id='word_1_322' title='bbox 1055 2652 1122 2696; x_wconf 91' lang='lat' dir='ltr'><strong>qui</strong></span> <span class='ocrx_word' id='word_1_323' title='bbox 1157 2654 1195 2685; x_wconf 85' lang='lat' dir='ltr'><em>et</em></span> <span class='ocrx_word' id='word_1_324' title='bbox 1227 2652 1362 2685; x_wconf 76' lang='lat' dir='ltr'><strong>custos</strong></span> <span class='ocrx_word' id='word_1_325' title='bbox 1394 2652 1499 2685; x_wconf 81' lang='lat' dir='ltr'><strong>esset</strong></span> <span class='ocrx_word' id='word_1_326' title='bbox 1528 2650 1637 2694; x_wconf 88' lang='lat' dir='ltr'><strong>regis</strong></span> <span class='ocrx_word' id='word_1_327' title='bbox 1663 2649 1789 2685; x_wconf 87' lang='lat' dir='ltr'><strong>Theo-</strong></span> 
     </span>
     <span class='ocr_line' id='line_1_38' title="bbox 293 2699 1787 2745; baseline -0.004 -8"><span class='ocrx_word' id='word_1_328' title='bbox 293 2703 393 2737; x_wconf 86' lang='lat' dir='ltr'><strong>dosii</strong></span> <span class='ocrx_word' id='word_1_329' title='bbox 425 2705 464 2737; x_wconf 88' lang='lat' dir='ltr'><em>et</em></span> <span class='ocrx_word' id='word_1_330' title='bbox 496 2705 670 2745; x_wconf 83' lang='lat' dir='ltr'><strong>curator,</strong></span> <span class='ocrx_word' id='word_1_331' title='bbox 710 2700 947 2735; x_wconf 83' lang='lat' dir='ltr'><strong>adhortatus</strong></span> <span class='ocrx_word' id='word_1_332' title='bbox 977 2699 1118 2734; x_wconf 80' lang='lat' dir='ltr'><strong>litteris</strong></span> <span class='ocrx_word' id='word_1_333' title='bbox 1152 2699 1364 2744; x_wconf 80' lang='lat' dir='ltr'><strong>principes,</strong></span> <span class='ocrx_word' id='word_1_334' title='bbox 1403 2701 1449 2732; x_wconf 85' lang='lat' dir='ltr'><strong>ut</strong></span> <span class='ocrx_word' id='word_1_335' title='bbox 1487 2701 1677 2742; x_wconf 80' lang='lat' dir='ltr'><strong>parerent</strong></span> <span class='ocrx_word' id='word_1_336' title='bbox 1714 2707 1787 2732; x_wconf 86' lang='lat' dir='ltr'><em>suo</em></span> 
     </span>
     <span class='ocr_line' id='line_1_39' title="bbox 255 2744 1788 2795; baseline -0.004 -10"><span class='ocrx_word' id='word_1_337' title='bbox 255 2750 398 2795; x_wconf 76' lang='lat' dir='ltr'><strong>4regi3</strong></span> <span class='ocrx_word' id='word_1_338' title='bbox 434 2749 543 2794; x_wconf 88' lang='lat' dir='ltr'><strong>quod</strong></span> <span class='ocrx_word' id='word_1_339' title='bbox 569 2749 646 2783; x_wconf 83' lang='lat' dir='ltr'><strong>nisi</strong></span> <span class='ocrx_word' id='word_1_340' title='bbox 673 2749 873 2792; x_wconf 82' lang='lat' dir='ltr'><strong>sec-issent,</strong></span> <span class='ocrx_word' id='word_1_341' title='bbox 905 2757 948 2782; x_wconf 90' lang='lat' dir='ltr'><em>se</em></span> <span class='ocrx_word' id='word_1_342' title='bbox 973 2747 1106 2792; x_wconf 90' lang='lat' dir='ltr'><strong>ipsum</strong></span> <span class='ocrx_word' id='word_1_343' title='bbox 1130 2747 1178 2781; x_wconf 84' lang='lat' dir='ltr'><em>iis</em></span> <span class='ocrx_word' id='word_1_344' title='bbox 1203 2747 1379 2780; x_wconf 86' lang='lat' dir='ltr'><strong>minatus</strong></span> <span class='ocrx_word' id='word_1_345' title='bbox 1407 2747 1466 2780; x_wconf 84' lang='lat' dir='ltr'><em>est</em></span> <span class='ocrx_word' id='word_1_346' title='bbox 1491 2745 1544 2779; x_wconf 87' lang='lat' dir='ltr'><em>ad</em></span> <span class='ocrx_word' id='word_1_347' title='bbox 1571 2744 1788 2780; x_wconf 89' lang='lat' dir='ltr'><strong>defenden-</strong></span> 
     </span>
     <span class='ocr_line' id='line_1_40' title="bbox 294 2798 997 2842; baseline -0.004 -9"><span class='ocrx_word' id='word_1_348' title='bbox 294 2798 389 2833; x_wconf 90' lang='lat' dir='ltr'><em>dum</em></span> <span class='ocrx_word' id='word_1_349' title='bbox 416 2807 588 2842; x_wconf 88' lang='lat' dir='ltr'><strong>puerum</strong></span> <span class='ocrx_word' id='word_1_350' title='bbox 613 2806 701 2832; x_wconf 86' lang='lat' dir='ltr'><strong>esse</strong></span> <span class='ocrx_word' id='word_1_351' title='bbox 727 2805 997 2831; x_wconf 80' lang='lat' dir='ltr'><strong>accessurum.</strong></span> 
     </span>
     <span class='ocr_line' id='line_1_41' title="bbox 255 2840 1789 2889; baseline -0.003 -9"><span class='ocrx_word' id='word_1_352' title='bbox 255 2845 279 2881; x_wconf 81' lang='lat'>5</span> <span class='ocrx_word' id='word_1_353' title='bbox 411 2844 495 2889; x_wconf 90' lang='lat' dir='ltr'><strong>Cui,</strong></span> <span class='ocrx_word' id='word_1_354' title='bbox 515 2855 607 2879; x_wconf 84' lang='lat' dir='ltr'><em>cum</em></span> <span class='ocrx_word' id='word_1_355' title='bbox 624 2845 704 2879; x_wconf 83' lang='lat' dir='ltr'><strong>iam</strong></span> <span class='ocrx_word' id='word_1_356' title='bbox 724 2844 923 2889; x_wconf 84' lang='lat' dir='ltr'><strong>coepisset</strong></span> <span class='ocrx_word' id='word_1_357' title='bbox 939 2842 1174 2889; x_wconf 85' lang='lat' dir='ltr'><strong>pubescere,</strong></span> <span class='ocrx_word' id='word_1_358' title='bbox 1199 2840 1413 2875; x_wconf 85' lang='lat' dir='ltr'><strong>Pulcheria</strong></span> <span class='ocrx_word' id='word_1_359' title='bbox 1431 2851 1546 2876; x_wconf 83' lang='lat' dir='ltr'><strong>soror</strong></span> <span class='ocrx_word' id='word_1_360' title='bbox 1565 2840 1789 2886; x_wconf 87' lang='lat' dir='ltr'><strong>despondet</strong></span> 
     </span>
     <span class='ocr_line' id='line_1_42' title="bbox 292 2887 1789 2937; baseline -0.002 -9"><span class='ocrx_word' id='word_1_361' title='bbox 292 2892 514 2928; x_wconf 86' lang='lat' dir='ltr'><strong>Eudociam</strong></span> <span class='ocrx_word' id='word_1_362' title='bbox 551 2891 836 2928; x_wconf 84' lang='lat' dir='ltr'><strong>Atheniensem</strong></span> <span class='ocrx_word' id='word_1_363' title='bbox 882 2893 922 2927; x_wconf 84' lang='lat' dir='ltr'><em>et</em></span> <span class='ocrx_word' id='word_1_364' title='bbox 963 2889 1262 2937; x_wconf 77' lang='lat' dir='ltr'><strong>pulchritudine</strong></span> <span class='ocrx_word' id='word_1_365' title='bbox 1300 2887 1524 2935; x_wconf 79' lang='lat' dir='ltr'><strong>praeditam</strong></span> <span class='ocrx_word' id='word_1_366' title='bbox 1563 2888 1711 2924; x_wconf 83' lang='lat' dir='ltr'><strong>eximia</strong></span> <span class='ocrx_word' id='word_1_367' title='bbox 1749 2890 1789 2925; x_wconf 89' lang='lat' dir='ltr'><em>et</em></span> 
     </span>
    </p>
   </div>
   <div class='ocr_carea' id='block_1_7' title="bbox 1926 0 1968 2157">
    <p class='ocr_par' dir='ltr' id='par_1_16' title="bbox 1926 0 1968 2157">
     <span class='ocr_line' id='line_1_43' title="bbox 1926 0 1968 2157; baseline 0 0"><span class='ocrx_word' id='word_1_368' title='bbox 1926 0 1968 2157; x_wconf 95' lang='lat' dir='ltr'><em> </em></span> 
     </span>
    </p>
   </div>
  </div>
 </body>
</html>
