2066 3230
434 214 696 254 DIOGENES
721 214 921 254 CAPTVS
945 214 982 254 A
1006 214 1192 254 TVRCIS
1216 213 1550 254 RESTITVTVS.
1671 214 1742 254 703

245 336 466 392 βασίλειον,
498 341 695 381 κοινωνεῖ
709 355 752 381 τε
771 339 991 394 τραπέζης,
1018 338 1265 394 ὁμόθρονον
1284 339 1425 394 ἑαυτῷ
1443 339 1741 394 ποιησάμενος,

245 406 331 448 λύει
370 409 456 448 τῶν
492 407 774 462 αἰχμαλώτων
812 408 930 462 αὐτῷ
968 407 1154 454 ὁπόσους
1194 408 1333 463 ᾔτησε,
1377 407 1449 449 καὶ
1491 408 1628 454 οὕτως
1671 407 1801 463 ἐφ’26

245 475 422 529 ἡμέραις
458 475 534 517 τισὶ
571 476 854 530 συνομιλήσας
891 476 962 518 καὶ
1001 475 1303 531 συνδιαιτηθεὶς
1338 481 1402 531 τῷ
1431 475 1553 531 ἀνδρὶ
1582 475 1654 518 καὶ
1683 493 1740 517 τι-

244 543 386 597 μήσας
415 544 774 598 ὑπερβαλλόντως,
817 543 900 586 εἶτα
937 544 1009 586 καὶ
1039 544 1259 599 συνθήκας
1287 544 1470 599 θέμενος
1500 544 1567 587 ἐπὶ
1597 545 1739 600 εἰρήνῃ

209 614 233 650 5
247 611 429 666 διηνεκεῖ
466 613 538 654 καὶ
577 612 737 667 κήδους
774 612 998 667 ὑπόσχεσιν
1035 612 1101 655 ἐπὶ
1137 613 1252 654 παισὶ
1287 614 1571 669 ποιησάμενος
1601 613 1742 668 ἀφῆκε

245 679 318 722 τὸν
338 680 540 735 Διογένην
570 681 731 723 ἀπιέναι
761 680 860 735 μεθ’
888 681 991 736 ὅσης
1022 682 1102 723 οὐκ
1133 682 1186 723 ἄν
1215 697 1274 728 τις
1303 682 1448 736 ἤλπισε
1479 682 1742 738 δορυφορίας

244 764 287 790 τε
329 748 401 790 καὶ
442 753 572 804 τιμῆς.
647 749 672 790 ὁ
714 749 759 791 δὲ
802 749 860 795 εἰς
896 748 1206 791 Θεοδοσόπολιν
1249 750 1451 792 ἀπελθὼν
1493 750 1741 805 ἐσταλμένος
1754 754 1800 790 27

244 817 522 871 βαρβαρικῶς
555 817 596 872 (ὁ
619 817 698 872 γὰρ
720 817 897 860 σουλτὰν
923 818 1077 864 οἰκείας
1108 819 1225 872 αὐτῷ
1254 819 1439 873 παρέσχε
1469 818 1634 872 στολάς)
1666 819 1741 874 τήν

244 901 287 926 τε
317 890 434 940 χεῖρα
467 886 551 927 ἐκεῖ
580 887 836 940 προσμείνας
866 887 1145 940 ἐθεραπεύετο
1176 886 1247 928 καὶ
1282 886 1357 941 τὴν
1395 887 1598 942 ἀμφίασιν
1633 887 1741 941 πρὸς
1755 891 1785 928 C

187 958 233 993 10
243 953 291 995 τὸ
322 954 655 1008 ῥωμαϊκώτερον
689 955 996 1010 μεθηρμόζετο.
1058 955 1220 997 ἐκεῖθεν
1263 955 1309 997 δὲ
1350 954 1499 1010 προῄει
1543 956 1740 1010 ἐπανιών,
1754 961 1801 997 28

244 1021 363 1075 ἄγων
392 1022 493 1076 μεθ’
525 1023 676 1065 ἑαυτοῦ
707 1023 779 1064 καὶ
807 1023 1001 1077 πρέσβεις
1031 1027 1105 1064 τοῦ
1137 1023 1324 1065 σουλτάν.

358 1089 464 1132 Ἀλλ’
498 1091 522 1132 ὁ
551 1091 631 1146 μὲν
669 1092 807 1138 οὕτως
843 1091 1029 1147 ἐπανῄει·
1074 1096 1147 1146 τῆς
1186 1089 1223 1133 δ’
1258 1092 1460 1138 ἁλώσεως
1498 1092 1627 1134 αὐτοῦ
1665 1092 1739 1146 ἀγ-
1753 1098 1800 1134 29

245 1158 460 1214 γελῧείσης
490 1160 547 1205 εἷς
576 1159 625 1201 τὰ
656 1160 839 1214 βασίλεια
872 1161 917 1202 ἐν
948 1160 1135 1215 διχονοίᾳ
1166 1160 1207 1201 οἳ
1236 1160 1330 1214 περὶ
1361 1164 1487 1202 ταῦτα
1511 1161 1738 1215 γεγόνασιν.

246 1227 287 1268 οῖ
314 1227 394 1281 μὲν
425 1227 505 1282 γὰρ
535 1231 586 1282 τῇ
616 1227 830 1282 βασιλίσσῃ
862 1228 933 1269 καὶ
965 1226 1090 1274 αὖθις
1120 1228 1195 1283 τὴν
1225 1229 1418 1276 ἐξουσίαν
1451 1229 1656 1277 ἐδίδοσαν,
1701 1230 1741 1271 οἶ
1753 1236 1800 1272 30

185 1300 231 1336 15
246 1294 292 1337 ὄὲ
321 1300 383 1349 τῷ
413 1297 685 1350 πρεσβυτέρῳ
715 1299 802 1338 τῶν
831 1297 982 1351 ταύτης
1009 1297 1137 1338 υἱέων
1157 1296 1204 1338 τὸ
1226 1297 1395 1352 ξύμπαν
1416 1297 1739 1353 ἕπε’ψηφίζοντο,

246 1364 287 1405 οἶ
318 1364 363 1406 δὲ
394 1365 693 1419 κοινοπραξίαν
723 1370 773 1420 τῇ
803 1381 846 1406 τε
874 1365 999 1420 μητρὶ
1030 1365 1102 1407 καὶ
1130 1370 1192 1420 τῷ
1222 1365 1303 1407 υἷέϊ
1330 1366 1551 1420 ἀπένεμον.

9 1427 61 1488 f·
91 1439 144 1477 IV
162 1439 232 1476 217
359 1433 432 1476 Ἐν
461 1434 620 1480 τούτοις
652 1433 698 1475 δὲ
728 1434 870 1480 λυθεὶς
898 1439 971 1489 τῆς
1001 1434 1291 1489 αἰχμαλωσίας
1321 1435 1346 1475 ὁ
1378 1434 1575 1489 Διογένης
1605 1435 1812 1489 duay-15

247 1501 445 1557 γέλλεται·
477 1503 688 1557 κομίζεται
721 1502 766 1543 δὲ
797 1502 868 1543 καὶ
890 1502 1138 1557 ι’ὂιόγραφος
1159 1503 1318 1544 ἐκείνου
1341 1502 1530 1558 ἐπιστολὴ
1553 1503 1601 1545 τὰ
1624 1504 1742 1558 αὐτῷ

247 1632 292 1668 12
317 1633 390 1668 τίνα
416 1633 495 1676 (ὅσα
510 1632 555 1675 Ε)
580 1634 759 1679 γεγόνασιν
783 1633 821 1669 ἒν
844 1639 916 1673 τοῖς
939 1634 1126 1680 βασιλείοις
1152 1638 1212 1680 τῆς
1237 1633 1404 1673 ἁλώσεως
1428 1633 1656 1679 ἀγγελθείσης
1679 1638 1741 1670 τοῦ

244 1680 430 1726 Διογένους
455 1684 498 1722 (τ.
523 1682 620 1726 Διογ.
647 1691 723 1717 om.
750 1681 794 1725 C)
823 1680 886 1717 ΟΕ

316 1799 339 1835 2
363 1799 437 1836 λύει
466 1820 508 1826 —-
535 1800 558 1836 5
582 1801 821 1847 ποιησάμενος
844 1811 920 1837 om.
947 1800 983 1836 D
1139 1801 1162 1837 2
1189 1804 1280 1848 post
1305 1802 1378 1837 λύει
1404 1801 1496 1837 add.
1523 1815 1559 1837 τε
1585 1800 1741 1848 EwpDi

315 1848 338 1882 4
363 1848 651 1894 ὑπερβαλλόντως
678 1875 906 1885 ..........
931 1849 992 1885 καὶ
1020 1849 1165 1885 omisso
1191 1849 1263 1884 εἶτα
1289 1848 1319 1886 C
1416 1849 1470 1885 ἐπ’
1496 1849 1560 1886 BC
1659 1850 1680 1885 7
1705 1864 1741 1884 τε

317 1905 393 1932 om.
408 1895 517 1942 p*Di
612 1898 633 1931 ὁ
649 1896 701 1943 δὲ]
726 1898 783 1931 ὅτε
800 1896 848 1943 p*
947 1897 1197 1932 θεοὸοσόπολιν
1214 1896 1333 1942 ARW,
1363 1897 1632 1933 Θεοδοσιόπολιν
1645 1896 1740 1943 pDi,

248 1958 250 1960 ’
319 1944 616 1979 Θεοδοσιούπολιν
642 1943 801 1990 Seylitz.
829 1955 865 1990 1).
884 1945 966 1989 701,
984 1944 1040 1988 20,
1069 1955 1105 1980 v.
1124 1944 1177 1979 ad
1203 1944 1335 1979 XVIII
1365 1945 1419 1990 13,
1437 1947 1460 1980 8
1560 1945 1605 1980 10
1629 1945 1687 1980 τὸν
1706 1945 1740 1979 D

318 1991 373 2027 ll.
402 1991 446 2027 12
471 1993 730 2037 ἄγων-οὕτως
757 2002 833 2028 om.
860 1992 892 2027 E
1011 1992 1055 2027 15
1080 1993 1221 2036 σύμπαν
1247 1991 1295 2036 D,
1322 2003 1359 2027 v.
1387 1992 1439 2027 ad
1465 1991 1562 2027 XIII
1587 1992 1620 2036 ὃ,
1650 1993 1666 2027 l

319 2039 363 2074 16
388 2040 459 2074 υἱέϊ
479 2039 561 2083 AR,
586 2041 670 2075 υἱὲει
697 2040 782 2086 w*p
881 2040 925 2075 17
949 2039 1194 2085 ἀπαγγέλλεται
1221 2038 1255 2075 Α
1282 2042 1335 2082 (v.
1361 2040 1476 2076 Pseu.
1503 2051 1540 2086 p.
1567 2039 1649 2085 279,
1667 2040 1741 2085 24),

316 2086 510 2132 ἀγγέλλεται
539 2085 696 2134 prDi

247 2220 316 2266 gia
342 2229 589 2265 mensaeque
624 2219 847 2255 adhibitum
881 2219 996 2255 iuxta
1027 2229 1070 2254 se
1103 2218 1283 2263 collocat,
1324 2219 1505 2264 captivis,
1541 2222 1740 2265 quotquot

247 2268 429 2314 petierat,
457 2267 635 2302 redditis.
684 2266 747 2302 Ad
768 2267 873 2302 hune
891 2266 1053 2302 modum
1074 2277 1146 2312 per
1172 2267 1257 2301 dies
1282 2266 1436 2311 aliquot
1462 2276 1551 2302 cuin
1579 2277 1626 2302 eo
1655 2277 1740 2302 ver·
1752 2267 1799 2303 26

247 2319 359 2351 satus
385 2319 425 2350 et
451 2315 673 2351 collocutus
699 2321 739 2350 et
765 2315 913 2359 insigni
941 2314 1094 2350 honore
1121 2317 1370 2360 prosecutus,
1411 2324 1511 2359 paee
1542 2319 1740 2362 perpetua

247 2367 389 2399 saneta
414 2364 693 2409 promissaque
720 2363 912 2397 affinitate
938 2362 1043 2397 inter
1068 2362 1215 2397 liberos
1241 2362 1420 2407 ipsorum
1452 2362 1739 2406 contrahenda,

248 2410 472 2457 Diogenem
506 2411 654 2445 (limisit
688 2420 777 2445 cum
813 2410 965 2445 maiore
997 2410 1190 2445 comitatu
1221 2413 1261 2445 et
1293 2410 1458 2452 honore,
1499 2419 1619 2455 quam
1654 2419 1740 2456 spe-

248 2460 327 2495 rari
355 2459 496 2505 potuit.
550 2458 633 2493 Rex
661 2459 786 2504 igitur
811 2457 1026 2492 barbarica
1052 2461 1164 2492 veste
1195 2459 1363 2493 ornatus
1399 2457 1599 2498 (sultanus
1633 2458 1738 2493 enim
1752 2457 1798 2494 27

247 2507 491 2553 gentiliciam
520 2506 573 2541 illi
605 2506 745 2541 stolam
779 2504 961 2544 dederat)
993 2504 1330 2550 Theodosopolim
1358 2505 1564 2550 profectus
1589 2505 1643 2540 ibi
1673 2515 1739 2540 ex-

247 2554 457 2600 spectavit,
484 2554 578 2589 dum
601 2554 748 2589 vulnus
767 2562 909 2588 manus
932 2555 1156 2593 curaretur,
1181 2556 1221 2588 et
1246 2555 1400 2587 vestem
1428 2562 1500 2598 pro
1528 2557 1739 2588 consuetu-

248 2602 342 2638 dine
360 2601 541 2637 Romana
559 2602 796 2637 immutavit.
848 2600 947 2635 Inde
966 2609 1055 2635 cum
1082 2599 1230 2635 sultani
1257 2599 1401 2645 legatis
1426 2599 1568 2635 urbem
1596 2609 1739 2635 versus
1751 2600 1799 2636 28

248 2649 465 2686 contendit.

367 2695 552 2733 Ceterum
580 2698 667 2732 eius
694 2697 929 2742 captivitate
955 2695 994 2730 in
1023 2695 1176 2740 regiam
1203 2694 1390 2730 nuntiata
1414 2695 1519 2730 inter
1550 2695 1798 2739 procot-eam

248 2748 336 2780 erat
361 2746 649 2789 controversia,
687 2745 774 2779 aliis
801 2744 968 2789 reginae
994 2746 1232 2789 potestatem
1260 2741 1548 2777 restituendam
1576 2749 1739 2777 censen·
1750 2743 1799 2778 30

249 2793 367 2837 tibus,
408 2792 496 2828 aliis
527 2796 627 2828 natu
658 2793 833 2827 maximo
868 2801 916 2825 vx
950 2791 1036 2825 eius
1063 2790 1152 2824 finis
1178 2790 1387 2835 imperium
1415 2788 1737 2833 decernentibus,

248 2840 336 2875 anis
363 2849 612 2875 communem
640 2843 679 2875 et
704 2840 819 2875 matri
849 2843 887 2873 et
913 2838 1002 2873 tiliis
1028 2838 1309 2872 auctoritatem
1336 2836 1620 2872 tribuentibus·

370 2887 423 2924 15.
475 2886 634 2923 Interea
666 2888 808 2923 nuntio
841 2887 890 2922 de
920 2885 1103 2930 Diogene
1137 2885 1305 2920 liberato
1337 2888 1505 2931 accepto
1535 2884 1738 2931 allataque

0 2842 18 2874 ἓ

0 2873 21 3047 ᾗ

0 3057 11 3087 !:‹

0 3087 14 3102 *i
