2054 3282
369 211 440 250 400
767 209 947 253 zoNAR.
976 211 1105 251 ΕΡΙΤ.
1133 208 1224 252 XVI
1250 217 1284 260 4,
1311 209 1460 254 12-24.

369 335 637 391 ἐγκατέστησε
668 337 738 378 τὸν
769 337 1004 391 φιλόσοφον
1035 337 1210 390 Λέοντα,
1251 336 1302 380 οὗ
1333 339 1454 386 κλέος
1486 340 1551 381 ἐπὶ
1582 343 1709 396 σοφίᾳ
1740 343 1860 391 πολύ,

368 404 415 449 ὃς
445 404 516 445 καὶ
540 410 601 458 τῷ
622 405 783 459 βασιλεῖ
801 404 997 458 Θεοφίλῳ
1030 406 1195 459 γέγονεν
1227 408 1388 460 ἔντιμος
1419 408 1465 449 ἐκ
1497 408 1655 462 τρόπου
1687 411 1859 452 τοιοῦδε.

309 477 353 512 13
365 472 534 513 πολλῶν
566 474 682 526 αὐτῷ
714 476 922 527 φοιτητῶν
954 473 1101 526 ὄντων,
1135 474 1206 514 ἕνα
1239 475 1390 529 συνέβη
1424 476 1583 517 τούτων
1611 481 1692 523 τοῖς
1712 477 1859 532 Σαρα-

365 545 508 594 κηνοῖς
555 541 746 595 γενέσθαι
794 541 1021 595 ἁλώσιμον,
1073 539 1112 595 ᾧ
1158 541 1206 582 τὰ
1254 546 1325 596 τῆς
1372 545 1625 597 γεωμετρίας
1669 546 1859 600 μεμύητο

322 608 567 662 Οάκριβῶς,
612 609 682 650 καὶ
721 607 843 655 οὗτος
879 612 965 650 τῶν
1001 609 1117 663 παρὰ
1154 614 1238 656 τοῖς
1274 611 1507 665 βαρβάροις
1538 613 1756 667 ἐπισήμων
1786 614 1908 655 τινὶΙ)
1927 621 1980 658 IV
1995 621 2038 658 13

307 683 351 718 14
366 676 575 717 δουλεύειν
606 677 900 731 ἀπονενέμητο.
962 677 1014 731 ἧν
1047 677 1084 718 δ’
1118 678 1142 718 ὁ
1173 678 1262 719 τότε
1292 682 1377 720 τῶν
1408 680 1455 720 ἐκ
1486 685 1558 734 τῆς
1574 680 1705 734 Ἅγαρ
1730 697 1856 735 προε-

364 744 529 798 στηκὼς
546 745 782 799 φιλολογῶν
798 746 870 786 καὶ
885 746 1134 800 φιλοσόφων
1150 747 1448 801 θεωρημάτων
1465 748 1671 802 ἐπιμελῶς
1687 749 1856 803 ἀκροώ-

362 828 501 866 μενος,
534 813 660 854 πλέον
693 813 738 855 δὲ
769 817 853 855 τῶν
884 814 1023 855 ἄλλων
1054 816 1140 861 ταῖς
1172 820 1470 870 γεωμετρικαῖς
1499 816 1702 870 μεθόδοις
1725 833 1856 872 προσ-

304 889 349 924 15
362 881 563 934 κείμενος.
627 882 771 936 ἐφοίτα
805 882 850 924 δὲ
881 882 952 924 καὶ
983 883 1007 924 ὁ
1038 887 1111 925 τοῦ
1143 883 1413 937 αἰχμαλώτου
1446 884 1648 939 δεσπότης
1673 885 1789 940 παρὰ
1810 885 1856 928 τὸ

362 949 656 1004 ἀκροατήριον,
688 951 763 992 καί
789 967 889 992 ποτε
920 952 1036 1005 αὐτῷ
1067 951 1138 992 καὶ
1169 952 1193 993 ὁ
1216 952 1481 1006 αἰχμάλωτος
1502 954 1648 1006 εἵπετο,
1680 954 1751 995 καὶ
1771 957 1856 996 τῶν
1872 964 1917 999 10

363 1017 648 1060 διδασκόντων
692 1019 878 1066 ἀκούσας
921 1020 992 1061 καὶ
1035 1020 1226 1074 σχήματα
1271 1021 1443 1067 τούτους
1486 1021 1590 1063 ἰδὼν
1634 1022 1854 1077 διαχαράτ-

360 1101 504 1132 τοντας
542 1087 800 1141 γεωμετρικὰ
839 1088 974 1142 ἀρχήν
1011 1104 1052 1129 τε
1088 1087 1134 1129 τὸ
1174 1089 1378 1142 τρίγωνον
1415 1089 1570 1136 παντὸς
1606 1089 1707 1131 εἶναι
1739 1091 1854 1132 διδά-

361 1170 537 1201 σκοντας
569 1156 794 1210 σχήματος,
828 1154 925 1198 ὥστ’
960 1157 1005 1204 ἐξ
1036 1158 1164 1199 αὐτοῦ
1197 1158 1309 1198 ἅπαν
1334 1162 1475 1212 σχῆμα
1497 1158 1764 1200 συνίστασθαι
1783 1158 1855 1200 καὶ

360 1223 417 1268 εἰς
454 1223 556 1264 αὐτὸ
594 1225 859 1274 ἀναλύεσθαι,
903 1226 973 1267 καὶ
1013 1225 1074 1271 ὡς
1111 1225 1281 1266 πάντων
1312 1226 1336 1266 ὁ
1367 1226 1523 1272 κύκλος
1559 1229 1643 1267 τῶν
1673 1227 1853 1279 ι’σοπερι-

359 1292 527 1346 μέτρων
565 1293 682 1347 αὐτῷ
717 1294 788 1335 καὶ
819 1294 1080 1348 ἰσοπλεύρων
1111 1293 1192 1335 ἐστὶ
1222 1293 1621 1348 πολυχωρητότερος
1650 1295 1720 1336 καὶ
1752 1295 1854 1336 ἄλλα
1872 1307 1915 1342 15

310 1364 538 1408 Πτοιαῦτα,
571 1362 694 1415 ἤρετο
725 1361 796 1403 τὸν
828 1363 977 1404 ἑαυτοῦ
1009 1363 1155 1416 κύριον
1178 1362 1200 1403 ὁ
1224 1362 1489 1416 αἰχμάλωτος
1517 1364 1555 1404 εἰ
1571 1363 1749 1405 πύθοιτο
1770 1367 1855 1405 τῶν

302 1438 346 1473 16
362 1427 628 1470 διδασκάλων
657 1430 752 1483 περὶ
783 1428 846 1472 ὧν
879 1430 1137 1472 διδάσκουσι·
1169 1430 1240 1471 καὶ
1272 1432 1319 1477 ὃς
1344 1431 1581 1485 ἐπέτρεψεν.
1644 1432 1668 1473 ὁ
1691 1431 1736 1473 δὲ
1758 1431 1855 1478 τοὺς

358 1496 510 1551 λόγους
539 1501 624 1539 τῶν
657 1498 975 1553 διδασκομένων
1004 1500 1133 1554 ἐζήτει
1154 1499 1377 1554 σαφηνίσαι
1400 1500 1563 1546 αὐτούς.
1625 1501 1665 1542 οἱ
1686 1500 1723 1542 δ’
1747 1501 1852 1556 ἠπό-

430 1675 449 1710 1
476 1674 663 1721 ἕγκατέστη
689 1676 767 1711 νέον
795 1675 842 1721 D,
869 1676 1098 1722 ἐγκατέστησε
1125 1687 1225 1712 corr.
1253 1676 1321 1715 Dw
1433 1677 1546 1723 πολλῇ
1572 1676 1600 1713 C
1713 1678 1736 1713 3
1762 1682 1851 1724 post

429 1723 563 1758 τούτων
588 1724 680 1762 add.
707 1723 797 1759 κατὰ
823 1723 884 1769 τὴν
909 1725 1002 1760 ἓώαν
1027 1725 1303 1770 ἀποδημήσαντα
1329 1724 1616 1770 (ἀποδομήσαντα
1642 1725 1694 1770 D)
1721 1725 1817 1772 pr

427 1771 452 1805 4
477 1772 514 1810 ὃς
539 1782 602 1817 wp
629 1772 766 1807 invitis
791 1771 862 1807 AR
974 1773 996 1808 5
1022 1773 1070 1807 ἑνὶ
1098 1772 1128 1808 Ο
1243 1773 1263 1808 7
1291 1773 1490 1817 φιλολόγων
1515 1772 1551 1807 Ι)
1665 1774 1710 1808 10
1734 1774 1852 1819 ἀκρω·

428 1819 548 1864 τήριον
573 1819 609 1853 D
707 1820 767 1855 καὶ
793 1824 888 1855 ante
914 1821 935 1854 ὁ
960 1831 1035 1854 om.
1055 1820 1090 1854 D
1190 1820 1234 1854 12
1260 1820 1299 1855 δὲ
1317 1820 1346 1856 C
1442 1820 1570 1859 παντὸς
1588 1824 1681 1856 ante
1698 1821 1737 1856 τὸ
1754 1822 1850 1868 Ewp

430 1903 474 1937 13
500 1903 586 1941 ὥςτε
612 1902 739 1948 E(w)p
879 1904 922 1938 14
949 1908 1039 1949 post
1065 1904 1115 1942 ὡς
1141 1904 1232 1939 add.
1259 1905 1278 1938 ὁ
1301 1903 1331 1938 Β
1473 1904 1516 1939 15
1542 1904 1648 1940 αὐτοῦ
1675 1904 1721 1949 D,
1747 1883 1792 1940 αὖ
1819 1905 1849 1939 Β

429 1950 474 1985 16
499 1951 520 1985 ὁ
543 1951 765 1996 αἰχμάλωτος
792 1962 867 1987 om.
895 1951 974 1996 CD,
1003 1953 1230 1997 transponit
1255 1955 1349 1987 ante
1375 1951 1477 1997 ἤρετο
1503 1952 1533 1986 Β
1707 1954 1751 1989 17
1777 1953 1850 1988 ἐπέ·

427 2011 578 2044 στρεψεν
604 1998 651 2043 D,
677 2009 777 2034 corr.
805 1999 873 2038 Dw
974 2000 1017 2034 18
1043 1999 1187 2045 ἐζήτησε
1214 2000 1312 2045 pr

355 2165 432 2202 bus
469 2165 674 2202 doctorem
713 2167 909 2213 praefecit
940 2166 1118 2203 Leonem
1158 2167 1449 2213 philosophum,
1489 2168 1603 2204 cuius
1642 2167 1849 2204 doctrinae

354 2214 506 2250 incluta
530 2215 638 2250 fama
665 2218 762 2259 erat,
790 2216 911 2251 etiam
933 2216 984 2251 ab
1011 2226 1109 2261 rege
1128 2215 1348 2261 Theophilo
1377 2216 1614 2251 honoratum
1644 2216 1718 2251 hac
1737 2227 1849 2252 occa-

297 2265 341 2299 13
355 2263 478 2298 sione.
531 2261 629 2298 Cum
656 2263 802 2298 multos
830 2263 996 2298 haberet
1022 2263 1252 2309 discipulos,
1279 2264 1437 2306 accidit,
1462 2268 1507 2298 ut
1526 2273 1664 2298 eorum
1685 2264 1847 2308 quidam

354 2311 395 2344 in
421 2312 645 2355 geometria
673 2314 862 2346 accurate
889 2311 1072 2346 eruditus
1098 2321 1122 2346 a
1149 2310 1362 2347 Saracenis
1389 2315 1530 2356 captus
1558 2311 1716 2346 cuidam
1743 2313 1848 2346 inter

296 2360 340 2395 14
356 2357 553 2393 barbaros
579 2358 722 2393 illustri
758 2359 799 2393 in
838 2359 1074 2394 servitutem
1101 2358 1340 2394 traderetur.
1391 2358 1674 2404 Agarenorum
1712 2364 1847 2394 autem

355 2406 423 2449 qui
451 2409 534 2440 tum
562 2410 649 2440 erat
676 2407 876 2451 princeps,
903 2407 965 2440 vir
992 2406 1146 2449 doctus,
1174 2407 1422 2442 theoremata,
1449 2406 1724 2451 philosophiae
1751 2417 1846 2451 quo—

355 2463 434 2497 que
460 2453 639 2488 studiose
666 2453 870 2498 audiebat,
910 2463 1007 2499 prae
1035 2456 1178 2489 ceteris
1204 2458 1338 2488 tamen
1365 2454 1622 2498 geometricis
1649 2454 1846 2489 methodis

295 2502 339 2538 15
353 2503 440 2535 erat
466 2501 636 2536 deditus.
688 2501 785 2536 Cum
813 2506 947 2536 autem
976 2502 1125 2546 captivi
1152 2502 1271 2536 herus
1290 2501 1535 2536 auditorium
1556 2503 1842 2546 frequentaret,

353 2548 571 2593 aliquando
599 2552 638 2583 et
665 2549 750 2594 ipse
778 2559 868 2584 eum
897 2549 1121 2591 comitatus,
1147 2549 1296 2584 auditis
1324 2549 1567 2592 doctoribuS,
1596 2549 1663 2593 qui
1690 2550 1844 2594 figuras

352 2597 622 2640 geometricas
649 2596 901 2631 delinearant
927 2600 966 2631 et
991 2597 1240 2642 triangulum
1268 2598 1395 2631 omnis
1421 2596 1579 2641 figurae
1604 2596 1844 2642 principium

352 2653 439 2678 esse
467 2643 668 2678 docebant
695 2654 914 2689 omnesque
939 2644 1093 2689 figuras
1120 2654 1171 2679 ex
1210 2654 1256 2679 co
1298 2647 1336 2678 et
1375 2645 1470 2679 oriri
1509 2647 1547 2678 et
1586 2645 1626 2678 in
1653 2644 1758 2679 idem
1785 2655 1843 2679 re-

353 2691 455 2725 solvi
481 2695 521 2726 et
548 2691 740 2726 circulum
776 2692 952 2726 omnium
979 2692 1214 2736 figurarum,
1255 2701 1360 2736 quae
1387 2692 1541 2726 ambitu
1567 2692 1728 2736 aequali
1754 2703 1844 2727 con-

353 2739 590 2783 tinerentur,
619 2749 707 2775 esse
729 2740 1037 2785 capacissimum
1056 2740 1223 2785 eiusque
1240 2740 1403 2785 generis
1422 2739 1511 2783 alia,
1539 2740 1702 2785 rogavit
1721 2740 1843 2775 donii-

353 2795 449 2820 num
476 2786 540 2821 ille
568 2788 764 2832 captivus,
805 2797 902 2822 num
927 2787 1066 2822 liceret
1091 2788 1306 2833 magistros
1333 2787 1383 2822 de
1409 2788 1469 2830 iiS,
1509 2798 1613 2833 quae
1641 2788 1843 2835 docerent,

294 2835 338 2871 16
354 2835 594 2878 percontari.
635 2835 752 2877 Quod
779 2845 868 2871 cum
887 2835 952 2870 ille
980 2836 1236 2882 permisisset,
1263 2836 1387 2881 petiit,
1414 2839 1460 2870 ut
1486 2838 1664 2874 rationes
1691 2847 1842 2882 eorum,

354 2890 459 2929 quae
487 2882 728 2929 docuissent,
756 2883 831 2919 sibi
858 2883 1173 2921 declararentur.
1212 2883 1359 2921 Verum
1387 2887 1472 2931 illis,
1501 2887 1608 2932 quod
1629 2886 1843 2932 responde-
