<?xml version="1.0" encoding="UTF-8"?>
<!DOCTYPE html PUBLIC "-//W3C//DTD XHTML 1.0 Transitional//EN"
    "http://www.w3.org/TR/xhtml1/DTD/xhtml1-transitional.dtd">
<html xmlns="http://www.w3.org/1999/xhtml" xml:lang="en" lang="en">
 <head>
  <title>
</title>
<meta http-equiv="Content-Type" content="text/html;charset=utf-8" />
  <meta name='ocr-system' content='tesseract 3.04.00' />
  <meta name='ocr-capabilities' content='ocr_page ocr_carea ocr_par ocr_line ocrx_word'/>
</head>
<body>
  <div class='ocr_page' id='page_1' title='image "./corpusscriptorum31niebuoft/corpusscriptorum31niebuoft_0344.png"; bbox 0 0 2054 3282; ppageno 0'>
   <div class='ocr_carea' id='block_1_1' title="bbox 1901 0 2054 182">
    <p class='ocr_par' dir='ltr' id='par_1_1' title="bbox 1901 0 2054 182">
     <span class='ocr_line' id='line_1_1' title="bbox 1901 0 2054 182; baseline 0 3100"><span class='ocrx_word' id='word_1_1' title='bbox 1901 0 2054 182; x_wconf 95' lang='lat' dir='ltr'><em> </em></span> 
     </span>
    </p>
   </div>
   <div class='ocr_carea' id='block_1_2' title="bbox 318 270 1450 322">
    <p class='ocr_par' dir='ltr' id='par_1_2' title="bbox 318 270 1450 322">
     <span class='ocr_line' id='line_1_2' title="bbox 318 270 1450 322; baseline 0.002 -11"><span class='ocrx_word' id='word_1_2' title='bbox 318 273 389 311; x_wconf 84' lang='lat'><em>318</em></span> <span class='ocrx_word' id='word_1_3' title='bbox 691 270 871 313; x_wconf 78' lang='lat' dir='ltr'>zoNAR.</span> <span class='ocrx_word' id='word_1_4' title='bbox 900 275 1028 311; x_wconf 79' lang='lat' dir='ltr'>EPIT.</span> <span class='ocrx_word' id='word_1_5' title='bbox 1056 275 1128 313; x_wconf 85' lang='lat' dir='ltr'><em>xv</em></span> <span class='ocrx_word' id='word_1_6' title='bbox 1157 270 1211 322; x_wconf 79' lang='lat'><em>18,</em></span> <span class='ocrx_word' id='word_1_7' title='bbox 1239 270 1390 322; x_wconf 80' lang='lat'>12-19,</span> <span class='ocrx_word' id='word_1_8' title='bbox 1416 274 1450 314; x_wconf 83' lang='lat'><em>3.</em></span> 
     </span>
    </p>
   </div>
   <div class='ocr_carea' id='block_1_3' title="bbox 38 395 2018 1684">
    <p class='ocr_par' dir='ltr' id='par_1_3' title="bbox 261 395 1812 590">
     <span class='ocr_line' id='line_1_3' title="bbox 261 395 1810 456; baseline 0.005 -21"><span class='ocrx_word' id='word_1_9' title='bbox 261 401 305 435; x_wconf 87' lang='lat'><em>13</em></span> <span class='ocrx_word' id='word_1_10' title='bbox 318 397 507 450; x_wconf 81' lang='grc' dir='ltr'><em>ἡγεῖσθαι</em></span> <span class='ocrx_word' id='word_1_11' title='bbox 551 401 670 438; x_wconf 80' lang='grc' dir='ltr'><em>τοῦτο</em></span> <span class='ocrx_word' id='word_1_12' title='bbox 714 397 784 438; x_wconf 85' lang='grc' dir='ltr'><em>καὶ</em></span> <span class='ocrx_word' id='word_1_13' title='bbox 827 396 922 442; x_wconf 74' lang='grc' dir='ltr'><em>τοὺς</em></span> <span class='ocrx_word' id='word_1_14' title='bbox 961 395 1067 451; x_wconf 78' lang='grc' dir='ltr'><em>ἀμφ’</em></span> <span class='ocrx_word' id='word_1_15' title='bbox 1110 397 1237 439; x_wconf 79' lang='grc' dir='ltr'><em>αὐτὸν</em></span> <span class='ocrx_word' id='word_1_16' title='bbox 1275 398 1462 454; x_wconf 71' lang='grc' dir='ltr'><em>ἐπισχεῖν.</em></span> <span class='ocrx_word' id='word_1_17' title='bbox 1525 400 1587 446; x_wconf 85' lang='grc' dir='ltr'><em>ὡς</em></span> <span class='ocrx_word' id='word_1_18' title='bbox 1625 398 1662 442; x_wconf 84' lang='grc' dir='ltr'><em>δ’</em></span> <span class='ocrx_word' id='word_1_19' title='bbox 1695 402 1810 456; x_wconf 83' lang='grc' dir='ltr'><em>ἑώρα</em></span> 
     </span>
     <span class='ocr_line' id='line_1_4' title="bbox 316 464 1812 522; baseline 0.004 -18"><span class='ocrx_word' id='word_1_20' title='bbox 316 464 412 510; x_wconf 81' lang='grc' dir='ltr'><em>τοὺς</em></span> <span class='ocrx_word' id='word_1_21' title='bbox 444 465 679 519; x_wconf 76' lang='grc' dir='ltr'><em>Ῥωμαίους</em></span> <span class='ocrx_word' id='word_1_22' title='bbox 719 465 949 518; x_wconf 68' lang='grc' dir='ltr'><em>φεύγοντας</em></span> <span class='ocrx_word' id='word_1_23' title='bbox 986 465 1190 519; x_wconf 80' lang='grc' dir='ltr'><em>ἀκόσμως</em></span> <span class='ocrx_word' id='word_1_24' title='bbox 1229 467 1299 508; x_wconf 80' lang='grc' dir='ltr'><em>καὶ</em></span> <span class='ocrx_word' id='word_1_25' title='bbox 1343 468 1552 522; x_wconf 76' lang='grc' dir='ltr'><em>ἀκρατῶς,</em></span> <span class='ocrx_word' id='word_1_26' title='bbox 1598 468 1686 510; x_wconf 89' lang='grc' dir='ltr'><em>τότε</em></span> <span class='ocrx_word' id='word_1_27' title='bbox 1728 474 1812 516; x_wconf 87' lang='grc' dir='ltr'><em>τοῖς</em></span> 
     </span>
     <span class='ocr_line' id='line_1_5' title="bbox 318 533 1810 590; baseline 0.004 -17"><span class='ocrx_word' id='word_1_28' title='bbox 318 533 483 578; x_wconf 80' lang='grc' dir='ltr'><em>οἰκείοις</em></span> <span class='ocrx_word' id='word_1_29' title='bbox 515 534 681 574; x_wconf 76' lang='grc' dir='ltr'><em>διώκειν</em></span> <span class='ocrx_word' id='word_1_30' title='bbox 713 534 1061 587; x_wconf 72' lang='grc' dir='ltr'><em>ἐγκελευσάμενος</em></span> <span class='ocrx_word' id='word_1_31' title='bbox 1083 534 1217 588; x_wconf 86' lang='grc' dir='ltr'><em>φόνον</em></span> <span class='ocrx_word' id='word_1_32' title='bbox 1237 534 1425 575; x_wconf 85' lang='grc' dir='ltr'><em>πλεῖστον</em></span> <span class='ocrx_word' id='word_1_33' title='bbox 1447 536 1666 589; x_wconf 81' lang='grc' dir='ltr'><em>εἰργάσατο</em></span> <span class='ocrx_word' id='word_1_34' title='bbox 1687 553 1810 590; x_wconf 87' lang='grc' dir='ltr'><em>στρα-</em></span> 
     </span>
    </p>

    <p class='ocr_par' dir='ltr' id='par_1_4' title="bbox 258 600 1847 796">
     <span class='ocr_line' id='line_1_6' title="bbox 258 600 1810 658; baseline 0.004 -18"><span class='ocrx_word' id='word_1_35' title='bbox 258 605 302 640; x_wconf 91' lang='grc'><em>14</em></span> <span class='ocrx_word' id='word_1_36' title='bbox 316 604 476 642; x_wconf 80' lang='grc' dir='ltr'><em>τιωτῶν</em></span> <span class='ocrx_word' id='word_1_37' title='bbox 507 617 548 642; x_wconf 91' lang='grc' dir='ltr'><em>τε</em></span> <span class='ocrx_word' id='word_1_38' title='bbox 579 601 649 641; x_wconf 81' lang='grc' dir='ltr'><em>καὶ</em></span> <span class='ocrx_word' id='word_1_39' title='bbox 682 605 933 656; x_wconf 74' lang='grc' dir='ltr'><em>στρατηγῶν.</em></span> <span class='ocrx_word' id='word_1_40' title='bbox 994 602 1114 655; x_wconf 80' lang='grc' dir='ltr'><em>μόλις</em></span> <span class='ocrx_word' id='word_1_41' title='bbox 1146 600 1182 642; x_wconf 72' lang='grc' dir='ltr'><em>δ”</em></span> <span class='ocrx_word' id='word_1_42' title='bbox 1217 602 1241 642; x_wconf 75' lang='grc' dir='ltr'><em>ὅ</em></span> <span class='ocrx_word' id='word_1_43' title='bbox 1272 602 1462 656; x_wconf 79' lang='grc' dir='ltr'><em>βασιλεὺς</em></span> <span class='ocrx_word' id='word_1_44' title='bbox 1494 604 1550 649; x_wconf 85' lang='grc' dir='ltr'><em>εἰς</em></span> <span class='ocrx_word' id='word_1_45' title='bbox 1579 604 1654 658; x_wconf 87' lang='grc' dir='ltr'><em>τὴν</em></span> <span class='ocrx_word' id='word_1_46' title='bbox 1684 605 1810 646; x_wconf 82' lang='grc' dir='ltr'><em>Κων-</em></span> 
     </span>
     <span class='ocr_line' id='line_1_7' title="bbox 316 666 1847 727; baseline 0.005 -18"><span class='ocrx_word' id='word_1_47' title='bbox 316 668 526 710; x_wconf 88' lang='grc' dir='ltr'><em>σταντίνου</em></span> <span class='ocrx_word' id='word_1_48' title='bbox 564 666 651 723; x_wconf 86' lang='grc' dir='ltr'><em>μετ’</em></span> <span class='ocrx_word' id='word_1_49' title='bbox 694 670 845 722; x_wconf 83' lang='grc' dir='ltr'><em>ὀλίγων</em></span> <span class='ocrx_word' id='word_1_50' title='bbox 882 673 1005 710; x_wconf 81' lang='grc' dir='ltr'><em>τινῶν</em></span> <span class='ocrx_word' id='word_1_51' title='bbox 1043 675 1159 725; x_wconf 84' lang='grc' dir='ltr'><em>φυγῇ</em></span> <span class='ocrx_word' id='word_1_52' title='bbox 1205 670 1462 724; x_wconf 81' lang='grc' dir='ltr'><em>διασώζεται,</em></span> <span class='ocrx_word' id='word_1_53' title='bbox 1506 676 1579 713; x_wconf 81' lang='grc' dir='ltr'><em>τοῦ</em></span> <span class='ocrx_word' id='word_1_54' title='bbox 1622 673 1847 727; x_wconf 85' lang='grc' dir='ltr'><em>χάρακος5</em></span> 
     </span>
     <span class='ocr_line' id='line_1_8' title="bbox 314 736 1808 796; baseline 0.003 -19"><span class='ocrx_word' id='word_1_55' title='bbox 314 736 385 778; x_wconf 84' lang='grc' dir='ltr'><em>καὶ</em></span> <span class='ocrx_word' id='word_1_56' title='bbox 415 742 487 791; x_wconf 85' lang='grc' dir='ltr'><em>τῆς</em></span> <span class='ocrx_word' id='word_1_57' title='bbox 519 742 675 791; x_wconf 79' lang='grc' dir='ltr'><em>σκηνῆς</em></span> <span class='ocrx_word' id='word_1_58' title='bbox 705 741 777 791; x_wconf 89' lang='grc' dir='ltr'><em>τῆς</em></span> <span class='ocrx_word' id='word_1_59' title='bbox 808 738 1023 792; x_wconf 81' lang='grc' dir='ltr'><em>βασιλικῆς</em></span> <span class='ocrx_word' id='word_1_60' title='bbox 1056 738 1289 792; x_wconf 80' lang='grc' dir='ltr'><em>γεγονότων</em></span> <span class='ocrx_word' id='word_1_61' title='bbox 1319 742 1404 784; x_wconf 84' lang='grc' dir='ltr'><em>τοῖς</em></span> <span class='ocrx_word' id='word_1_62' title='bbox 1434 739 1668 794; x_wconf 79' lang='grc' dir='ltr'><em>βαρβάροις</em></span> <span class='ocrx_word' id='word_1_63' title='bbox 1694 741 1808 796; x_wconf 88' lang='grc' dir='ltr'><em>διάρ-</em></span> 
     </span>
    </p>

    <p class='ocr_par' dir='ltr' id='par_1_5' title="bbox 257 806 1870 1134">
     <span class='ocr_line' id='line_1_9' title="bbox 257 806 1808 861; baseline 0.004 -16"><span class='ocrx_word' id='word_1_64' title='bbox 257 811 471 859; x_wconf 79' lang='grc' dir='ltr'><em>15παγμα.</em></span> <span class='ocrx_word' id='word_1_65' title='bbox 535 806 724 846; x_wconf 77' lang='grc' dir='ltr'><em>ἐντεῦθεν</em></span> <span class='ocrx_word' id='word_1_66' title='bbox 757 806 780 846; x_wconf 83' lang='grc' dir='ltr'>ὁ</span> <span class='ocrx_word' id='word_1_67' title='bbox 802 806 928 847; x_wconf 87' lang='grc' dir='ltr'><em>Λέων</em></span> <span class='ocrx_word' id='word_1_68' title='bbox 960 807 1101 852; x_wconf 87' lang='grc' dir='ltr'><em>ἀδείας</em></span> <span class='ocrx_word' id='word_1_69' title='bbox 1134 807 1397 861; x_wconf 77' lang='grc' dir='ltr'><em>δραξάμενος</em></span> <span class='ocrx_word' id='word_1_70' title='bbox 1428 808 1498 849; x_wconf 83' lang='grc' dir='ltr'><em>καὶ</em></span> <span class='ocrx_word' id='word_1_71' title='bbox 1529 808 1625 855; x_wconf 84' lang='grc' dir='ltr'><em>τοὺς</em></span> <span class='ocrx_word' id='word_1_72' title='bbox 1656 825 1808 851; x_wconf 88' lang='grc' dir='ltr'><em>κοινω-</em></span> 
     </span>
     <span class='ocr_line' id='line_1_10' title="bbox 313 873 1808 931; baseline 0.004 -18"><span class='ocrx_word' id='word_1_73' title='bbox 313 873 411 919; x_wconf 72' lang='grc' dir='ltr'><em>νοὺς</em></span> <span class='ocrx_word' id='word_1_74' title='bbox 448 877 533 914; x_wconf 82' lang='grc' dir='ltr'><em>τῶν</em></span> <span class='ocrx_word' id='word_1_75' title='bbox 571 874 872 927; x_wconf 78' lang='grc' dir='ltr'><em>βουλευμάτων</em></span> <span class='ocrx_word' id='word_1_76' title='bbox 909 875 1026 929; x_wconf 71' lang='grc' dir='ltr'><em>αὐτῷ</em></span> <span class='ocrx_word' id='word_1_77' title='bbox 1058 875 1298 928; x_wconf 84' lang='grc' dir='ltr'><em>διασπείρας</em></span> <span class='ocrx_word' id='word_1_78' title='bbox 1329 876 1385 921; x_wconf 84' lang='grc' dir='ltr'><em>εἷς</em></span> <span class='ocrx_word' id='word_1_79' title='bbox 1416 875 1463 916; x_wconf 85' lang='grc' dir='ltr'><em>τὰ</em></span> <span class='ocrx_word' id='word_1_80' title='bbox 1495 877 1808 931; x_wconf 76' lang='grc' dir='ltr'><em>περιλειφθέντα</em></span> 
     </span>
     <span class='ocr_line' id='line_1_11' title="bbox 311 942 1808 1000; baseline 0.003 -18"><span class='ocrx_word' id='word_1_81' title='bbox 311 945 396 983; x_wconf 85' lang='grc' dir='ltr'><em>τῶν</em></span> <span class='ocrx_word' id='word_1_82' title='bbox 434 942 753 996; x_wconf 79' lang='grc' dir='ltr'><em>στρατευμάτων</em></span> <span class='ocrx_word' id='word_1_83' title='bbox 789 943 982 997; x_wconf 89' lang='grc' dir='ltr'><em>λέγοντας</em></span> <span class='ocrx_word' id='word_1_84' title='bbox 1021 944 1066 991; x_wconf 82' lang='grc' dir='ltr'><em>ἒξ</em></span> <span class='ocrx_word' id='word_1_85' title='bbox 1102 944 1294 998; x_wconf 78' lang='grc' dir='ltr'><em>ἀφελείας</em></span> <span class='ocrx_word' id='word_1_86' title='bbox 1325 947 1410 985; x_wconf 82' lang='grc' dir='ltr'><em>τῶν</em></span> <span class='ocrx_word' id='word_1_87' title='bbox 1440 946 1708 998; x_wconf 83' lang='grc' dir='ltr'><em>κρατούντων</em></span> <span class='ocrx_word' id='word_1_88' title='bbox 1739 947 1808 1000; x_wconf 81' lang='grc' dir='ltr'><em>ἡτ-</em></span> 
     </span>
     <span class='ocr_line' id='line_1_12' title="bbox 312 1010 1870 1069; baseline 0.004 -18"><span class='ocrx_word' id='word_1_89' title='bbox 312 1011 463 1051; x_wconf 85' lang='grc' dir='ltr'><em>τᾶσθαι</em></span> <span class='ocrx_word' id='word_1_90' title='bbox 490 1010 726 1065; x_wconf 84' lang='grc' dir='ltr'><em>Ῥωμαίους</em></span> <span class='ocrx_word' id='word_1_91' title='bbox 763 1011 833 1052; x_wconf 81' lang='grc' dir='ltr'><em>καὶ</em></span> <span class='ocrx_word' id='word_1_92' title='bbox 871 1012 1032 1053; x_wconf 82' lang='grc' dir='ltr'><em>δεῖσθαι</em></span> <span class='ocrx_word' id='word_1_93' title='bbox 1068 1012 1116 1053; x_wconf 83' lang='grc' dir='ltr'><em>τὰ</em></span> <span class='ocrx_word' id='word_1_94' title='bbox 1156 1012 1381 1066; x_wconf 86' lang='grc' dir='ltr'><em>πράγματα</em></span> <span class='ocrx_word' id='word_1_95' title='bbox 1422 1014 1609 1066; x_wconf 86' lang='grc' dir='ltr'><em>γενναίου</em></span> <span class='ocrx_word' id='word_1_96' title='bbox 1642 1014 1807 1069; x_wconf 84' lang='grc' dir='ltr'><em>ἀνδρός,</em></span> <span class='ocrx_word' id='word_1_97' title='bbox 1825 1021 1870 1057; x_wconf 91' lang='grc'><em>10</em></span> 
     </span>
     <span class='ocr_line' id='line_1_13' title="bbox 313 1078 1809 1134; baseline 0.003 -15"><span class='ocrx_word' id='word_1_98' title='bbox 313 1078 400 1124; x_wconf 82' lang='grc' dir='ltr'><em>οἷος</em></span> <span class='ocrx_word' id='word_1_99' title='bbox 431 1079 455 1119; x_wconf 83' lang='grc' dir='ltr'>ὁ</span> <span class='ocrx_word' id='word_1_100' title='bbox 486 1082 571 1120; x_wconf 82' lang='grc' dir='ltr'><em>τῶν</em></span> <span class='ocrx_word' id='word_1_101' title='bbox 602 1079 860 1120; x_wconf 82' lang='grc' dir='ltr'><em>ἀνατολικῶν</em></span> <span class='ocrx_word' id='word_1_102' title='bbox 892 1080 1119 1134; x_wconf 84' lang='grc' dir='ltr'><em>στρατηγὸς</em></span> <span class='ocrx_word' id='word_1_103' title='bbox 1150 1080 1275 1122; x_wconf 84' lang='grc' dir='ltr'><em>Λέων</em></span> <span class='ocrx_word' id='word_1_104' title='bbox 1307 1081 1423 1134; x_wconf 76' lang='grc' dir='ltr'><em>ἐστίν,</em></span> <span class='ocrx_word' id='word_1_105' title='bbox 1457 1082 1513 1127; x_wconf 86' lang='grc' dir='ltr'><em>εἰς</em></span> <span class='ocrx_word' id='word_1_106' title='bbox 1544 1082 1683 1123; x_wconf 88' lang='grc' dir='ltr'><em>στάσιν</em></span> <span class='ocrx_word' id='word_1_107' title='bbox 1712 1082 1809 1129; x_wconf 85' lang='grc' dir='ltr'><em>τοὺς</em></span> 
     </span>
    </p>

    <p class='ocr_par' dir='ltr' id='par_1_6' title="bbox 253 1148 1808 1204">
     <span class='ocr_line' id='line_1_14' title="bbox 253 1148 1808 1204; baseline 0.003 -17"><span class='ocrx_word' id='word_1_108' title='bbox 253 1151 298 1186; x_wconf 86' lang='grc'><em>16</em></span> <span class='ocrx_word' id='word_1_109' title='bbox 313 1148 564 1201; x_wconf 86' lang='grc' dir='ltr'><em>στρατιώτας</em></span> <span class='ocrx_word' id='word_1_110' title='bbox 601 1149 787 1202; x_wconf 84' lang='grc' dir='ltr'><em>ἠρέθισε·</em></span> <span class='ocrx_word' id='word_1_111' title='bbox 831 1148 901 1190; x_wconf 86' lang='grc' dir='ltr'><em>καὶ</em></span> <span class='ocrx_word' id='word_1_112' title='bbox 938 1149 1009 1190; x_wconf 84' lang='grc' dir='ltr'><em>τὸν</em></span> <span class='ocrx_word' id='word_1_113' title='bbox 1047 1149 1124 1203; x_wconf 84' lang='grc' dir='ltr'><em>μὲν</em></span> <span class='ocrx_word' id='word_1_114' title='bbox 1160 1150 1330 1203; x_wconf 86' lang='grc' dir='ltr'><em>βασιλέα</em></span> <span class='ocrx_word' id='word_1_115' title='bbox 1362 1154 1510 1196; x_wconf 85' lang='grc' dir='ltr'><em>κακῶς</em></span> <span class='ocrx_word' id='word_1_116' title='bbox 1541 1150 1693 1204; x_wconf 83' lang='grc' dir='ltr'><em>ἔλεγον,</em></span> <span class='ocrx_word' id='word_1_117' title='bbox 1737 1150 1808 1193; x_wconf 85' lang='grc' dir='ltr'><em>τὸν</em></span> 
     </span>
    </p>

    <p class='ocr_par' dir='ltr' id='par_1_7' title="bbox 38 1215 2018 1547">
     <span class='ocr_line' id='line_1_15' title="bbox 97 1215 1809 1273; baseline 0.003 -17"><span class='ocrx_word' id='word_1_118' title='bbox 97 1218 295 1256; x_wconf 76' lang='lat' dir='ltr'>P11128A</span> <span class='ocrx_word' id='word_1_119' title='bbox 311 1215 472 1257; x_wconf 89' lang='grc' dir='ltr'><em>Λέοντα</em></span> <span class='ocrx_word' id='word_1_120' title='bbox 507 1216 552 1257; x_wconf 83' lang='grc' dir='ltr'><em>δὲ</em></span> <span class='ocrx_word' id='word_1_121' title='bbox 581 1216 796 1271; x_wconf 80' lang='grc' dir='ltr'><em>βασιλικῆς</em></span> <span class='ocrx_word' id='word_1_122' title='bbox 829 1217 1037 1272; x_wconf 74' lang='grc' dir='ltr'><em>εὐφημίας</em></span> <span class='ocrx_word' id='word_1_123' title='bbox 1069 1219 1225 1272; x_wconf 81' lang='grc' dir='ltr'><em>ἠξίουν,</em></span> <span class='ocrx_word' id='word_1_124' title='bbox 1258 1218 1332 1273; x_wconf 84' lang='grc' dir='ltr'><em>τήν</em></span> <span class='ocrx_word' id='word_1_125' title='bbox 1363 1219 1522 1260; x_wconf 81' lang='grc' dir='ltr'><em>ἐκείνου</em></span> <span class='ocrx_word' id='word_1_126' title='bbox 1551 1219 1809 1272; x_wconf 85' lang='grc' dir='ltr'><em>περιστάντες</em></span> 
     </span>
     <span class='ocr_line' id='line_1_16' title="bbox 38 1283 1809 1343; baseline 0.002 -17"><span class='ocrx_word' id='word_1_127' title='bbox 38 1288 232 1326; x_wconf 81' lang='lat' dir='ltr'>W1111o4</span> <span class='ocrx_word' id='word_1_128' title='bbox 254 1289 297 1324; x_wconf 78' lang='lat'><em>17</em></span> <span class='ocrx_word' id='word_1_129' title='bbox 311 1285 481 1339; x_wconf 86' lang='grc' dir='ltr'><em>σκηνήν.</em></span> <span class='ocrx_word' id='word_1_130' title='bbox 545 1285 825 1338; x_wconf 82' lang='grc' dir='ltr'><em>ἀκκιζομένου</em></span> <span class='ocrx_word' id='word_1_131' title='bbox 859 1283 895 1326; x_wconf 77' lang='grc' dir='ltr'><em>δ’</em></span> <span class='ocrx_word' id='word_1_132' title='bbox 929 1286 1057 1327; x_wconf 72' lang='grc' dir='ltr'><em>αὐτοῦ</em></span> <span class='ocrx_word' id='word_1_133' title='bbox 1095 1287 1166 1327; x_wconf 82' lang='grc' dir='ltr'><em>καὶ</em></span> <span class='ocrx_word' id='word_1_134' title='bbox 1204 1288 1540 1340; x_wconf 85' lang='grc' dir='ltr'><em>παραιτουμένου</em></span> <span class='ocrx_word' id='word_1_135' title='bbox 1574 1288 1704 1342; x_wconf 90' lang='grc' dir='ltr'><em>δῆθεν</em></span> <span class='ocrx_word' id='word_1_136' title='bbox 1734 1287 1809 1343; x_wconf 84' lang='grc' dir='ltr'><em>τήν</em></span> 
     </span>
     <span class='ocr_line' id='line_1_17' title="bbox 311 1353 1868 1411; baseline 0.003 -18"><span class='ocrx_word' id='word_1_137' title='bbox 311 1353 550 1407; x_wconf 73' lang='grc' dir='ltr'><em>αὖταρχίαν,</em></span> <span class='ocrx_word' id='word_1_138' title='bbox 599 1354 623 1394; x_wconf 83' lang='grc' dir='ltr'>ὁ</span> <span class='ocrx_word' id='word_1_139' title='bbox 654 1353 831 1407; x_wconf 83' lang='grc' dir='ltr'><em>τραυλὸς</em></span> <span class='ocrx_word' id='word_1_140' title='bbox 854 1354 1024 1408; x_wconf 81' lang='grc' dir='ltr'><em>Μιχαὴλ</em></span> <span class='ocrx_word' id='word_1_141' title='bbox 1055 1355 1263 1409; x_wconf 88' lang='grc' dir='ltr'><em>τάγματος</em></span> <span class='ocrx_word' id='word_1_142' title='bbox 1294 1356 1441 1410; x_wconf 79' lang='grc' dir='ltr'><em>ἄρχων</em></span> <span class='ocrx_word' id='word_1_143' title='bbox 1471 1355 1516 1396; x_wconf 86' lang='grc' dir='ltr'><em>τὸ</em></span> <span class='ocrx_word' id='word_1_144' title='bbox 1550 1357 1670 1411; x_wconf 81' lang='grc' dir='ltr'><em>ξίφος</em></span> <span class='ocrx_word' id='word_1_145' title='bbox 1701 1372 1806 1398; x_wconf 88' lang='grc' dir='ltr'><em>σπα-</em></span> <span class='ocrx_word' id='word_1_146' title='bbox 1825 1362 1868 1398; x_wconf 84' lang='grc'><em>15</em></span> 
     </span>
     <span class='ocr_line' id='line_1_18' title="bbox 310 1422 2018 1479; baseline 0.003 -17"><span class='ocrx_word' id='word_1_147' title='bbox 310 1422 502 1475; x_wconf 77' lang='grc' dir='ltr'><em>σάμενος,</em></span> <span class='ocrx_word' id='word_1_148' title='bbox 535 1426 655 1463; x_wconf 82' lang='grc' dir='ltr'><em>τοῦτο</em></span> <span class='ocrx_word' id='word_1_149' title='bbox 690 1422 734 1463; x_wconf 79' lang='grc' dir='ltr'><em>δὲ</em></span> <span class='ocrx_word' id='word_1_150' title='bbox 758 1422 828 1463; x_wconf 81' lang='grc' dir='ltr'><em>καὶ</em></span> <span class='ocrx_word' id='word_1_151' title='bbox 852 1423 990 1469; x_wconf 80' lang='grc' dir='ltr'><em>ἄλλοις</em></span> <span class='ocrx_word' id='word_1_152' title='bbox 1010 1428 1140 1464; x_wconf 86' lang='grc' dir='ltr'><em>ποιεῖν</em></span> <span class='ocrx_word' id='word_1_153' title='bbox 1162 1425 1428 1478; x_wconf 80' lang='grc' dir='ltr'><em>ὑποθέμενος</em></span> <span class='ocrx_word' id='word_1_154' title='bbox 1448 1429 1520 1479; x_wconf 87' lang='grc' dir='ltr'><em>τῆς</em></span> <span class='ocrx_word' id='word_1_155' title='bbox 1541 1426 1808 1478; x_wconf 86' lang='grc' dir='ltr'><em>συνωμοσίας</em></span> <span class='ocrx_word' id='word_1_156' title='bbox 1822 1436 1857 1471; x_wconf 85' lang='grc'><em>1)</em></span> <span class='ocrx_word' id='word_1_157' title='bbox 1878 1437 1935 1472; x_wconf 91' lang='grc' dir='ltr'><em>ΙΙΙ</em></span> <span class='ocrx_word' id='word_1_158' title='bbox 1948 1437 2018 1474; x_wconf 84' lang='grc'><em>379</em></span> 
     </span>
     <span class='ocr_line' id='line_1_19' title="bbox 308 1490 1806 1547; baseline 0.003 -16"><span class='ocrx_word' id='word_1_159' title='bbox 308 1490 541 1544; x_wconf 88' lang='grc' dir='ltr'><em>μετέχουσι,</em></span> <span class='ocrx_word' id='word_1_160' title='bbox 571 1491 763 1532; x_wconf 87' lang='grc' dir='ltr'><em>πείθουσι</em></span> <span class='ocrx_word' id='word_1_161' title='bbox 794 1492 899 1546; x_wconf 84' lang='grc' dir='ltr'><em>τάχα</em></span> <span class='ocrx_word' id='word_1_162' title='bbox 932 1492 1003 1533; x_wconf 85' lang='grc' dir='ltr'><em>καὶ</em></span> <span class='ocrx_word' id='word_1_163' title='bbox 1034 1492 1189 1533; x_wconf 84' lang='grc' dir='ltr'><em>ἄκοντα</em></span> <span class='ocrx_word' id='word_1_164' title='bbox 1210 1492 1284 1546; x_wconf 88' lang='grc' dir='ltr'><em>τήν</em></span> <span class='ocrx_word' id='word_1_165' title='bbox 1306 1492 1534 1547; x_wconf 83' lang='grc' dir='ltr'><em>ἀνάρρησιν</em></span> <span class='ocrx_word' id='word_1_166' title='bbox 1554 1493 1625 1534; x_wconf 86' lang='grc' dir='ltr'><em>τὸν</em></span> <span class='ocrx_word' id='word_1_167' title='bbox 1645 1494 1806 1536; x_wconf 86' lang='grc' dir='ltr'><em>Λέοντα</em></span> 
     </span>
    </p>

    <p class='ocr_par' dir='ltr' id='par_1_8' title="bbox 251 1558 1808 1616">
     <span class='ocr_line' id='line_1_20' title="bbox 251 1558 1808 1616; baseline 0.003 -18"><span class='ocrx_word' id='word_1_168' title='bbox 251 1563 296 1598; x_wconf 91' lang='grc'><em>18</em></span> <span class='ocrx_word' id='word_1_169' title='bbox 311 1558 525 1606; x_wconf 79' lang='grc' dir='ltr'><em>δέξασθαι.</em></span> <span class='ocrx_word' id='word_1_170' title='bbox 587 1559 649 1605; x_wconf 84' lang='grc' dir='ltr'><em>ὡς</em></span> <span class='ocrx_word' id='word_1_171' title='bbox 681 1558 756 1600; x_wconf 78' lang='grc' dir='ltr'><em>οὗν</em></span> <span class='ocrx_word' id='word_1_172' title='bbox 787 1560 938 1614; x_wconf 86' lang='grc' dir='ltr'><em>ἠγγέλη</em></span> <span class='ocrx_word' id='word_1_173' title='bbox 967 1564 1093 1602; x_wconf 82' lang='grc' dir='ltr'><em>ταῦτα</em></span> <span class='ocrx_word' id='word_1_174' title='bbox 1115 1565 1176 1614; x_wconf 77' lang='grc' dir='ltr'><em>τῷ</em></span> <span class='ocrx_word' id='word_1_175' title='bbox 1197 1560 1383 1615; x_wconf 67' lang='grc' dir='ltr'><em>ᾹΙιχαήλ,</em></span> <span class='ocrx_word' id='word_1_176' title='bbox 1416 1561 1546 1608; x_wconf 81' lang='grc' dir='ltr'><em>εὐθὺς</em></span> <span class='ocrx_word' id='word_1_177' title='bbox 1577 1563 1671 1603; x_wconf 80' lang='grc' dir='ltr'><em>οὗτε</em></span> <span class='ocrx_word' id='word_1_178' title='bbox 1700 1562 1808 1616; x_wconf 88' lang='grc' dir='ltr'><em>πρὸς</em></span> 
     </span>
    </p>

    <p class='ocr_par' dir='ltr' id='par_1_9' title="bbox 310 1627 1805 1684">
     <span class='ocr_line' id='line_1_21' title="bbox 310 1627 1805 1684; baseline 0.003 -16"><span class='ocrx_word' id='word_1_179' title='bbox 310 1627 644 1669; x_wconf 85' lang='grc' dir='ltr'><em>ἀντικατάστασιν</em></span> <span class='ocrx_word' id='word_1_180' title='bbox 675 1627 875 1682; x_wconf 82' lang='grc' dir='ltr'><em>ὥρμησεν</em></span> <span class='ocrx_word' id='word_1_181' title='bbox 907 1629 1000 1670; x_wconf 75' lang='grc' dir='ltr'><em>οὔτε</em></span> <span class='ocrx_word' id='word_1_182' title='bbox 1024 1633 1096 1683; x_wconf 88' lang='grc' dir='ltr'><em>τῆς</em></span> <span class='ocrx_word' id='word_1_183' title='bbox 1117 1629 1324 1684; x_wconf 86' lang='grc' dir='ltr'><em>βασιλείας</em></span> <span class='ocrx_word' id='word_1_184' title='bbox 1346 1629 1689 1684; x_wconf 87' lang='grc' dir='ltr'><em>ἀντιποιήσασθαι</em></span> <span class='ocrx_word' id='word_1_185' title='bbox 1712 1631 1805 1672; x_wconf 82' lang='grc' dir='ltr'><em>ἕδο-</em></span> 
     </span>
    </p>
   </div>
   <div class='ocr_carea' id='block_1_4' title="bbox 306 1769 1806 1912">
    <p class='ocr_par' dir='ltr' id='par_1_10' title="bbox 306 1769 1806 1912">
     <span class='ocr_line' id='line_1_22' title="bbox 309 1769 1806 1818; baseline 0.001 -14"><span class='ocrx_word' id='word_1_186' title='bbox 309 1769 330 1805; x_wconf 85' lang='lat'><strong>7</strong></span> <span class='ocrx_word' id='word_1_187' title='bbox 356 1770 453 1808; x_wconf 83' lang='grc' dir='ltr'><em>ὅπως</em></span> <span class='ocrx_word' id='word_1_188' title='bbox 478 1770 498 1804; x_wconf 83' lang='grc' dir='ltr'>ὁ</span> <span class='ocrx_word' id='word_1_189' title='bbox 522 1770 627 1805; x_wconf 89' lang='grc' dir='ltr'><em>Λέων</em></span> <span class='ocrx_word' id='word_1_190' title='bbox 653 1769 766 1815; x_wconf 77' lang='grc' dir='ltr'><em>ἑαυτῷ</em></span> <span class='ocrx_word' id='word_1_191' title='bbox 793 1770 855 1817; x_wconf 85' lang='grc' dir='ltr'><em>τὴν</em></span> <span class='ocrx_word' id='word_1_192' title='bbox 879 1771 1056 1816; x_wconf 85' lang='grc' dir='ltr'><em>βασιλείαν</em></span> <span class='ocrx_word' id='word_1_193' title='bbox 1080 1771 1350 1817; x_wconf 86' lang='grc' dir='ltr'><em>περιεποιήσατο</em></span> <span class='ocrx_word' id='word_1_194' title='bbox 1378 1770 1440 1807; x_wconf 83' lang='grc' dir='ltr'><em>ΟΕ</em></span> <span class='ocrx_word' id='word_1_195' title='bbox 1531 1771 1576 1806; x_wconf 87' lang='lat'><em>14</em></span> <span class='ocrx_word' id='word_1_196' title='bbox 1600 1773 1651 1806; x_wconf 82' lang='grc' dir='ltr'><em>ὅτι</em></span> <span class='ocrx_word' id='word_1_197' title='bbox 1667 1772 1728 1818; x_wconf 82' lang='grc' dir='ltr'><em>βίᾳ</em></span> <span class='ocrx_word' id='word_1_198' title='bbox 1745 1771 1806 1818; x_wconf 85' lang='grc' dir='ltr'><em>τὴν</em></span> 
     </span>
     <span class='ocr_line' id='line_1_23' title="bbox 306 1817 1805 1866; baseline 0.003 -15"><span class='ocrx_word' id='word_1_199' title='bbox 306 1817 487 1863; x_wconf 85' lang='grc' dir='ltr'><em>βασιλείαν</em></span> <span class='ocrx_word' id='word_1_200' title='bbox 512 1818 767 1863; x_wconf 83' lang='grc' dir='ltr'><em>καταδέχεσθαι</em></span> <span class='ocrx_word' id='word_1_201' title='bbox 792 1819 812 1853; x_wconf 82' lang='grc' dir='ltr'>ὁ</span> <span class='ocrx_word' id='word_1_202' title='bbox 829 1818 934 1854; x_wconf 83' lang='grc' dir='ltr'><em>Λέων</em></span> <span class='ocrx_word' id='word_1_203' title='bbox 958 1819 1219 1864; x_wconf 82' lang='grc' dir='ltr'><em>ἐσχηματίζετο·</em></span> <span class='ocrx_word' id='word_1_204' title='bbox 1247 1819 1307 1854; x_wconf 82' lang='grc' dir='ltr'><em>καὶ</em></span> <span class='ocrx_word' id='word_1_205' title='bbox 1326 1818 1354 1855; x_wconf 91' lang='lat' dir='ltr'>C</span> <span class='ocrx_word' id='word_1_206' title='bbox 1380 1820 1477 1857; x_wconf 82' lang='grc' dir='ltr'><em>ὅπως</em></span> <span class='ocrx_word' id='word_1_207' title='bbox 1495 1820 1516 1853; x_wconf 87' lang='grc' dir='ltr'>ὁ</span> <span class='ocrx_word' id='word_1_208' title='bbox 1531 1819 1677 1866; x_wconf 73' lang='grc' dir='ltr'><em>ΙὶῙιχαὴλ</em></span> <span class='ocrx_word' id='word_1_209' title='bbox 1695 1820 1805 1866; x_wconf 86' lang='grc' dir='ltr'><em>ἀπρα-</em></span> 
     </span>
     <span class='ocr_line' id='line_1_24' title="bbox 307 1865 1550 1912; baseline 0.002 -13"><span class='ocrx_word' id='word_1_210' title='bbox 307 1866 449 1910; x_wconf 87' lang='grc' dir='ltr'><em>γμόνως</em></span> <span class='ocrx_word' id='word_1_211' title='bbox 474 1865 571 1911; x_wconf 82' lang='grc' dir='ltr'><em>αὐτῷ</em></span> <span class='ocrx_word' id='word_1_212' title='bbox 598 1867 688 1907; x_wconf 84' lang='lat' dir='ltr'>(Om.</span> <span class='ocrx_word' id='word_1_213' title='bbox 717 1865 760 1909; x_wconf 88' lang='lat' dir='ltr'><em>C)</em></span> <span class='ocrx_word' id='word_1_214' title='bbox 786 1866 904 1911; x_wconf 80' lang='grc' dir='ltr'><em>ἐξέστη</em></span> <span class='ocrx_word' id='word_1_215' title='bbox 932 1872 992 1912; x_wconf 85' lang='grc' dir='ltr'><em>τῆς</em></span> <span class='ocrx_word' id='word_1_216' title='bbox 1017 1867 1130 1912; x_wconf 83' lang='grc' dir='ltr'><em>ἀρχῆς</em></span> <span class='ocrx_word' id='word_1_217' title='bbox 1155 1867 1214 1902; x_wconf 86' lang='grc' dir='ltr'><em>καὶ</em></span> <span class='ocrx_word' id='word_1_218' title='bbox 1241 1868 1303 1902; x_wconf 82' lang='grc' dir='ltr'><em>ὅσα</em></span> <span class='ocrx_word' id='word_1_219' title='bbox 1330 1867 1460 1901; x_wconf 77' lang='grc' dir='ltr'><em>ἔπαθεν</em></span> <span class='ocrx_word' id='word_1_220' title='bbox 1488 1867 1550 1902; x_wconf 86' lang='lat' dir='ltr'><em>CE</em></span> 
     </span>
    </p>
   </div>
   <div class='ocr_carea' id='block_1_5' title="bbox 377 1996 1806 2236">
    <p class='ocr_par' dir='ltr' id='par_1_11' title="bbox 377 1996 1806 2236">
     <span class='ocr_line' id='line_1_25' title="bbox 379 1996 1806 2045; baseline 0.002 -14"><span class='ocrx_word' id='word_1_221' title='bbox 379 1996 398 2031; x_wconf 90' lang='lat'>1</span> <span class='ocrx_word' id='word_1_222' title='bbox 424 1996 529 2032; x_wconf 79' lang='grc' dir='ltr'><em>αὑτὸν</em></span> <span class='ocrx_word' id='word_1_223' title='bbox 553 1996 635 2041; x_wconf 90' lang='lat' dir='ltr'><em>BD,</em></span> <span class='ocrx_word' id='word_1_224' title='bbox 663 2008 692 2033; x_wconf 87' lang='lat' dir='ltr'>s.</span> <span class='ocrx_word' id='word_1_225' title='bbox 718 1998 812 2044; x_wconf 85' lang='lat' dir='ltr'>spir.</span> <span class='ocrx_word' id='word_1_226' title='bbox 839 1997 868 2034; x_wconf 82' lang='lat' dir='ltr'>C</span> <span class='ocrx_word' id='word_1_227' title='bbox 971 1997 1010 2033; x_wconf 81' lang='grc' dir='ltr'><em>δὲ</em></span> <span class='ocrx_word' id='word_1_228' title='bbox 1035 1996 1191 2044; x_wconf 77' lang='grc' dir='ltr'><em>ΕννΡΒί</em></span> <span class='ocrx_word' id='word_1_229' title='bbox 1299 1998 1322 2033; x_wconf 89' lang='grc'><strong>4</strong></span> <span class='ocrx_word' id='word_1_230' title='bbox 1349 2012 1384 2033; x_wconf 85' lang='grc' dir='ltr'><em>τε</em></span> <span class='ocrx_word' id='word_1_231' title='bbox 1411 2009 1486 2034; x_wconf 90' lang='lat' dir='ltr'>om.</span> <span class='ocrx_word' id='word_1_232' title='bbox 1515 1998 1550 2033; x_wconf 95' lang='lat' dir='ltr'>D</span> <span class='ocrx_word' id='word_1_233' title='bbox 1660 1998 1682 2034; x_wconf 79' lang='lat'>5</span> <span class='ocrx_word' id='word_1_234' title='bbox 1708 2004 1806 2045; x_wconf 79' lang='grc' dir='ltr'><em>φυγῇ</em></span> 
     </span>
     <span class='ocr_line' id='line_1_26' title="bbox 379 2043 1804 2092; baseline 0.002 -13"><span class='ocrx_word' id='word_1_235' title='bbox 379 2043 548 2090; x_wconf 79' lang='lat' dir='ltr'><em>prDi,</em></span> <span class='ocrx_word' id='word_1_236' title='bbox 574 2051 697 2090; x_wconf 86' lang='grc' dir='ltr'><em>φυγεῖν</em></span> <span class='ocrx_word' id='word_1_237' title='bbox 722 2046 757 2080; x_wconf 94' lang='grc' dir='ltr'><strong>Α</strong></span> <span class='ocrx_word' id='word_1_238' title='bbox 876 2045 898 2081; x_wconf 87' lang='grc'><strong>6</strong></span> <span class='ocrx_word' id='word_1_239' title='bbox 923 2047 1101 2092; x_wconf 84' lang='grc' dir='ltr'><em>γεγονότος</em></span> <span class='ocrx_word' id='word_1_240' title='bbox 1128 2046 1163 2080; x_wconf 94' lang='lat' dir='ltr'>D</span> <span class='ocrx_word' id='word_1_241' title='bbox 1285 2047 1308 2082; x_wconf 89' lang='grc'>8</span> <span class='ocrx_word' id='word_1_242' title='bbox 1333 2046 1441 2082; x_wconf 83' lang='grc' dir='ltr'><em>αὐτοῦ</em></span> <span class='ocrx_word' id='word_1_243' title='bbox 1467 2046 1602 2092; x_wconf 85' lang='lat' dir='ltr'>DEwp</span> <span class='ocrx_word' id='word_1_244' title='bbox 1725 2047 1804 2086; x_wconf 88' lang='grc' dir='ltr'><em>τοὺς</em></span> 
     </span>
     <span class='ocr_line' id='line_1_27' title="bbox 377 2093 1802 2139; baseline 0.002 -13"><span class='ocrx_word' id='word_1_245' title='bbox 377 2093 667 2137; x_wconf 85' lang='grc' dir='ltr'><em>περιλειφθέντας</em></span> <span class='ocrx_word' id='word_1_246' title='bbox 695 2093 729 2128; x_wconf 95' lang='lat' dir='ltr'>D</span> <span class='ocrx_word' id='word_1_247' title='bbox 814 2094 1076 2139; x_wconf 78' lang='grc' dir='ltr'><em>περιληφθέντα</em></span> <span class='ocrx_word' id='word_1_248' title='bbox 1102 2093 1188 2138; x_wconf 79' lang='lat' dir='ltr'>(Sic)</span> <span class='ocrx_word' id='word_1_249' title='bbox 1215 2094 1250 2129; x_wconf 91' lang='lat' dir='ltr'>A</span> <span class='ocrx_word' id='word_1_250' title='bbox 1326 2094 1369 2129; x_wconf 85' lang='lat'><em>14</em></span> <span class='ocrx_word' id='word_1_251' title='bbox 1394 2094 1631 2139; x_wconf 81' lang='grc' dir='ltr'><em>ἀκκιζομένου</em></span> <span class='ocrx_word' id='word_1_252' title='bbox 1646 2093 1802 2138; x_wconf 88' lang='lat' dir='ltr'>ADEW,</span> 
     </span>
     <span class='ocr_line' id='line_1_28' title="bbox 378 2139 1802 2188; baseline 0.002 -14"><span class='ocrx_word' id='word_1_253' title='bbox 378 2139 588 2184; x_wconf 84' lang='grc' dir='ltr'><em>ἀκιζομένου</em></span> <span class='ocrx_word' id='word_1_254' title='bbox 613 2140 657 2185; x_wconf 84' lang='lat' dir='ltr'><em>R,</em></span> <span class='ocrx_word' id='word_1_255' title='bbox 685 2142 910 2186; x_wconf 80' lang='grc' dir='ltr'><em>αἰκιζομένου</em></span> <span class='ocrx_word' id='word_1_256' title='bbox 938 2141 984 2187; x_wconf 81' lang='lat' dir='ltr'><em>p*</em></span> <span class='ocrx_word' id='word_1_257' title='bbox 1101 2142 1144 2177; x_wconf 77' lang='lat'><em>17</em></span> <span class='ocrx_word' id='word_1_258' title='bbox 1170 2142 1229 2177; x_wconf 90' lang='grc' dir='ltr'><em>τὸν</em></span> <span class='ocrx_word' id='word_1_259' title='bbox 1255 2142 1375 2177; x_wconf 85' lang='grc' dir='ltr'><em>λέοντα</em></span> <span class='ocrx_word' id='word_1_260' title='bbox 1401 2141 1463 2187; x_wconf 83' lang='grc' dir='ltr'><em>τὴν</em></span> <span class='ocrx_word' id='word_1_261' title='bbox 1488 2142 1680 2187; x_wconf 86' lang='grc' dir='ltr'><em>ἀνάρρησιν</em></span> <span class='ocrx_word' id='word_1_262' title='bbox 1709 2142 1802 2188; x_wconf 85' lang='lat' dir='ltr'><em>Ewp</em></span> 
     </span>
     <span class='ocr_line' id='line_1_29' title="bbox 379 2187 1595 2236; baseline 0.002 -14"><span class='ocrx_word' id='word_1_263' title='bbox 379 2188 424 2222; x_wconf 87' lang='lat'><em>18</em></span> <span class='ocrx_word' id='word_1_264' title='bbox 450 2187 596 2234; x_wconf 80' lang='grc' dir='ltr'><em>ἦγγὲλλη</em></span> <span class='ocrx_word' id='word_1_265' title='bbox 625 2189 710 2233; x_wconf 87' lang='lat' dir='ltr'>(sie)</span> <span class='ocrx_word' id='word_1_266' title='bbox 737 2188 805 2223; x_wconf 86' lang='grc' dir='ltr'><em>ΑΕ</em></span> <span class='ocrx_word' id='word_1_267' title='bbox 902 2188 1011 2228; x_wconf 71' lang='grc' dir='ltr'><em>εὐθὺς</em></span> <span class='ocrx_word' id='word_1_268' title='bbox 1039 2199 1113 2224; x_wconf 89' lang='lat' dir='ltr'>om.</span> <span class='ocrx_word' id='word_1_269' title='bbox 1142 2189 1239 2236; x_wconf 87' lang='lat' dir='ltr'>pr</span> <span class='ocrx_word' id='word_1_270' title='bbox 1267 2189 1318 2234; x_wconf 79' lang='lat' dir='ltr'><em>(v.</em></span> <span class='ocrx_word' id='word_1_271' title='bbox 1347 2200 1440 2224; x_wconf 90' lang='lat' dir='ltr'>ann.</span> <span class='ocrx_word' id='word_1_272' title='bbox 1467 2190 1595 2235; x_wconf 90' lang='lat' dir='ltr'>sequ.)</span> 
     </span>
    </p>
   </div>
   <div class='ocr_carea' id='block_1_6' title="bbox 246 2324 1802 2994">
    <p class='ocr_par' dir='ltr' id='par_1_12' title="bbox 246 2324 1802 2994">
     <span class='ocr_line' id='line_1_30' title="bbox 247 2324 1802 2373; baseline 0 -11"><span class='ocrx_word' id='word_1_273' title='bbox 247 2324 472 2362; x_wconf 74' lang='lat' dir='ltr'>lssinsidias</span> <span class='ocrx_word' id='word_1_274' title='bbox 499 2335 586 2362; x_wconf 83' lang='lat' dir='ltr'>esse</span> <span class='ocrx_word' id='word_1_275' title='bbox 612 2329 734 2362; x_wconf 80' lang='lat' dir='ltr'>ratus.</span> <span class='ocrx_word' id='word_1_276' title='bbox 779 2326 832 2362; x_wconf 86' lang='lat' dir='ltr'><em>Ut</em></span> <span class='ocrx_word' id='word_1_277' title='bbox 859 2330 994 2363; x_wconf 87' lang='lat' dir='ltr'>autem</span> <span class='ocrx_word' id='word_1_278' title='bbox 1016 2327 1219 2363; x_wconf 87' lang='lat' dir='ltr'>Romanos</span> <span class='ocrx_word' id='word_1_279' title='bbox 1245 2330 1396 2363; x_wconf 87' lang='lat' dir='ltr'>temere</span> <span class='ocrx_word' id='word_1_280' title='bbox 1423 2327 1630 2372; x_wconf 75' lang='lat' dir='ltr'>effuseque</span> <span class='ocrx_word' id='word_1_281' title='bbox 1657 2328 1802 2373; x_wconf 86' lang='lat' dir='ltr'>fugere</span> 
     </span>
     <span class='ocr_line' id='line_1_31' title="bbox 306 2373 1801 2420; baseline 0.002 -14"><span class='ocrx_word' id='word_1_282' title='bbox 306 2373 419 2415; x_wconf 83' lang='lat' dir='ltr'>vidit,</span> <span class='ocrx_word' id='word_1_283' title='bbox 445 2377 542 2408; x_wconf 87' lang='lat' dir='ltr'>tune</span> <span class='ocrx_word' id='word_1_284' title='bbox 568 2374 652 2409; x_wconf 84' lang='lat' dir='ltr'>suis</span> <span class='ocrx_word' id='word_1_285' title='bbox 678 2375 835 2420; x_wconf 85' lang='lat' dir='ltr'>insequi</span> <span class='ocrx_word' id='word_1_286' title='bbox 871 2375 989 2410; x_wconf 89' lang='lat' dir='ltr'>iussis</span> <span class='ocrx_word' id='word_1_287' title='bbox 1021 2379 1175 2411; x_wconf 85' lang='lat' dir='ltr'>tantam</span> <span class='ocrx_word' id='word_1_288' title='bbox 1193 2376 1361 2410; x_wconf 88' lang='lat' dir='ltr'>militum</span> <span class='ocrx_word' id='word_1_289' title='bbox 1381 2375 1612 2419; x_wconf 86' lang='lat' dir='ltr'>ducumque</span> <span class='ocrx_word' id='word_1_290' title='bbox 1637 2375 1801 2410; x_wconf 84' lang='lat' dir='ltr'>caedem</span> 
     </span>
     <span class='ocr_line' id='line_1_32' title="bbox 247 2420 1801 2469; baseline 0 -13"><span class='ocrx_word' id='word_1_291' title='bbox 247 2421 292 2456; x_wconf 87' lang='lat'><em>14</em></span> <span class='ocrx_word' id='word_1_292' title='bbox 306 2420 441 2465; x_wconf 84' lang='lat' dir='ltr'>edidit,</span> <span class='ocrx_word' id='word_1_293' title='bbox 479 2423 524 2456; x_wconf 88' lang='lat' dir='ltr'><em>ut</em></span> <span class='ocrx_word' id='word_1_294' title='bbox 557 2425 596 2456; x_wconf 86' lang='lat' dir='ltr'><em>et</em></span> <span class='ocrx_word' id='word_1_295' title='bbox 628 2432 701 2458; x_wconf 82' lang='lat' dir='ltr'><em>rex</em></span> <span class='ocrx_word' id='word_1_296' title='bbox 736 2432 827 2457; x_wconf 92' lang='lat' dir='ltr'><em>cum</em></span> <span class='ocrx_word' id='word_1_297' title='bbox 859 2424 1000 2468; x_wconf 86' lang='lat' dir='ltr'>paucis</span> <span class='ocrx_word' id='word_1_298' title='bbox 1034 2423 1186 2469; x_wconf 90' lang='lat' dir='ltr'>Cpolim</span> <span class='ocrx_word' id='word_1_299' title='bbox 1219 2424 1288 2457; x_wconf 87' lang='lat' dir='ltr'>vix</span> <span class='ocrx_word' id='word_1_300' title='bbox 1322 2423 1551 2458; x_wconf 79' lang='lat' dir='ltr'>elaberetur</span> <span class='ocrx_word' id='word_1_301' title='bbox 1583 2425 1622 2457; x_wconf 87' lang='lat' dir='ltr'><em>et</em></span> <span class='ocrx_word' id='word_1_302' title='bbox 1651 2422 1801 2457; x_wconf 89' lang='lat' dir='ltr'>vallum</span> 
     </span>
     <span class='ocr_line' id='line_1_33' title="bbox 247 2469 1801 2516; baseline 0.001 -13"><span class='ocrx_word' id='word_1_303' title='bbox 247 2469 291 2504; x_wconf 80' lang='lat'><em>15</em></span> <span class='ocrx_word' id='word_1_304' title='bbox 306 2471 428 2513; x_wconf 82' lang='lat' dir='ltr'>atque</span> <span class='ocrx_word' id='word_1_305' title='bbox 447 2469 754 2504; x_wconf 85' lang='lat' dir='ltr'>tabernaculum</span> <span class='ocrx_word' id='word_1_306' title='bbox 781 2472 939 2516; x_wconf 83' lang='lat' dir='ltr'>regium</span> <span class='ocrx_word' id='word_1_307' title='bbox 967 2481 991 2505; x_wconf 86' lang='lat' dir='ltr'>a</span> <span class='ocrx_word' id='word_1_308' title='bbox 1017 2471 1201 2506; x_wconf 87' lang='lat' dir='ltr'>barbaris</span> <span class='ocrx_word' id='word_1_309' title='bbox 1228 2471 1481 2515; x_wconf 81' lang='lat' dir='ltr'>diriperetur.</span> <span class='ocrx_word' id='word_1_310' title='bbox 1525 2469 1623 2504; x_wconf 86' lang='lat' dir='ltr'>Inde</span> <span class='ocrx_word' id='word_1_311' title='bbox 1642 2473 1801 2514; x_wconf 80' lang='lat' dir='ltr'>sumpta</span> 
     </span>
     <span class='ocr_line' id='line_1_34' title="bbox 304 2515 1802 2562; baseline 0.001 -13"><span class='ocrx_word' id='word_1_312' title='bbox 304 2515 452 2550; x_wconf 84' lang='lat' dir='ltr'>fiducia</span> <span class='ocrx_word' id='word_1_313' title='bbox 479 2515 573 2560; x_wconf 85' lang='lat' dir='ltr'>Leo,</span> <span class='ocrx_word' id='word_1_314' title='bbox 601 2527 691 2552; x_wconf 89' lang='lat' dir='ltr'><em>cum</em></span> <span class='ocrx_word' id='word_1_315' title='bbox 720 2518 976 2553; x_wconf 89' lang='lat' dir='ltr'>consiliorum</span> <span class='ocrx_word' id='word_1_316' title='bbox 1003 2528 1167 2554; x_wconf 90' lang='lat' dir='ltr'>suorum</span> <span class='ocrx_word' id='word_1_317' title='bbox 1195 2519 1377 2553; x_wconf 85' lang='lat' dir='ltr'>conscios</span> <span class='ocrx_word' id='word_1_318' title='bbox 1405 2518 1446 2552; x_wconf 90' lang='lat' dir='ltr'><em>in</em></span> <span class='ocrx_word' id='word_1_319' title='bbox 1472 2517 1662 2562; x_wconf 82' lang='lat' dir='ltr'>reliquias</span> <span class='ocrx_word' id='word_1_320' title='bbox 1682 2517 1802 2562; x_wconf 84' lang='lat' dir='ltr'>legio—</span> 
     </span>
     <span class='ocr_line' id='line_1_35' title="bbox 304 2564 1802 2610; baseline 0.002 -13"><span class='ocrx_word' id='word_1_321' title='bbox 304 2573 400 2598; x_wconf 88' lang='lat' dir='ltr'><em>num</em></span> <span class='ocrx_word' id='word_1_322' title='bbox 438 2564 661 2607; x_wconf 83' lang='lat' dir='ltr'>dimisisset,</span> <span class='ocrx_word' id='word_1_323' title='bbox 701 2566 768 2610; x_wconf 88' lang='lat' dir='ltr'>qui</span> <span class='ocrx_word' id='word_1_324' title='bbox 804 2565 984 2601; x_wconf 86' lang='lat' dir='ltr'>dicerent</span> <span class='ocrx_word' id='word_1_325' title='bbox 1019 2570 1057 2601; x_wconf 84' lang='lat' dir='ltr'><em>et</em></span> <span class='ocrx_word' id='word_1_326' title='bbox 1085 2565 1287 2600; x_wconf 85' lang='lat' dir='ltr'>Romanos</span> <span class='ocrx_word' id='word_1_327' title='bbox 1323 2575 1373 2600; x_wconf 82' lang='lat' dir='ltr'><em>ex</em></span> <span class='ocrx_word' id='word_1_328' title='bbox 1406 2565 1564 2599; x_wconf 83' lang='lat' dir='ltr'>inscitia</span> <span class='ocrx_word' id='word_1_329' title='bbox 1591 2565 1802 2609; x_wconf 86' lang='lat' dir='ltr'>imperato-</span> 
     </span>
     <span class='ocr_line' id='line_1_36' title="bbox 305 2611 1801 2658; baseline 0.001 -14"><span class='ocrx_word' id='word_1_330' title='bbox 305 2621 392 2645; x_wconf 88' lang='lat' dir='ltr'>rum</span> <span class='ocrx_word' id='word_1_331' title='bbox 427 2612 534 2646; x_wconf 89' lang='lat' dir='ltr'>vinci</span> <span class='ocrx_word' id='word_1_332' title='bbox 566 2616 605 2647; x_wconf 85' lang='lat' dir='ltr'><em>et</em></span> <span class='ocrx_word' id='word_1_333' title='bbox 637 2622 701 2647; x_wconf 84' lang='lat' dir='ltr'><em>res</em></span> <span class='ocrx_word' id='word_1_334' title='bbox 739 2616 947 2648; x_wconf 89' lang='lat' dir='ltr'>strenuum</span> <span class='ocrx_word' id='word_1_335' title='bbox 986 2614 1116 2648; x_wconf 83' lang='lat' dir='ltr'>virum</span> <span class='ocrx_word' id='word_1_336' title='bbox 1153 2613 1367 2658; x_wconf 84' lang='lat' dir='ltr'>postulare,</span> <span class='ocrx_word' id='word_1_337' title='bbox 1407 2612 1536 2657; x_wconf 84' lang='lat' dir='ltr'>qualis</span> <span class='ocrx_word' id='word_1_338' title='bbox 1574 2615 1679 2647; x_wconf 83' lang='lat' dir='ltr'>esset</span> <span class='ocrx_word' id='word_1_339' title='bbox 1718 2611 1801 2646; x_wconf 91' lang='lat' dir='ltr'><em>Leo</em></span> 
     </span>
     <span class='ocr_line' id='line_1_37' title="bbox 246 2658 1802 2705; baseline 0 -12"><span class='ocrx_word' id='word_1_340' title='bbox 246 2659 290 2695; x_wconf 89' lang='grc'><em>16</em></span> <span class='ocrx_word' id='word_1_341' title='bbox 306 2658 389 2692; x_wconf 87' lang='lat' dir='ltr'><em>dux</em></span> <span class='ocrx_word' id='word_1_342' title='bbox 423 2658 697 2703; x_wconf 84' lang='lat' dir='ltr'>Orientalium,</span> <span class='ocrx_word' id='word_1_343' title='bbox 738 2661 881 2695; x_wconf 84' lang='lat' dir='ltr'>milites</span> <span class='ocrx_word' id='word_1_344' title='bbox 924 2660 975 2695; x_wconf 84' lang='lat' dir='ltr'>ad</span> <span class='ocrx_word' id='word_1_345' title='bbox 1012 2660 1249 2696; x_wconf 84' lang='lat' dir='ltr'>seditionem</span> <span class='ocrx_word' id='word_1_346' title='bbox 1288 2661 1516 2703; x_wconf 82' lang='lat' dir='ltr'>concitavit,</span> <span class='ocrx_word' id='word_1_347' title='bbox 1555 2664 1599 2694; x_wconf 90' lang='lat' dir='ltr'><em>ut</em></span> <span class='ocrx_word' id='word_1_348' title='bbox 1637 2664 1675 2694; x_wconf 89' lang='lat' dir='ltr'><em>et</em></span> <span class='ocrx_word' id='word_1_349' title='bbox 1713 2660 1802 2705; x_wconf 85' lang='lat' dir='ltr'>regi</span> 
     </span>
     <span class='ocr_line' id='line_1_38' title="bbox 304 2706 1800 2751; baseline 0.001 -12"><span class='ocrx_word' id='word_1_350' title='bbox 304 2706 592 2742; x_wconf 80' lang='lat' dir='ltr'>maledicerent</span> <span class='ocrx_word' id='word_1_351' title='bbox 617 2711 656 2742; x_wconf 89' lang='lat' dir='ltr'><em>et</em></span> <span class='ocrx_word' id='word_1_352' title='bbox 683 2707 858 2743; x_wconf 90' lang='lat' dir='ltr'>Leonem</span> <span class='ocrx_word' id='word_1_353' title='bbox 888 2709 1191 2743; x_wconf 79' lang='lat' dir='ltr'>circumstantes</span> <span class='ocrx_word' id='word_1_354' title='bbox 1219 2708 1304 2742; x_wconf 89' lang='lat' dir='ltr'>eius</span> <span class='ocrx_word' id='word_1_355' title='bbox 1331 2707 1636 2742; x_wconf 79' lang='lat' dir='ltr'>tabernaculum</span> <span class='ocrx_word' id='word_1_356' title='bbox 1663 2717 1800 2751; x_wconf 80' lang='lat' dir='ltr'>regem</span> 
     </span>
     <span class='ocr_line' id='line_1_39' title="bbox 246 2753 1801 2799; baseline 0 -11"><span class='ocrx_word' id='word_1_357' title='bbox 246 2755 290 2790; x_wconf 83' lang='lat'><em>17</em></span> <span class='ocrx_word' id='word_1_358' title='bbox 305 2753 537 2789; x_wconf 84' lang='lat' dir='ltr'>salutarent.</span> <span class='ocrx_word' id='word_1_359' title='bbox 589 2754 767 2790; x_wconf 87' lang='lat' dir='ltr'>Leonem</span> <span class='ocrx_word' id='word_1_360' title='bbox 794 2765 892 2790; x_wconf 88' lang='lat' dir='ltr'>vero</span> <span class='ocrx_word' id='word_1_361' title='bbox 920 2755 1104 2790; x_wconf 87' lang='lat' dir='ltr'>simulate</span> <span class='ocrx_word' id='word_1_362' title='bbox 1133 2755 1422 2790; x_wconf 80' lang='lat' dir='ltr'>detrectantem</span> <span class='ocrx_word' id='word_1_363' title='bbox 1450 2765 1497 2789; x_wconf 82' lang='lat' dir='ltr'><em>ac</em></span> <span class='ocrx_word' id='word_1_364' title='bbox 1517 2754 1801 2799; x_wconf 84' lang='lat' dir='ltr'>deprecantem</span> 
     </span>
     <span class='ocr_line' id='line_1_40' title="bbox 305 2801 1800 2847; baseline 0 -13"><span class='ocrx_word' id='word_1_365' title='bbox 305 2801 455 2835; x_wconf 83' lang='lat' dir='ltr'>seilicet</span> <span class='ocrx_word' id='word_1_366' title='bbox 482 2802 691 2846; x_wconf 88' lang='lat' dir='ltr'>imperium</span> <span class='ocrx_word' id='word_1_367' title='bbox 719 2802 885 2837; x_wconf 69' lang='lat' dir='ltr'>Michael</span> <span class='ocrx_word' id='word_1_368' title='bbox 914 2802 1063 2838; x_wconf 84' lang='lat' dir='ltr'>Balbus</span> <span class='ocrx_word' id='word_1_369' title='bbox 1089 2803 1275 2837; x_wconf 88' lang='lat' dir='ltr'>tribunus</span> <span class='ocrx_word' id='word_1_370' title='bbox 1302 2803 1438 2837; x_wconf 87' lang='lat' dir='ltr'>stricto</span> <span class='ocrx_word' id='word_1_371' title='bbox 1465 2802 1613 2847; x_wconf 79' lang='lat' dir='ltr'>gladio,</span> <span class='ocrx_word' id='word_1_372' title='bbox 1639 2803 1800 2836; x_wconf 79' lang='lat' dir='ltr'>monitis</span> 
     </span>
     <span class='ocr_line' id='line_1_41' title="bbox 305 2848 1801 2895; baseline 0.002 -14"><span class='ocrx_word' id='word_1_373' title='bbox 305 2848 423 2882; x_wconf 83' lang='lat' dir='ltr'>etiam</span> <span class='ocrx_word' id='word_1_374' title='bbox 453 2849 594 2883; x_wconf 87' lang='lat' dir='ltr'>ceteris</span> <span class='ocrx_word' id='word_1_375' title='bbox 622 2851 852 2894; x_wconf 87' lang='lat' dir='ltr'>coniuratis,</span> <span class='ocrx_word' id='word_1_376' title='bbox 891 2854 935 2885; x_wconf 89' lang='lat' dir='ltr'><em>ut</em></span> <span class='ocrx_word' id='word_1_377' title='bbox 968 2850 1072 2885; x_wconf 88' lang='lat' dir='ltr'>idem</span> <span class='ocrx_word' id='word_1_378' title='bbox 1107 2851 1299 2894; x_wconf 84' lang='lat' dir='ltr'>facerent,</span> <span class='ocrx_word' id='word_1_379' title='bbox 1338 2849 1476 2895; x_wconf 81' lang='lat' dir='ltr'>adigit,</span> <span class='ocrx_word' id='word_1_380' title='bbox 1515 2854 1559 2884; x_wconf 86' lang='lat' dir='ltr'><em>ut</em></span> <span class='ocrx_word' id='word_1_381' title='bbox 1586 2854 1623 2884; x_wconf 88' lang='lat' dir='ltr'><em>et</em></span> <span class='ocrx_word' id='word_1_382' title='bbox 1651 2850 1801 2884; x_wconf 84' lang='lat' dir='ltr'>invitus</span> 
     </span>
     <span class='ocr_line' id='line_1_42' title="bbox 246 2895 1800 2941; baseline 0 -9"><span class='ocrx_word' id='word_1_383' title='bbox 246 2896 290 2932; x_wconf 85' lang='lat'><em>18</em></span> <span class='ocrx_word' id='word_1_384' title='bbox 305 2895 461 2940; x_wconf 86' lang='lat' dir='ltr'>imperii</span> <span class='ocrx_word' id='word_1_385' title='bbox 511 2896 670 2932; x_wconf 85' lang='lat' dir='ltr'>titulum</span> <span class='ocrx_word' id='word_1_386' title='bbox 722 2897 962 2934; x_wconf 85' lang='lat' dir='ltr'>admitteret.</span> <span class='ocrx_word' id='word_1_387' title='bbox 1030 2898 1185 2941; x_wconf 86' lang='lat' dir='ltr'>Quibus</span> <span class='ocrx_word' id='word_1_388' title='bbox 1226 2898 1420 2933; x_wconf 84' lang='lat' dir='ltr'>nuntiatis</span> <span class='ocrx_word' id='word_1_389' title='bbox 1462 2896 1629 2932; x_wconf 69' lang='lat' dir='ltr'>Michael</span> <span class='ocrx_word' id='word_1_390' title='bbox 1667 2898 1800 2932; x_wconf 81' lang='lat' dir='ltr'>statim</span> 
     </span>
     <span class='ocr_line' id='line_1_43' title="bbox 304 2943 1800 2994; baseline 0.003 -17"><span class='ocrx_word' id='word_1_391' title='bbox 304 2952 437 2991; x_wconf 88' lang='lat' dir='ltr'>neque</span> <span class='ocrx_word' id='word_1_392' title='bbox 470 2943 522 2980; x_wconf 84' lang='lat' dir='ltr'>ad</span> <span class='ocrx_word' id='word_1_393' title='bbox 554 2945 820 2982; x_wconf 81' lang='lat' dir='ltr'>resistendum</span> <span class='ocrx_word' id='word_1_394' title='bbox 860 2955 902 2982; x_wconf 83' lang='lat' dir='ltr'><em>se</em></span> <span class='ocrx_word' id='word_1_395' title='bbox 940 2946 1111 2994; x_wconf 83' lang='lat' dir='ltr'>paravit,</span> <span class='ocrx_word' id='word_1_396' title='bbox 1145 2955 1278 2993; x_wconf 87' lang='lat' dir='ltr'>neque</span> <span class='ocrx_word' id='word_1_397' title='bbox 1310 2946 1360 2983; x_wconf 88' lang='lat' dir='ltr'><em>de</em></span> <span class='ocrx_word' id='word_1_398' title='bbox 1394 2954 1521 2992; x_wconf 82' lang='lat' dir='ltr'>regno</span> <span class='ocrx_word' id='word_1_399' title='bbox 1555 2945 1800 2981; x_wconf 83' lang='lat' dir='ltr'>vindicando</span> 
     </span>
    </p>
   </div>
  </div>
 </body>
</html>
