2054 3282
453 233 752 271 PHILIPPICO
778 231 1032 271 SVCCEDIT
1058 230 1383 270 ANASTASIVS
1409 231 1457 267 11.
1634 229 1704 266 245

320 356 402 398 Ἦν
434 356 480 399 δὲ
511 354 634 402 οὗτος
665 356 689 397 ὁ
719 354 911 410 βασιλεὺς
947 354 1019 396 καὶ
1056 353 1195 408 λόγοις
1229 353 1440 399 παντοίοις
1477 351 1708 406 ὡμιληκὼς
1721 350 1776 392 27

210 424 281 467 καὶ
318 425 581 479 πραγμάτων
620 424 868 478 διοικήσεσιν
906 423 1221 478 ἕντριβέστατος.
1283 419 1407 468 οὗτος
1447 419 1520 462 τὸν
1562 435 1707 475 πατρι-
1721 423 1744 459 2

210 494 346 549 άρχην
370 493 572 548 Ἰωάννην
600 496 674 534 τοῦ
707 493 996 547 ἀρχιερατικοῦ
1033 491 1305 537 κατασπάσας
1343 490 1506 544 θρόνου
1550 489 1612 535 ὡς
1646 489 1707 544 μὴ

211 562 451 616 ὂρθόδοξον
481 562 548 616 ἔτη
580 561 670 615 τρία
702 565 774 616 τῆς
805 560 1026 615 ἐκκλησίας
1056 560 1333 615 κρατήσαντα,
1364 558 1630 613 μετατίθησιν
1661 558 1709 599 ἐκ

174 634 197 671 5
212 630 399 680 Κυζίκου
431 629 497 672 ἐπὶ
527 629 601 683 τὴν
638 628 753 683 ἱερὰν
789 630 1009 683 καθέδραν
1046 633 1119 684 τῆς
1160 628 1373 683 βασιλίδος
1414 630 1500 669 τῶν
1542 626 1710 668 πόλεων

209 698 254 740 Γ
248 699 444 754 ερμανόν,
476 699 524 740 ὃν
555 698 699 739 ἄνωθί
725 713 809 739 που
841 697 866 739 ὁ
891 698 1016 751 λόγος
1038 697 1227 753 ἱστόρησε
1247 695 1364 751 παρὰ
1387 695 1708 738 Κωνσταντίνου

207 771 282 810 τοῦ
308 767 584 822 Πωγωνάτου
605 770 690 808 τῶν
710 766 979 820 παιδογόνων
1001 766 1284 821 ἀφαιρεθῆναι
1308 765 1488 819 μορίων.
1549 764 1746 819 μαθὼν3

210 836 256 879 δὲ
287 836 347 878 ὅτι
378 836 424 884 ἐξ
448 835 760 888 Ἀλεξανδρείας
791 835 857 877 ἐπὶ
894 835 1094 890 Φοινίκην
1128 834 1252 875 πλοῖα
1283 834 1604 888 προσώρμισαν,
1643 833 1708 874 ἵνα
1723 833 1759 869 D

25 950 37 956 77
210 905 314 954 ξύλα
345 905 506 946 ἐκεῖθεν
537 905 793 958 κομίσωνται
824 904 1134 958 ναυπηγήσιμα,
1176 902 1322 944 στόλον
1355 901 1577 956 ἑτοιμάσας
1608 901 1709 943 ἀπέ-
1740 951 1741 954 7

54 978 113 1015 III
126 978 198 1014 332
211 973 336 1016 στειλε
378 969 468 1015 κατ’
513 973 666 1020 αὐτῶν,
710 972 910 1018 κελεύσας
945 972 1016 1013 καὶ
1054 971 1152 1018 τοὺς
1190 974 1276 1012 τῶν
1306 971 1508 1025 θεμάτων
1538 969 1711 1016 στόλους
1723 969 1755 1008 4

23 1039 25 1043 ’
210 1043 267 1089 εἰς
296 1041 371 1096 τὴν
401 1045 529 1096 νῆσον
559 1044 736 1095 κατᾶραι
763 1040 911 1083 Ῥόδον
948 1041 1074 1082 κάκεῖ
1105 1040 1319 1094 ἑνωθῆναι
1355 1039 1427 1081 καὶ
1466 1038 1603 1084 οὕτως
1639 1038 1709 1080 ἔκ-

208 1111 381 1153 πλεῦσαι
411 1109 518 1151 κατὰ
549 1113 635 1152 τῶν
666 1110 876 1164 ἐναντίων,
907 1108 1229 1164 προβαλόμενος
1260 1108 1443 1162 ἄρχοντα
1465 1111 1539 1149 τοῦ
1562 1106 1710 1148 στόλου

209 1178 365 1226 παντὸς
395 1178 598 1234 Ἰωάννην
639 1183 711 1234 τῆς
753 1183 827 1220 τοῦ
871 1179 976 1220 θεοῦ
1020 1177 1204 1232 μεγάλης
1248 1176 1470 1231 ἐκκλησίας
1514 1175 1712 1217 διάκονον

211 1249 282 1290 καὶ
314 1247 477 1303 γενικὸν
506 1248 749 1302 λογοθέτην.
811 1248 982 1289 πάντ(ον
1013 1245 1089 1289 οὖν
1120 1247 1177 1291 εἷς
1207 1244 1282 1300 τὴν
1304 1245 1452 1287 Ῥόδον
1483 1244 1747 1298 συναθροι-5

154 1321 197 1357 15
211 1317 400 1358 σθέντων
431 1316 455 1357 ὁ
489 1315 685 1362 διάκονος
709 1315 910 1370 Ἰωάννης
939 1315 1048 1369 πρὸς
1084 1314 1266 1356 ἔκπλουν
1303 1314 1543 1368 ἡτοίμαστο,
1588 1313 1629 1354 οῖ
1666 1312 1711 1354 δὲ

211 1388 284 1426 τοῦ
328 1384 489 1432 στόλου,
533 1384 604 1425 καὶ
645 1383 806 1438 μᾶλλον
849 1385 889 1426 οἶ
930 1388 1004 1425 τοῦ
1043 1384 1230 1438 θέματος
1266 1386 1340 1424 τοῦ
1371 1380 1586 1436 Ὀψικίου,
1631 1381 1711 1422 οὐκ

216 1550 233 1586 l
260 1550 417 1596 βασιλεία
437 1550 616 1595 Ἀρτεμίου
643 1554 703 1586 τοῦ
728 1549 789 1584 καὶ
813 1550 1034 1586 Ἀναστασίου
1061 1548 1131 1585 AR
1241 1548 1264 1584 2
1287 1547 1368 1593 περὶ
1391 1551 1622 1592 πατριαρχῶν
1648 1546 1711 1583 CE

212 1598 235 1633 4
260 1599 455 1643 σημείωσαι
481 1598 672 1643 μετάθεσιν
695 1597 889 1643 ἀρχιερέως
916 1598 946 1633 Ε
1108 1597 1128 1632 7
1154 1598 1205 1632 ὅτι
1232 1596 1353 1631 στόλον
1378 1597 1398 1631 ὁ
1421 1594 1585 1642 βασιλεὺς
1610 1595 1712 1634 οὗτος

213 1645 308 1729 asan}
330 1650 406 1731 τῶὸ
423 1646 624 1692 Ἀγαρηνῶν
649 1645 787 1680 ἔστειλε.
822 1646 883 1682 καὶ
913 1647 949 1681 οἱ
972 1651 1031 1682 τοῦ
1057 1645 1181 1681 στόλου
1210 1643 1267 1679 τὸν
1292 1644 1446 1690 ἄρχοντα
1471 1643 1713 1682 στασιάσαντες

211 1699 290 1730 ανεΐ
310 1708 349 1729 ον

285 1850 303 1885 1
327 1850 397 1885 Ἦν
422 1850 478 1894 (’ν
504 1850 651 1885 omissa
678 1860 815 1884 erroro
843 1849 976 1884 littera
1003 1849 1127 1884 rubra
1154 1849 1211 1884 H:
1238 1847 1288 1892 A)
1315 1847 1354 1884 δὲ
1378 1847 1480 1887 οὗτος
1505 1847 1526 1882 ὁ
1547 1846 1712 1893 βασιλεὺς

282 1898 343 1933 καὶ
367 1898 482 1943 λόγοις
508 1896 655 1944 AEwp,
681 1898 782 1936 οὗτος
807 1898 828 1932 ὁ
851 1896 1014 1943 βασιλεὺς
1037 1897 1098 1932 καὶ
1125 1897 1175 1938 (ἓν
1193 1895 1244 1939 1))
1270 1897 1385 1942 λόγοις
1410 1895 1454 1941 ἦν
1478 1895 1510 1931 O
1609 1895 1632 1931 2
1655 1894 1712 1930 οὗ·

282 1960 339 1984 τος
356 1944 502 1991 AEwp,
531 1947 569 1985 ὃς
587 1946 619 1981 Ο
717 1946 740 1980 3
763 1950 1022 1990 πατριαρχικοῦ
1039 1944 1074 1979 D
1170 1944 1396 1982 καταπαύσας
1414 1943 1522 1989 Ewp‚
1550 1943 1711 1978 avulso:

287 1994 356 2029 Wo
382 1993 450 2029 lat.
546 1993 569 2028 5
595 1992 667 2038 τῆς]
693 1993 754 2029 καὶ
779 1993 810 2028 Ε
907 1993 929 2027 6
954 1991 1035 2037 που]
1063 1991 1154 2027 XIV
1174 1992 1232 2036 20,
1250 1992 1272 2027 3
1370 1991 1391 2027 7
1417 1990 1657 2036 ἀφαιρεθέντα
1680 1990 1711 2025 Ο

282 2042 306 2077 8
329 2040 592 2086 προςώρμησαν
619 2041 727 2086 Ewp‚
755 2051 792 2075 v.
818 2039 869 2075 ad
896 2039 987 2075 XIV
1013 2039 1070 2085 23,
1097 2040 1118 2075 7
1225 2040 1258 2075 8.
1284 2040 1307 2075 9
1333 2039 1376 2074 ἵν’
1402 2039 1542 2074 ἐκεῖθεν
1567 2038 1653 2080 ξύλα
1680 2038 1712 2073 Ο

286 2089 324 2123 ll
354 2089 502 2133 κατάραι
530 2090 616 2130 (sic)
643 2087 716 2123 AD
829 2088 936 2132 ῥόδον
961 2093 1108 2133 κατᾶραι
1135 2087 1231 2133 Ewp
1342 2087 1436 2122 οὕτω
1463 2085 1548 2131 W*p
1575 2086 1713 2121 invitis

284 2135 366 2180 AR,
393 2147 430 2172 V.
457 2136 510 2171 ad
535 2135 632 2172 XIII
659 2137 692 2180 6,
720 2135 764 2171 16
863 2135 908 2170 12
934 2135 1219 2182 προβαλλόμενος
1246 2135 1355 2181 Ewp‚
1382 2145 1419 2169 v.
1439 2134 1491 2169 ad
1509 2133 1602 2169 XIV
1621 2133 1713 2177 11‚5

285 2183 331 2219 14
354 2188 506 2230 γενικῶν
531 2183 578 2227 D,
606 2194 707 2220 corr.
735 2183 803 2221 Dw
932 2183 978 2219 15
1003 2183 1218 2229 ἡτοιμάσατο
1243 2182 1293 2226 D,
1318 2183 1524 2228 ἡτοίμασται
1550 2183 1586 2217 οἱ
1609 2191 1712 2217 corr.

285 2231 353 2270 Dw
453 2232 497 2267 16
520 2231 679 2278 βήματος
705 2230 753 2276 D,
781 2241 882 2267 corr.
909 2230 978 2269 Dw

332 2387 389 2423 27.
440 2387 536 2423 Erat
555 2387 618 2422 hic
636 2397 709 2423 rex
738 2387 844 2422 omni
865 2386 1073 2422 doctrinae
1091 2395 1244 2432 genere
1263 2385 1445 2422 eruditus
1465 2388 1504 2421 et
1530 2385 1570 2420 in
1588 2384 1712 2420 rebus

213 2435 405 2482 gerendis
431 2435 739 2471 versatissimus.
790 2434 866 2470 Hic
881 2434 1111 2480 patriarcba
1125 2433 1290 2478 Ioanne,
1316 2436 1361 2469 ut
1386 2443 1467 2468 non
1485 2432 1711 2468 orthodoxo
1726 2431 1749 2466 2

215 2495 239 2518 a
265 2482 361 2519 sede
387 2482 731 2529 archiepiscopali,
760 2492 880 2528 quam
908 2482 1124 2517 triennium
1151 2485 1350 2524 tenuerat,
1380 2480 1522 2515 avulso
1550 2479 1713 2516 Germa-

215 2540 309 2566 num
337 2530 483 2576 Cyzico
510 2534 746 2566 revoeatum
791 2530 1061 2576 patriarcham
1105 2529 1274 2575 reginae
1311 2529 1473 2563 urbium
1512 2528 1712 2574 designat,

215 2588 334 2624 quem
373 2588 398 2613 a
424 2577 687 2614 Constantino
714 2577 927 2624 Pogonato
967 2577 1150 2612 virilibus
1202 2577 1392 2612 ›rivatum
1425 2576 1550 2611 fuisse
1588 2585 1713 2621 supra

215 2626 302 2662 loco
330 2625 505 2671 quodam
524 2627 849 2661 memoravimus.
900 2624 998 2661 Cum
1014 2623 1172 2661 Alexan
1204 2625 1264 2659 ria
1291 2633 1417 2659 naves
1443 2622 1496 2659 ad
1510 2622 1750 2659 Phoeniee3

215 2673 408 2719 appulsus
427 2683 526 2717 esse,
551 2677 597 2709 ut
622 2673 730 2709 illinc
754 2674 866 2719 lig-na
883 2673 934 2708 ad
952 2672 1212 2708 fabricandas
1237 2681 1366 2707 naves
1394 2674 1588 2717 peterent,
1615 2670 1712 2706 didi-

215 2721 344 2764 eisset,
372 2721 538 2756 classem
557 2722 793 2757 instructam
814 2723 954 2756 eontra
980 2720 1068 2756 illos
1093 2720 1209 2763 misit,
1237 2723 1276 2755 et
1291 2718 1598 2765 provincialium
1617 2717 1750 2763 quo-4

216 2778 295 2814 que
320 2778 448 2804 naves
473 2768 658 2804 Rhodum
685 2768 737 2804 ad
755 2769 925 2804 insulam
953 2767 1156 2814 appellere
1171 2771 1305 2813 atque,
1332 2766 1401 2802 ubi
1418 2766 1713 2810 convenissent,

215 2819 358 2852 eontra
383 2816 517 2852 hostes
543 2817 601 2851 ire
615 2817 741 2861 iussit,
768 2817 891 2852 totius
906 2815 1044 2851 classis
1058 2815 1162 2851 duce
1178 2814 1332 2850 delecto
1348 2814 1512 2859 Ioanne,
1537 2823 1714 2860 magnae

216 2863 410 2900 ecclesiae
437 2863 501 2899 dei
529 2863 700 2899 diacono
740 2868 779 2899 vt
807 2863 986 2899 ‹remu-ali
1015 2862 1232 2910 logotheta.
1283 2861 1382 2898 Cum
1425 2862 1550 2907 igitur
1576 2861 1751 2897 omnesb

217 2910 400 2947 Rhodum
426 2913 711 2947 convenissent
738 2915 777 2947 et
799 2892 970 2947 fimum-s
989 2910 1291 2957 nnvigntionmn
1321 2912 1493 2956 pararet,
1521 2909 1714 2945 classiarii
