1968 3302
278 188 324 225 88
637 186 818 228 ZONAR.
845 188 977 226 EPIT.
1004 188 1102 226 XIII
1128 188 1183 234 18,
1211 189 1364 233 23—19,
1391 185 1422 226 1.

160 309 189 349 C
218 310 265 348 24
280 313 433 368 σθῆναι
470 311 612 367 αὖτήν.
675 315 796 355 τοῦτο
833 311 994 367 μαθὼν
1027 311 1052 354 o‘
1082 311 1214 367 μέγας
1245 309 1506 369 Ἀμβρόσιος,
1550 317 1623 356 τοῦ
1661 314 1779 369 βασι-

278 382 386 428 λέως
424 385 474 437 τῇ
512 381 628 424 πόλει
665 381 945 423 Μεδιολάνων
984 380 1266 435 ἓνδημοῦντος
1302 382 1373 424 καὶ
1417 381 1523 423 κατά
1566 399 1652 425 τινα
1696 388 1782 427 τῶν

281 450 539 492 δεσποτικῶν
570 451 730 504 ἑορτῶν
762 451 819 496 εἷς
849 449 922 503 τὴν
955 449 1177 503 ἐκκλησίαν
1209 450 1485 505 ἀφικομένου,
1526 452 1682 506 ἤρξατο
1715 454 1779 496 λέ-

219 518 266 554 25
281 535 364 573 γειν
400 519 501 561 Ἵνα
539 520 585 567 τί,
630 519 812 573 βασιλεῦ,
857 517 928 559 τὸν
968 518 1013 566 ἒξ
1050 517 1218 560 ἰδιώτου
1257 535 1302 560 σε
1340 520 1511 574 βασιλέα
1550 522 1780 576 ποιήσαντα

279 588 350 630 καὶ
381 587 455 643 τὴν
487 588 642 630 οἰκείαν
674 587 952 641 ε’γχειρίσαντα
983 586 1176 642 ποίμνην,
1221 589 1274 643 ἢν
1304 593 1366 643 τῷ
1397 589 1547 631 ἑαυτοῦ
1580 589 1817 646 ἒκτήσατοό

281 657 431 711 αἳματι,
476 656 546 698 καὶ
585 655 856 698 ταινιώσαντά
897 672 973 698 σου
1011 655 1085 711 τὴν
1123 657 1312 712 κεφαλὴν
1350 659 1585 713 αὐχμῶσαν
1615 660 1779 716 πρῴην,

220 725 266 760 26
280 724 406 772 αὐτὸς
427 726 620 780 ὑβρίζεις,
653 723 750 771 τοὺς
782 725 1036 771 ἀθετοῦντας
1061 724 1188 767 αὑτὸν
1209 729 1294 767 τῶν
1316 726 1619 781 ἕπεγνωκότων
1639 745 1781 784 προτι-

279 794 486 848 μοτέρους
517 794 734 848 τιθέμενος
765 792 836 834 καὶ
869 793 988 840 δίκας
1020 793 1276 847 εἰσπράττων
1307 794 1413 849 ὑπὲρ
1446 793 1660 839 Ἰουδαίων
1691 814 1780 853 χρι-

281 861 470 908 στιανοὺς
501 862 572 904 καὶ
603 862 698 917 βίαν
730 863 871 908 αὐτοῖς
903 862 1074 916 ἐπάγων
1105 863 1149 904 ἒν
1178 863 1286 918 μέσῃ
1318 867 1368 918 τῇ
1403 864 1530 914 πόλει,
1571 866 1614 907 ἓν
1644 864 1674 922 ᾖ
1704 883 1780 922 κη-

281 930 462 984 ρύττεται
484 931 508 972 ὁ
529 930 713 985 Χριστὸς
738 931 809 973 καὶ
839 935 1130 985 προσκυνεῖται
1162 931 1353 986 σταυρός,
1387 933 1636 989 συναγωγὴν
1668 936 1781 978 οἶκο-
1798 935 1844 971 10

158 1001 194 1036 Ι)
221 1001 266 1036 27
282 1000 464 1054 δομῆσαι
495 1005 581 1047 τοῖς
611 1001 975 1055 χριστοκτόνοις,·”
1006 1000 1078 1042 καὶ
1108 1001 1132 1042 ὁ
1163 1000 1355 1055 βασιλεὺς
1385 1000 1494 1055 πρὸς
1523 1002 1595 1045 τὸν
1616 1003 1784 1059 ἔλεγχον

281 1069 489 1116 αἰδεσθεὶς
521 1070 602 1125 ἔφη
635 1069 737 1111 “nal
767 1070 976 1124 δώσομεν,
1010 1068 1048 1111 ὦ
1071 1070 1283 1123 ἐπίσκοπε,
1315 1074 1399 1116 τοῖς
1422 1071 1572 1125 δήμοις
1594 1072 1784 1120 ἀτάκτως

221 1137 268 1173 28
281 1137 353 1179 καὶ
375 1138 560 1185 ἀναιδῶς
582 1139 913 1193 εὐνομουμέναις
934 1138 1099 1180 πόλεσιν
1122 1139 1200 1181 ὅσα
1222 1139 1443 1194 βούλονται
1471 1140 1635 1194 δρᾶν,·”
1664 1138 1782 1183 “dm

282 1206 382 1249 οὐδὲ
412 1211 536 1249 τοῦτο
567 1207 724 1261 δοτέον,
758 1206 796 1249 ὦ
817 1208 1033 1263 βασιλεῦ,”
1064 1208 1088 1249 ὁ
1111 1207 1222 1262 ἱερὸς
1242 1206 1490 1263 Ἀμβρόσιος
1511 1209 1785 1265 ᾶντεπήνεγκε

280 1274 357 1317 ς’τό
390 1275 640 1331 συναγωγὰς
662 1277 768 1331 ἔχειν
789 1276 885 1323 τοὺς
906 1275 1133 1323 Ἰουδαίους
1165 1277 1208 1318 ἔν
1238 1277 1358 1331 μέσῳ
1389 1277 1555 1324 πόλεως
1585 1278 1834 1334 εὖσεβοῢςῙ)
1853 1278 1912 1315 ΙΙΙ

281 1343 353 1386 καὶ
395 1345 677 1400 βλασφήμους
720 1344 847 1400 εὐχὰς
891 1346 1148 1400 ἀναπέμπειν
1201 1343 1263 1387 ἐπ’
1310 1346 1509 1400 ἀκροάσει
1554 1347 1784 1402 θεοσεβῶν.

222 1414 268 1450 29
281 1413 342 1469 μὴ
387 1414 486 1468 σύγε
529 1417 651 1456 τοῦτο
690 1414 918 1463 θεσπίσαις,
964 1414 1271 1469 ὂρθοδοξότατε
1310 1414 1569 1469 Αὔγουστε.”
1627 1414 1788 1464 τούτοις

284 1553 304 1589 1
332 1554 398 1599 ὅρα
423 1558 525 1590 τοῦτο
551 1553 582 1588 Β

357 1685 376 1721 1
402 1685 523 1731 μέγας]
550 1686 647 1726 θεῖος
673 1687 704 1721 Ε
806 1687 829 1722 2
855 1691 925 1722 τῶν
949 1691 1040 1733 post
1064 1688 1162 1723 πόλει
1189 1687 1281 1722 add.
1309 1684 1470 1732 prDi
1578 1685 1788 1733 ἐπιδημοῦν-

357 1747 414 1773 τος
441 1733 478 1768 D
607 1734 631 1769 4
656 1735 849 1780 ποιήσαντα
877 1746 951 1770 om.
979 1734 1008 1771 C
1134 1735 1156 1771 5
1185 1735 1435 1781 ἐγχειρήσαντα
1461 1733 1490 1770 C
1612 1748 1667 1770 σοι
1693 1738 1789 1771 ante

356 1783 509 1827 ποίμνην
523 1782 616 1817 add.
630 1781 727 1828 pr
850 1783 910 1818 καὶ
937 1786 1031 1818 ante
1057 1785 1100 1830 ἣν
1127 1783 1218 1819 add.
1246 1783 1331 1828 w²¹⁶p
1454 1783 1497 1828 ἢν
1511 1787 1561 1827 τῷ
1576 1801 1618 1807 -·
1635 1784 1656 1818 6
1670 1785 1788 1828 αἵματι

359 1840 434 1866 orn.
451 1829 485 1864 D
584 1830 606 1866 6
631 1830 859 1866 ταινιώσαντά
872 1830 982 1877 ARp,
1010 1831 1220 1867 τενιώσαντά
1235 1830 1309 1865 Dw
1394 1831 1417 1866 8
1444 1830 1626 1875 τιθέμενος
1639 1829 1787 1877 Apr‚

356 1878 566 1923 ποιούμενος
593 1877 622 1914 C
720 1879 766 1914 13
791 1878 828 1914 ἓν
855 1882 945 1925 post
970 1879 1126 1918 ἀναιδῶς
1153 1879 1243 1914 add.
1265 1876 1423 1923 prDi
1519 1878 1789 1925 εὐνεμουμέναις

357 1925 443 1971 w*p
543 1925 588 1962 15
613 1925 770 1973 εὐσεβῶν
788 1927 820 1962 Ε
930 1927 975 1962 17
1001 1928 1169 1967 θεσπίσας
1187 1927 1222 1962 D
1320 1926 1587 1972 ὀρθοδοξώτατε
1604 1926 1636 1962 Ε
1732 1927 1789 1972 ὄρ-

357 1974 568 2015 θοδοξότατε
594 1985 700 2008 *21:212*
727 1975 897 2020 αὕγουστε
923 1973 959 2009 Α

224 2098 271 2135 24
285 2106 432 2142 iterum
471 2106 672 2141 condatur
711 2116 937 2152 synagoga.
990 2107 1078 2149 Quo
1122 2107 1286 2152 cognito
1325 2116 1499 2152 magnus
1536 2104 1787 2151 Ambrosius,

286 2163 377 2189 cum
402 2163 477 2189 rex
503 2154 544 2189 in
569 2154 673 2189 urbe
691 2153 920 2190 Mediolano
948 2157 1182 2190 versaretur
1209 2157 1247 2189 et
1269 2154 1445 2199 quodam
1465 2154 1665 2189 dominico
1684 2154 1787 2190 festo

224 2195 272 2231 25
285 2202 327 2236 in
353 2201 564 2237 ecclesiam
590 2202 779 2246 venisset,
808 2203 940 2248 coepit
967 2202 1119 2238 dicere:
1154 2201 1278 2246 “Our,
1304 2212 1389 2246 rex,
1417 2204 1559 2237 contra
1586 2211 1690 2246 eum,
1717 2202 1787 2247 qui

286 2259 337 2285 ex
379 2249 540 2284 homine
579 2250 740 2296 privato
779 2255 818 2285 te
857 2260 997 2296 regem
1035 2250 1131 2285 fecit
1169 2253 1207 2284 et
1242 2260 1360 2285 suum
1395 2249 1592 2284 commisit
1617 2259 1787 2295 gregem

286 2307 360 2332 suo
387 2297 589 2343 sanguine
615 2300 802 2343 paratum
830 2301 869 2333 et
891 2299 1082 2343 imposuit
1101 2297 1288 2332 diadema
1307 2299 1376 2332 tuo
1397 2297 1519 2342 capiti
1540 2297 1652 2342 prius
1670 2307 1787 2342 squa-
1962 2323 1968 2329 ,

224 2340 379 2389 2611110,
417 2345 505 2389 ipse
537 2345 705 2380 sceleste
740 2346 840 2391 agis,
881 2356 971 2381 cum
1011 2355 1091 2388 eos,
1132 2346 1200 2390 qui
1235 2356 1307 2390 pro
1341 2345 1463 2380 nihilo
1498 2354 1589 2380 eum
1614 2344 1786 2388 ducunt,
1954 2329 1968 2379 ’ἔ

285 2393 507 2428 maioribus
535 2403 656 2438 quam
683 2393 752 2438 qui
779 2394 918 2429 colunt
944 2393 1165 2428 honoribus
1185 2393 1308 2428 afficis
1327 2396 1366 2428 et
1385 2402 1537 2438 poenas
1557 2391 1607 2426 de
1625 2392 1787 2428 Iudaeis

285 2440 458 2486 imponis
485 2439 719 2476 Christianis
747 2444 786 2476 et
812 2441 852 2476 vi
878 2442 926 2476 iis
952 2441 1143 2486 iniungis,
1181 2443 1226 2475 ut
1252 2441 1292 2475 in
1318 2440 1451 2475 media
1480 2440 1593 2483 urbe,
1631 2440 1674 2474 in
1706 2449 1787 2484 qua

286 2487 570 2534 promulgatur
605 2487 785 2524 Christus
820 2491 858 2523 ec
894 2489 1090 2524 adoratur
1125 2499 1237 2532 crux,
1277 2497 1533 2533 synagogam
1572 2487 1788 2523 aedificent

225 2530 271 2566 ‘27
287 2534 431 2571 Christi
474 2535 864 2572 interfectoribusi>”
925 2536 982 2571 Ea
1020 2536 1336 2581 reprehensione
1374 2534 1675 2570 verecundatus
1713 2545 1787 2570 rex

285 2582 422 2618 “Num
460 2583 770 2629 permittemus”
813 2584 944 2629 inquit
989 2584 1222 2629 “episcope,
1268 2583 1436 2628 populis,
1476 2585 1520 2617 ut
1558 2585 1710 2618 temere
1747 2585 1786 2618 et

287 2630 544 2676 impudenter
589 2631 762 2666 urbibus
812 2631 917 2667 bene
967 2631 1192 2666 constitutis
1243 2640 1513 2675 quaecunque
1559 2630 1684 2665 velint
1730 2630 1786 2664 fa-

226 2673 273 2709 28
289 2677 456 2712 ciant?”
515 2677 599 2714 “At
637 2689 690 2714 ne
726 2679 803 2714 hoc
842 2679 1016 2724 quidem,
1057 2690 1079 2714 o
1117 2678 1216 2713 rex”
1253 2682 1416 2713 sanctus
1455 2676 1693 2712 Ambrosius
1729 2677 1786 2712 in-

289 2725 376 2770 quit
401 2726 493 2761 “est
520 2726 837 2771 concedendum,
875 2729 920 2762 ut
953 2736 1189 2772 synagogas
1215 2726 1392 2760 habeant
1418 2725 1560 2760 Iudaei
1585 2725 1627 2759 in
1653 2725 1786 2760 media

287 2773 390 2807 urbe
416 2774 484 2818 pia
510 2777 549 2809 et
575 2773 831 2819 blasphemas
857 2783 998 2819 preces
1023 2775 1065 2808 in
1092 2774 1247 2809 caelum
1273 2773 1433 2808 mittant
1463 2771 1688 2807 audiendas
1719 2772 1785 2807 ho-

287 2820 462 2856 minibus
492 2821 702 2867 religiosis
753 2821 816 2856 Tu
843 2822 1006 2867 quidem
1031 2831 1083 2857 ne
1114 2821 1223 2856 istud
1256 2820 1495 2864 decreveris,
1536 2819 1785 2855 orthodoxis-

227 2864 274 2902 29
289 2867 387 2906 sime
420 2866 647 2916 A11guste2’.
699 2868 771 2906 His
807 2869 1060 2908 Theodosius
1098 2869 1244 2907 lenitus
1284 2871 1322 2905 et
1361 2867 1595 2915 Byzantinis
1633 2867 1786 2905 remisit
