2054 3282
486 224 723 270 MICHAEL
748 230 1059 270 RECVPERAT
1083 229 1406 268 BVLGARIAM.
1622 230 1694 266 603

70 391 71 394 ,
114 357 183 395 148
197 353 453 403 σπένδονται,
497 353 701 410 ἀλλήλους
739 353 786 396 δὲ
820 353 893 396 καὶ
921 354 1173 396 ὗπώπτευον
1202 352 1276 396 καὶ
1304 352 1543 408 ἒνήόρευον.
1605 348 1693 394 ἀλλ’
1709 351 1970 391 32P11242A

39 426 43 427 ⁷
197 421 394 476 ὀξύτερος
431 423 588 478 εὑρέθη
626 423 652 464 ὅ
682 422 949 470 Ἀλουσιάνος
985 422 1094 477 πρὸς
1133 421 1211 477 τὴν
1251 420 1478 477 ἐπιβουλὴν
1514 420 1587 463 καὶ
1620 420 1696 475 τὴν

197 494 271 533 τοῦ
301 491 507 533 Δολιάνου
537 491 790 546 προέφθασε
820 491 1047 546 ὁολιότητα.
1108 490 1180 532 καὶ
1208 490 1339 532 πότον
1369 489 1696 545 ἑτοιμασάμενος
1709 493 1756 529 33

198 559 270 601 καὶ
306 559 524 615 συμπότην
558 560 822 616 παραλαβὼν
851 560 924 602 τὸν
954 559 1215 614 συνάρχοντα
1247 559 1469 601 ἐπιτίθεταί
1509 559 1550 600 οἱ
1588 573 1695 613 συμ-

162 628 434 677 5ποσιάζοντι
472 628 544 670 καὶ
581 629 785 683 ἒξορύττει
822 634 884 684 τῷ
923 629 1061 683 ἀθλίῳ
1097 627 1146 670 τὰ
1179 628 1364 683 ὄμματα,
1407 627 1480 670 καὶ
1509 629 1567 675 εἷς
1595 628 1697 683 μίαν

198 697 390 739 ἐντεῦθεν
440 697 576 752 ἀρχὴν
629 697 676 739 τὸ
721 697 944 740 Σκυθικὸν
995 697 1253 752 περιίσταται.
1331 695 1414 739 εἶτα
1461 694 1512 739 δι’
1561 697 1695 751 ἀπορ-
1710 698 1757 735 34

198 765 340 820 ρήτων
377 765 526 821 μηνύει
564 770 626 820 τῷ
663 766 826 822 βασιλεῖ
862 766 1173 821 βουλεύσασθαι
1215 770 1523 821 προσχωρῆσαι
1565 765 1696 820 αὗτῷ,

199 834 238 875 εἰ
270 834 472 888 εὐμενοῦς
508 835 638 876 αὐτοῦ
674 835 854 884 τεύξεται
890 835 962 876 καὶ
998 834 1220 888 ἀναλόγων
1251 834 1331 875 οὐκ
1363 834 1582 889 ἀμοιρήσει
1611 837 1698 876 τῶν

199 902 408 957 ἀμοιβῶν.
470 902 495 944 ὁ
533 902 579 944 δὲ
621 902 696 958 τὴν
739 903 916 952 ἔντευξίν
957 919 1000 944 τε
1042 903 1287 957 προσήκατο
1318 902 1390 943 καὶ
1420 902 1550 950 ἀξίως
1581 902 1697 957 ἀμεί-
1711 906 1758 943 35

142 974 187 1010 10
198 970 367 1025 ψασθαι
410 970 537 1013 αὐτὸν
576 972 857 1027 ἐπηγγείλατο.
919 971 990 1013 καὶ
1029 972 1078 1018 ὃς
1114 971 1261 1013 αὐτίκα
1293 971 1597 1026 προσεληλύθει
1627 970 1698 1012 καὶ
1711 975 1758 1011 36

198 1039 386 1094 τετίμητο
428 1040 668 1094 μάγιστρος.
738 1041 762 1082 ὁ
802 1040 848 1083 δὲ
890 1039 1083 1096 βασιλεὺς
1125 1040 1252 1082 ἔπεισι
1293 1044 1355 1094 τῷ
1397 1039 1510 1082 ἔθνει
1552 1039 1696 1093 εὐθύς,
1711 1043 1758 1079 37

198 1107 246 1150 τὸ
277 1108 324 1150 ὁὲ
354 1109 541 1164 ἄναρχον
577 1111 626 1151 ὂν
662 1109 733 1151 καὶ
771 1109 1075 1163 διεσπαρμένον
1114 1109 1166 1150 οὗ
1206 1108 1424 1163 δυσέργως
1466 1108 1697 1150 καταπολε-

198 1176 339 1232 μηθὲν
370 1175 495 1224 αὖθις
525 1182 575 1233 τῇ
605 1181 691 1220 τῶν
716 1178 942 1233 Ῥωμαίων
972 1178 1174 1232 ἡγεμονίᾳ
1210 1178 1416 1232 ὑπέκυψε,
1461 1177 1533 1219 καὶ
1564 1177 1588 1219 ὁ
1619 1178 1697 1232 βα-

201 1245 335 1294 σιλεὺς
364 1245 472 1301 πρὸς
502 1246 548 1288 τὸ
580 1246 812 1296 Βυζάντιον
843 1247 1088 1295 ἐπανέζευξε
1118 1246 1190 1288 καὶ
1220 1246 1430 1301 κατήγαγε
1468 1246 1744 1301 θρίαμβον,Β

143 1320 188 1357 15
201 1315 495 1370 αἰχμαλώτους
530 1331 573 1357 τε
609 1314 791 1362 πολλοὺς
823 1315 1037 1370 διαγαγὼν
1068 1315 1112 1357 ἒν
1143 1316 1261 1370 αὐτῷ
1291 1315 1363 1356 καὶ
1393 1313 1465 1356 τὸν
1495 1314 1699 1356 Δολιάνον

201 1382 329 1426 αὐτὸν
358 1384 669 1439 πεπηρωμένον
699 1383 748 1426 τὰ
780 1384 962 1439 ὄμματα.

318 1450 427 1508 Εἶχε
459 1450 496 1495 δ’
530 1453 555 1495 ὁ
586 1453 864 1507 αὐτοκράτωρ
895 1455 1045 1498 κακῶς
1080 1452 1152 1494 καὶ
1191 1452 1273 1508 ἤδη
1317 1456 1368 1518 τῇ
1410 1451 1522 1494 λύσει
1563 1467 1695 1506 προσ·
1710 1456 1758 1492 38

200 1522 341 1577 ήγγισε
361 1525 434 1577 τῆς
454 1521 707 1568 συνθέσεως.
769 1525 1031 1576 καταφρονεῖ
1047 1524 1149 1576 γοῦν
1173 1525 1246 1576 τῆς
1276 1521 1411 1576 ἀρχῆς
1441 1519 1513 1562 καὶ
1543 1520 1591 1562 ἔκ
1612 1522 1698 1562 τῶν
1711 1525 1759 1560 39

200 1652 223 1688 6
248 1652 299 1687 ὅτι
326 1653 437 1694 (ὅπως
463 1651 508 1694 Ε)
533 1652 737 1698 προσῆλθεν
761 1653 783 1687 ό
803 1651 1021 1690 Ἀλουσιάνος
1046 1657 1096 1696 τῷ
1120 1651 1262 1698 βασιλεῖ
1283 1650 1346 1687 CE
1532 1649 1577 1686 17
1602 1650 1699 1689 ὅπως

199 1699 360 1793 ἑζιτῗέἒρεζ
387 1698 599 1784 {Ignauia-1⁸14·
628 1700 678 1739 εἷς
708 1698 772 1746 τὴν
800 1698 914 1746 μονὴν
949 1701 1040 1742 (om.
1067 1700 1114 1744 E)
1145 1703 1218 1735 τῶν
1248 1699 1360 1746 ἁγίων
1385 1698 1608 1744 Ἀναργύρων
1639 1698 1699 1734 καὶ

272 1867 291 1902 1
318 1866 379 1902 καὶ
405 1871 495 1913 post
521 1866 560 1902 δὲ
584 1878 659 1903 om.
679 1867 744 1904 BC
840 1868 1033 1903 ὗπόπτευον
1059 1866 1146 1914 w*p
1165 1868 1302 1903 invitis
1319 1865 1391 1903 AR
1487 1867 1510 1903 2
1535 1867 1556 1902 ό
1578 1867 1699 1903 ἅλουσ.

271 1918 366 1950 ante
384 1915 544 1959 ὀξύτερος
564 1914 628 1951 ΒΟ
723 1915 949 1955 ἀλλουσιάνος
975 1916 1017 1960 Ε,
1044 1916 1139 1951 item
1158 1915 1427 1961 depravatum
1446 1918 1570 1961 atque
1589 1915 1699 1961 apud

270 1962 386 1998 Pseu.
413 1973 450 2008 p.
477 1963 534 2006 71,
560 1962 618 2007 25,
653 1963 722 2009 qui
749 1967 882 1999 tamen
910 1966 1062 1999 rectam
1090 1964 1260 1998 formam
1287 1964 1468 1998 servavit
1494 1973 1532 2009 p.
1558 1963 1614 2007 73,
1642 1962 1698 1999 20.

270 2010 317 2045 23
426 2011 448 2046 3
474 2010 683 2046 Δολιάνου-
695 2009 891 2056 ὀολιότητα]
919 2010 962 2046 V.
991 2011 1043 2046 ad
1069 2010 1182 2047 XVII
1212 2011 1265 2052 17,
1292 2011 1314 2046 3
1412 2010 1436 2046 4
1460 2011 1641 2056 συμπότην
1666 2024 1701 2046 τε

272 2058 419 2094 omisso
447 2058 506 2094 καὶ
532 2057 596 2094 ΒΟ
710 2058 731 2094 7
756 2058 1016 2105 βουλεύσασθαι
1038 2057 1086 2102 Α,
1110 2059 1303 2105 βούλεσθαι
1330 2056 1537 2104 DEwpDz‘,
1565 2069 1640 2094 om.
1667 2057 1701 2093 R

269 2106 293 2141 8
317 2105 474 2150 εὐμενῶς
501 2106 532 2141 Ε
643 2106 688 2142 13
712 2106 879 2152 ἀπέκυψε
905 2105 941 2141 D
1053 2106 1097 2143 15
1122 2106 1368 2151 αἰχμαλώτους
1394 2120 1429 2141 τε
1452 2105 1604 2145 πολλοὺς
1629 2104 1700 2141 AR

268 2153 385 2190 Pseu.
412 2164 451 2200 p.
478 2153 534 2198 74,
561 2154 594 2198 8,
619 2153 771 2194 πολλοὺς
795 2153 830 2189 τὲ
854 2154 1101 2199 δορυαλώτους
1127 2153 1192 2191 ΒΟ
1291 2154 1335 2191 17
1359 2154 1569 2200 προςήγγιζε
1595 2153 1627 2190 Ο

198 2285 401 2331 publicam
438 2284 778 2330 administrarent,
819 2285 943 2320 nihilo
977 2286 1108 2321 secius
1139 2289 1312 2331 uterque
1345 2285 1459 2322 alteri
1487 2288 1699 2331 suspectus

198 2335 322 2379 atque
361 2332 567 2368 insidians.
626 2332 775 2369 Verum
814 2332 1035 2368 Alusianus
1074 2333 1127 2369 ad
1165 2333 1439 2369 insidiandum
1475 2330 1760 2379 promptior32

197 2379 359 2416 Doliani
379 2380 515 2416 dolum
534 2381 763 2417 antevertit.
814 2380 915 2416 Nam
936 2381 1092 2426 collega
1119 2381 1171 2416 ad
1197 2382 1429 2417 convivium
1456 2384 1699 2427 apparatum
1713 2379 1760 2414 33

196 2428 379 2473 invitato,
426 2429 616 2464 miserum
663 2428 864 2464 hominem
912 2429 1016 2464 inter
1061 2429 1207 2474 pocula
1250 2428 1584 2474 comprehensum
1633 2438 1699 2464 ex-

197 2479 355 2520 caecat;
394 2476 452 2511 sic
478 2474 691 2522 Scythicae
724 2477 859 2522 gentis
897 2476 1066 2522 imperio
1102 2477 1212 2512 solus
1250 2477 1401 2522 potitus
1427 2476 1515 2522 regi
1542 2480 1698 2512 secreto
1713 2474 1760 2510 34

197 2523 373 2559 nuntiari
400 2523 513 2559 iubet
538 2534 582 2560 se
608 2523 839 2560 decrevisse
870 2524 925 2559 illi
959 2523 1204 2559 deditionem
1237 2525 1386 2568 facere,
1422 2524 1455 2559 si
1481 2524 1699 2560 clementer

196 2571 471 2617 susciperetur
495 2581 631 2617 neque
658 2571 920 2607 fraudaretur
946 2571 1062 2607 iustis
1096 2572 1296 2617 praemiis.
1347 2570 1418 2607 llle
1450 2582 1525 2607 nec
1556 2571 1699 2607 abnuit
1712 2570 1759 2606 35

196 2619 284 2654 eius
322 2628 528 2654 accessum
569 2622 609 2655 et
649 2629 787 2666 parem
818 2619 993 2665 gratiam
1027 2629 1070 2654 se
1102 2629 1190 2655 esse
1225 2619 1447 2655 relaturum
1474 2619 1698 2665 pollicetur.

196 2665 296 2702 Cum
328 2666 454 2712 igitur
480 2666 668 2711 venisset,
706 2667 901 2712 magister
935 2670 1115 2711 creatum
1153 2677 1226 2702 rex
1262 2677 1360 2702 vero
1393 2670 1558 2713 gentem
1594 2666 1698 2702 duce
1712 2664 1770 2701 36.
1796 2665 1842 2701 37

196 2713 428 2750 destitutam
446 2716 486 2750 ct
504 2713 726 2760 dispersam
746 2715 878 2750 statim
899 2713 1008 2749 haud
1027 2714 1238 2750 difficulter
1263 2718 1495 2760 superatam
1515 2714 1697 2750 Romano

195 2761 363 2808 imperio
390 2771 530 2797 rursus
555 2762 703 2798 subicit
728 2766 768 2797 et
795 2762 834 2797 in
853 2761 995 2798 urbem
1020 2772 1208 2798 reversus
1227 2761 1458 2808 triumphat,
1485 2771 1576 2798 cum
1602 2762 1698 2797 mul·

195 2808 245 2844 tis
270 2808 359 2844 aliis
384 2809 567 2855 captivis,
593 2809 678 2845 tuin
705 2809 867 2845 Doliani
893 2813 1059 2845 caecato
1086 2809 1285 2845 adductis.

313 2854 393 2892 Sed
413 2866 504 2892 cum
526 2867 597 2892 rex
622 2857 776 2903 perdita
798 2860 903 2892 esset
921 2857 1154 2892 valetudine
1173 2866 1248 2892 nec
1266 2856 1387 2902 longe
1406 2857 1568 2893 abesset
1583 2867 1607 2892 a
1622 2857 1698 2893 dis·
1711 2856 1758 2892 38

195 2904 396 2941 solutione
414 2905 632 2951 compagis,
660 2904 851 2951 despecto
870 2905 1039 2951 imperio
1060 2903 1282 2951 relictaque
1301 2905 1417 2952 regia
1434 2906 1477 2941 in
1498 2909 1696 2942 monaste·
1710 2903 1758 2940 39
