2066 3230
358 222 430 259 692
695 222 877 260 ZONAR.
904 221 1035 257 EPIT.
1061 220 1193 257 XVIII
1222 222 1275 267 11,
1301 220 1453 268 28-12,
1479 222 1512 258 8.

304 348 340 383 D
357 344 456 386 ιόντι
486 345 905 398 λαφυραγωγηθῆναι
931 342 977 384 τὸ
1004 342 1201 398 Ἀμόριον
1225 343 1497 397 διαγγέλλεται
1527 342 1599 385 καὶ
1620 344 1850 400 κτανθῆναι

294 417 340 452 29
356 412 547 459 πολλούς.
610 412 873 466 ἐδυσφόρησε
915 412 993 465 μὲν
1038 411 1113 453 οὗν
1156 411 1264 464 πρὸς
1306 416 1432 453 ταῦτα
1473 413 1497 454 ὁ
1537 413 1742 467 βασιλεύς,
1789 412 1848 468 μὴ

356 481 588 535 δυνάμενος
621 478 657 521 δ’
692 481 899 534 ἐπαμῦναι
937 484 1021 526 τοῖς
1057 480 1301 534 πεπονθόσι,
1349 479 1398 521 τὰ
1441 481 1536 535 περὶ
1579 481 1650 523 τὸν
1694 483 1848 524 οἰκεῖον

145 555 341 592 W111222
355 548 529 604 στρατὸν
560 548 961 602 οἰκονομησάμενος,
1009 549 1074 590 ἵνα
1110 547 1185 602 τὴν
1223 552 1296 590 τοῦ
1334 552 1542 603 χειμῶνος
1580 550 1700 604 ὥραν
1732 550 1848 592 ἀνεν-

355 618 463 664 δεῶς
493 621 578 658 τῶν
610 617 852 670 ἀναγκαίων
883 617 1167 671 παρέλθωσιν,
1201 617 1326 663 αὐτὸς
1357 617 1423 658 ἐπὶ
1452 618 1527 672 τὴν
1551 618 1743 673 βασιλίδα
1763 622 1900 661 τῶνΙ)
1920 626 1974 663 IV
2024 668 2026 670 r

352 686 518 727 πόλεων
550 685 795 740 ἐπανῆλθεν,
828 686 1186 740 ἀλαζονικώτερον
1219 686 1490 740 διακείμενος,
1525 687 1587 733 ὡς
1617 687 1721 741 τάχα
1749 703 1849 728 κατ-

354 754 585 809 ωρθωκὼς
615 754 757 807 πλείω,
792 755 843 795 οὗ
873 754 1007 808 μόνον
1037 754 1146 808 πρὸς
1176 753 1272 800 τοὺς
1305 755 1468 808 ἄλλους,
1509 754 1610 796 ἀλλὰ
1642 755 1713 796 καὶ
1743 755 1852 810 πρὸς

294 830 341 864 30
353 823 483 877 αὐτὴν
513 821 586 876 τὴν
617 823 867 877 βασίλισσαν.
927 824 952 876 ἡ
988 823 1032 864 δὲ
1062 822 1172 877 πρὸς
1202 823 1440 864 τούναντίον
1463 824 1568 878 αὐτῇ
1589 822 1662 869 τὰς
1683 823 1852 869 ἐλπίδας

353 891 574 945 τραπείσας
605 895 870 932 κατανοοῦσα
909 892 1172 945 ἐδυσχέραινε
1209 891 1279 932 καὶ
1317 891 1390 946 τὴν
1431 892 1609 946 καρδίαν
1647 891 1754 947 εἶχεν
1790 893 1850 934 οἶ-

356 959 593 1014 δαίνουσαν,
626 959 699 1005 τὰς
731 960 963 1014 ἐπιπλήξεις
992 960 1052 1014 μὴ
1086 960 1301 1013 στέγουσα.
1868 969 1914 1004 10

287 1030 340 1072 12
464 1027 577 1081 ’Ἁρτι
610 1028 648 1069 δ’
671 1028 926 1082 ἀναλάμπειν
958 1029 1170 1082 ἠργμένου
1201 1032 1275 1069 τοῦ
1308 1029 1434 1083 ἔαρος
1465 1027 1590 1075 αὖθις
1611 1029 1636 1070 ὁ
1660 1028 1852 1084 βασιλεὺς

318 1096 497 1150 2ἑτέρας
535 1097 795 1150 ἐκστρατείας
834 1097 1054 1151 ἐμέμνητο.
1118 1096 1362 1151 ἐκδημήσας
1399 1097 1536 1138 τοίνυν
1576 1101 1648 1152 τῆς
1684 1097 1850 1146 Βυζαν-

141 1168 336 1205 ΡΙΙ28ΟΑ
354 1164 466 1209 τίδος
503 1163 574 1205 καὶ
614 1163 837 1218 γενόμενος
876 1166 932 1210 εἷς
969 1165 1225 1219 Καισάρειαν
1266 1165 1401 1219 ἔμαθε
1444 1165 1649 1220 Τούρκων
1686 1166 1853 1220 πλῆθος

354 1231 461 1274 πολὺ
492 1233 756 1287 κατατρέχειν
786 1232 860 1287 τὴν
890 1233 1050 1287 χώραν,
1099 1232 1169 1273 καὶ
1206 1234 1365 1279 τούτοις
1403 1238 1463 1288 πῇ
1499 1234 1578 1288 μὲν
1614 1235 1745 1289 μέρος
1780 1239 1852 1289 τῆς

356 1304 545 1356 στρατιᾶς
577 1301 775 1355 ἐπαφιείς,
806 1306 866 1356 πῇ
900 1301 944 1342 δὲ
975 1301 1046 1342 καὶ
1080 1301 1205 1347 αὐτὸς
1237 1302 1479 1356 συμβαλών,
1523 1303 1726 1356 ἐτρέψατο
1756 1302 1853 1349 τοὺς
1868 1310 1911 1346 15

356 1369 540 1424 ἐχθροὺς
579 1370 650 1410 καὶ
687 1369 782 1416 τοὺς
826 1370 1123 1424 ζωγρηθέντας
1165 1374 1226 1423 τῷ
1270 1370 1376 1424 ξίφει
1422 1371 1580 1416 πάντας
1620 1371 1852 1426 ὑπαγαγὼν

320 1437 463 1492 3πρὸς
493 1437 564 1480 τὸν
596 1437 828 1494 Εὐφράτην
861 1439 983 1480 ἐτίθει
1014 1438 1060 1479 τὸ
1099 1438 1288 1493 ὅρμημα.
1350 1438 1422 1480 τὸν
1451 1440 1592 1493 μέντοι
1629 1439 1854 1494 Φιλάρετον

359 1585 403 1619 11
430 1585 528 1630 ἑτέρα
553 1585 755 1630 ἐκστρατεία
783 1585 1040 1630 (ἔκστράτευσις
1059 1586 1104 1630 Ε)
1131 1591 1192 1621 τοῦ
1217 1587 1388 1632 βασιλέως
1413 1587 1461 1626 εἷς
1486 1588 1699 1633 Καισάρειαν
1726 1588 1788 1629 (εἷς
1808 1588 1852 1624 K.

360 1643 436 1668 om.
464 1632 507 1676 C)
533 1633 594 1668 καὶ
620 1635 683 1668 ὅσα
708 1633 745 1668 ἐν
771 1634 875 1679 ταύτῃ
904 1633 1004 1679 (αὐτῇ
1031 1634 1076 1676 Ε)
1103 1634 1298 1680 συνέβησαν
1325 1634 1387 1670 CE

429 1771 453 1806 3
478 1770 651 1816 ἐπαμῦναι
678 1770 897 1817 BszpDi,
923 1771 1095 1816 ἕπαμύναι
1121 1770 1192 1806 AR
1279 1772 1310 1807 6.
1326 1773 1347 1807 7
1371 1773 1479 1807 πλείω
1506 1772 1764 1818 κατωρθωκὼς
1789 1772 1854 1809 ΒΟ

455 1831 476 1867 7
503 1834 595 1876 post
611 1831 720 1865 πλείω
740 1831 780 1865 in
799 1841 927 1875 marg.
948 1831 1034 1866 cod.
1055 1831 1085 1865 E
1112 1834 1162 1872 (v.
1185 1831 1236 1866 ad
1254 1831 1386 1867 XVIII
1406 1832 1461 1876 10,
1476 1832 1533 1867 21.
1561 1832 1616 1877 11,
1631 1833 1668 1875 9)
1685 1820 1763 1879 -Ιτ
1788 1833 1855 1868 ad-

432 1878 540 1913 ditur
567 1881 607 1913 et
634 1878 908 1914 ascribuntur:
948 1878 1035 1923 μετὰ
1060 1879 1098 1913 τὸ
1123 1880 1231 1914 εἰπεῖν
1257 1880 1305 1917 ὥς
1331 1880 1419 1924 τάχα
1445 1880 1704 1925 κατωρθωκὼς
1726 1881 1853 1916 πλείω·

430 1926 565 1972 ὑπέρβα
591 1926 628 1960 τὸ
653 1926 849 1971 καταβατὸν
874 1927 954 1961 ὅλον
980 1927 1039 1961 καὶ
1064 1927 1101 1961 τὸ
1125 1927 1244 1962 πλεῖον
1268 1933 1328 1962 τοῦ
1362 1928 1563 1973 ἔμπροσθεν
1588 1928 1648 1963 καὶ
1673 1930 1723 1963 ὅτι
1749 1929 1855 1973 εὕρης

430 1985 468 2020 τὸ
493 1987 656 2030 κείμενον
680 1991 825 2031 σημεῖον
850 1986 963 2024 οὕτως
989 1973 1070 2032 {1ss
1093 1987 1187 2032 λέγε·
1215 1987 1257 2022 οὗ
1281 1989 1391 2031 μόνον
1415 1987 1503 2032 πρὸς
1528 1994 1598 2026 τοῖς
1624 1988 1740 2027 ἄλλοις
1766 1988 1852 2031 (Sic)

430 2032 517 2068 ἀλλὰ
543 2034 603 2068 καὶ
628 2033 718 2079 πρὸς
743 2033 850 2079 αὐτὴν
875 2033 936 2079 τὴν
959 2035 1162 2079 βασίλισσαν
1273 2035 1295 2070 9
1320 2035 1539 2080 ε’δυςχαίρενε
1566 2035 1602 2069 D
1714 2036 1760 2070 10
1784 2036 1854 2070 στέ-

430 2094 560 2126 γουσαν
585 2080 621 2115 D
721 2081 763 2115 11
791 2081 1004 2126 ἀναλάμπειν
1030 2081 1199 2128 prDi,
1225 2083 1415 2127 ἀναλάμπει
1434 2082 1469 2118 Α
1566 2083 1749 2128 εἴργμένου
1766 2083 1854 2128 (sic)

431 2127 477 2173 A,
504 2128 678 2173 ἠργμένον
703 2128 738 2162 D
885 2129 930 2164 12
955 2135 1013 2174 τῆς
1041 2141 1115 2165 om.
1143 2129 1178 2164 D
1324 2130 1369 2164 14
1394 2130 1455 2175 τὴν
1480 2131 1603 2175 χώραν
1631 2141 1705 2166 οῐη.
1732 2131 1768 2166 D

433 2175 488 2210 14.
506 2176 552 2211 15
576 2181 639 2211 νῦν
651 2175 827 2221 μὲν-νῦν
840 2176 880 2212 δὲ
892 2176 956 2213 BC
966 2178 1108 2213 Wolat.
1173 2177 1217 2213 15
1243 2178 1453 2223 συμβάλλων
1472 2178 1580 2224 pr‚
1607 2179 1798 2224 συμβάλων
1824 2178 1854 2213 Ε

300 2317 347 2353 29
360 2319 410 2354 tis
437 2319 578 2354 occisis
605 2329 693 2355 esse
721 2320 932 2366 direptum.
985 2320 1102 2363 Quod
1135 2322 1208 2356 etsi
1239 2331 1311 2356 rex
1347 2331 1472 2366 aegre
1513 2321 1680 2366 ferebat,
1719 2324 1853 2357 tamen

362 2377 452 2401 cum
490 2367 586 2401 nihil
620 2368 706 2413 opis
741 2368 849 2403 ferre
880 2373 1026 2414 posset,
1066 2369 1256 2404 militibus
1288 2370 1329 2403 in
1356 2369 1524 2404 hiberna
1551 2369 1746 2413 deductis,
1783 2369 1853 2404 ubi

360 2414 471 2449 nulla
498 2419 745 2450 commeatus
771 2416 908 2461 inopia
934 2422 1224 2461 premerentur,
1260 2417 1346 2462 ipse
1374 2417 1414 2451 in
1447 2417 1588 2451 urbem
1615 2417 1770 2461 regiam
1795 2427 1854 2452 re-

360 2462 532 2497 vertitur
569 2462 701 2497 factus
727 2464 998 2508 arrogantior,
1037 2464 1152 2509 quasi
1179 2464 1295 2509 plura
1325 2464 1575 2507 confecisset,
1614 2474 1694 2499 non
1732 2464 1852 2499 modo

300 2508 348 2544 30
361 2509 559 2544 adversus
597 2509 707 2554 alios,
747 2511 819 2545 sed
854 2511 1050 2546 adversus
1083 2512 1210 2557 ipsam
1245 2512 1365 2547 etiam
1398 2512 1594 2557 reginam.
1644 2511 1716 2545 Ina
1756 2521 1854 2546 vero

361 2566 473 2602 spem
511 2566 626 2592 suam
663 2558 704 2592 in
740 2559 982 2593 contrariam
1017 2560 1177 2594 venisse
1208 2569 1376 2594 cernens
1410 2562 1563 2594 maesta
1600 2569 1668 2594 cor
1707 2559 1854 2594 edebat

361 2614 495 2650 neque
522 2604 828 2650 obiurgationes
854 2606 961 2642 ferre
987 2609 1156 2652 poterat.

325 2650 349 2686 2
483 2651 538 2687 12,
587 2651 691 2688 Vere
718 2656 935 2698 appetente
960 2664 1045 2696 rex,
1083 2654 1279 2699 Byzantio
1306 2653 1443 2689 relicto
1472 2657 1510 2689 et
1537 2654 1663 2688 altera
1693 2652 1855 2698 expedi-

362 2701 472 2735 tione
497 2703 697 2745 suscepta,
737 2710 827 2735 cum
854 2700 1094 2736 Caesaream
1130 2702 1307 2737 venisset
1341 2705 1379 2736 et
1412 2711 1603 2747 magnam
1629 2701 1855 2735 Turcorum
1891 2743 1895 2746 ,

362 2746 658 2783 multitudinem
696 2757 785 2782 eam
817 2748 1070 2793 provinciam
1107 2749 1316 2784 incursare
1352 2749 1621 2794 cognovisset,
1659 2749 1778 2783 etiam
1813 2748 1854 2782 in

363 2795 451 2830 illos
469 2797 554 2831 tum
572 2798 687 2840 parte
706 2796 913 2840 copiarum
931 2796 1117 2840 immissa,
1144 2799 1228 2831 tum
1247 2799 1285 2831 et
1303 2797 1388 2841 ipse
1407 2797 1602 2839 invectus,
1630 2796 1855 2840 profligatis

364 2842 547 2878 hostibus
586 2843 838 2888 captivisque
876 2844 1004 2878 caesis
1043 2844 1228 2879 omnibus
1266 2843 1318 2878 ad
1356 2843 1600 2887 Euphratem
1639 2843 1854 2886 contendit,

329 2889 566 2925 3Philareto
595 2890 698 2926 duce
724 2890 959 2936 designat03
990 2894 1078 2926 erat
1102 2892 1136 2926 is
1163 2901 1214 2927 ex
1240 2901 1392 2937 genere
1419 2890 1758 2935 Brachamiorum,
1786 2890 1856 2935 qui
