2054 3282
3 2950 25 3218 *2:-5‡an424
5 2707 27 2937 -Jsi'gvsamssvss'
9 2675 19 2698 *⁴
9 2656 14 2661 “

3 3251 21 3276 32
7 3223 21 3245 ,,·.’

433 230 768 269 IVSTINIANVS
795 232 810 267 Ι
837 229 1154 268 IMPERATOR.
1205 229 1506 267 THEODORA.
1655 230 1724 267 153

219 356 354 411 ὤφθη
387 359 541 411 ψαῦσις
570 356 776 410 κομήτου,
809 356 857 402 ὃς
888 355 1128 410 λαμπαδίας
1159 353 1415 408 ὠνόμασται,
1450 354 1512 400 ὡς
1537 354 1629 395 ἄνω
1651 353 1724 400 τὰς

220 426 388 472 ἀκτῖνας
425 425 510 479 ἱείς,
554 426 603 471 ὃς
640 421 708 479 ἐφ’
742 425 905 479 ἡμέρας
941 425 1070 466 εἴκοσι
1107 424 1274 479 φαίνων
1313 423 1540 478 διήρκεσεν.
1603 423 1724 465 ἔθετο
1741 426 1783 460 11

221 494 267 536 δὲ
295 494 366 536 καὶ
385 493 495 548 πρὸς
515 493 612 540 τοὺς
633 493 807 548 Πέρσας
828 494 1024 540 σπονδάς.
1087 493 1157 535 καὶ
1189 491 1238 534 τὰ
1269 492 1347 547 μὲν
1378 492 1485 534 κατὰ
1516 491 1590 547 τὴν
1611 491 1789 546 ἓῴανἮ
1804 495 1860 530 111
1877 495 1921 530 51

222 563 448 618 εἷρήνευον,
492 562 566 617 τὴν
606 562 652 604 δὲ
682 562 801 604 πόλιν
833 563 1086 617 κατέτρυχον
1118 562 1313 617 ἐμφύλιοι
1342 561 1532 615 πόλεμοι,
1577 561 1648 602 καὶ
1678 559 1725 602 τὸ

187 631 376 678 5κάλλος
406 632 534 686 αὐτῆς
564 631 635 673 καὶ
665 631 739 686 τὴν
770 631 955 686 ἀγλαΐαν,
1000 631 1077 686 ὅση
1116 630 1414 686 περιελέλειπτο
1453 629 1539 672 ἀπὸ
1575 633 1649 672 τοῦ
1682 629 1726 671 ἓν

224 705 274 756 τῇ
310 700 495 756 βασιλείᾳ
531 705 604 742 τοῦ
636 700 820 747 Λέοντος
858 701 1076 756 γεγονότος
1113 701 1381 755 ἐμπρησμοῦ,
1427 699 1724 755 διεφθάρκασι.

222 769 372 823 μίσους
410 768 488 823 γὰρ
527 770 737 824 ε’μφύντος
770 775 854 816 τοῖς
886 771 1036 825 δήμοις
1067 769 1172 811 κατὰ
1204 773 1278 811 τοῦ
1310 769 1624 823 αὐτοκράτορος
1655 768 1726 810 καὶ
1742 771 1787 807 12

222 843 295 893 τῆς
325 838 563 893 βασιλίσσης
601 838 654 880 δι’
686 840 793 894 ἅπερ
831 841 998 894 εἴρηται,
1043 840 1300 895 ὠμονόησαν
1343 840 1478 893 ἄμφω
1515 837 1564 879 τὰ
1600 838 1776 892 μέρη,1)

223 907 269 948 τό
300 923 342 949 τε
373 907 551 949 Βένετον
581 907 652 949 καὶ
683 907 730 949 τὸ
762 908 992 962 [Ῑράσινον,
1037 910 1170 950 καίτοι
1201 908 1264 950 ἀεὶ
1295 908 1486 963 ἀλλήλοις
1516 907 1724 949 ἐναντιού-

164 978 343 1030 ῙΟμενα,
375 975 446 1017 καὶ
477 976 662 1022 στάσεως
694 977 888 1030 ἤρξαντο.
952 977 976 1019 ὁ
1009 977 1056 1019 δέ
1077 994 1122 1031 γε
1142 981 1313 1032 κρατῶν
1333 977 1488 1032 μοῖράν
1508 992 1595 1018 τινα
1617 977 1724 1031 βαρ·
1742 980 1786 1015 13

222 1043 373 1098 βάρων
402 1047 488 1086 τῶν
517 1044 796 1099 καλουμένων
826 1045 1053 1099 Αῑλούρων
1084 1047 1224 1093 αὐτοῖς
1260 1045 1434 1100 ἐπαφεὶς
1470 1049 1615 1100 στῆσαι
1652 1043 1727 1099 τὴν

217 1113 362 1155 στάσιν
393 1114 530 1159 οὕτως
561 1114 879 1169 ἐπικεχείρηκεν.
942 1116 967 1170 ἡ
1002 1114 1039 1156 δ’
1073 1116 1232 1170 ἀνῆπτο
1262 1115 1437 1170 μᾶλλον·
1471 1115 1613 1170 μάχης
1645 1114 1725 1169 γὰρ
1741 1119 1787 1156 14

223 1183 498 1237 συρραγείσης
527 1183 660 1237 μέσον
690 1187 775 1225 τῶν
807 1184 959 1238 δήμων
990 1185 1062 1226 καὶ
1092 1188 1177 1226 τῶν
1207 1185 1444 1239 βαρβάρων
1464 1183 1571 1226 κατὰ
1592 1183 1639 1226 τὸ
1660 1184 1724 1226 λε-

225 1251 404 1306 γόμενον
442 1251 608 1305 Μίλιον,
654 1252 725 1294 καὶ
762 1253 998 1295 πιπτόντων
1034 1253 1204 1295 πολλῶν
1246 1254 1526 1307 ἑκατέρωθεν,
1573 1254 1613 1295 οἱ
1654 1258 1727 1308 τῆς

166 1321 210 1357 15
225 1320 446 1375 ἐκκλησίας
481 1326 746 1363 καταπαῦσαι
782 1321 856 1376 τὴν
888 1323 1027 1364 στάσιν
1058 1323 1129 1364 καὶ
1159 1322 1231 1364 τὸν
1261 1322 1447 1377 πόλεμον
1479 1322 1727 1369 σπεύδοντες

223 1389 296 1436 τὰς
326 1395 524 1445 παναγεῖς
554 1394 640 1432 τῶν
670 1391 802 1448 θείων
833 1392 1085 1446 εὐαγγελίων
1115 1386 1288 1446 βίβλους
1319 1392 1522 1446 ἀράμενοι
1553 1391 1624 1433 καὶ
1653 1396 1726 1434 τοῦ

223 1463 415 1513 σωτῆρος
458 1460 584 1514 ἡμῶν
622 1461 826 1515 σεβάσμια
867 1461 1148 1515 ἑκτυπώματα
1187 1462 1244 1507 εἷς
1273 1462 1431 1515 μέσους
1461 1460 1558 1507 τοὺς
1588 1477 1725 1516 μαχο-

221 1528 376 1581 μένους
413 1529 670 1583 συνώθησαν
709 1529 896 1583 ἑαυτούς,
943 1529 1126 1584 οἰόμενοι
1161 1530 1430 1576 αἰδεσθέντας
1461 1530 1646 1577 ἐκείνους
1676 1529 1725 1571 τὰ

222 1597 318 1650 ἅγια
349 1597 614 1639 καταθέσθαι
644 1597 693 1639 τὰ
725 1598 834 1640 ὅπλα
866 1598 937 1640 καὶ
968 1599 1231 1654 ἀποσχέσθαι
1262 1602 1335 1641 τοῦ
1366 1598 1595 1654 μάχεσθαι·
1636 1596 1724 1641 ἀλλ’
1741 1598 1786 1634 15
1816 1597 1887 1633 PII
1897 1596 1987 1633 62A

223 1727 244 1762 7
269 1727 348 1772 περὶ
374 1732 434 1773 τῆς
459 1728 646 1774 γενομένης
671 1729 826 1768 στάσεως
851 1734 923 1764 τῶν
949 1730 1076 1775 δήμων
1103 1728 1204 1766 ACE

297 1846 315 1881 1
343 1847 501 1893 κομήτου
517 1848 756 1895 RwapDz',
782 1851 929 1894 κομίτου
943 1847 1017 1885 AD
1105 1850 1288 1895 ὠνόμαστο
1314 1849 1345 1884 Β
1435 1850 1457 1884 2
1482 1850 1623 1890 ἀκτίνας
1638 1851 1724 1894 (sic)

295 1893 368 1930 AD
467 1896 527 1935 ἶεὶς
545 1895 655 1941 A(R)‚
674 1898 723 1936 εἷς
742 1897 810 1940 W‘³·²,
829 1898 945 1943 ἀφιεὶς
964 1909 988 1944 p
1009 1899 1111 1934 coni.
1127 1898 1180 1943 (V.
1191 1898 1283 1933 XIV
1293 1898 1326 1940 ’5,
1342 1897 1410 1941 13),
1426 1898 1576 1943 πέμπων
1594 1898 1725 1935 Malal.

298 1953 333 1988 Ῐ).
348 1942 429 1986 454,
444 1943 477 1985 6,
505 1943 684 1990 Theoph.
712 1945 729 1980 I
757 1956 792 1991 p.
810 1946 949 1990 181,1ἵ)
1095 1947 1235 1991 φαίνων
1260 1946 1447 1991 διήρκεσεν
1466 1947 1600 1982 εἴκοσιν
1627 1947 1724 1993 pr

297 1991 319 2025 3
346 1994 436 2036 post
461 1992 555 2036 ἑῴαν
582 1993 673 2027 add.
700 1993 740 2028 ἐκ
768 1998 838 2028 τῶν
861 1994 1042 2039 πολεμίων
1069 1994 1165 2040 pr
1309 1994 1331 2029 4
1357 1994 1564 2040 κατέτρεχον
1589 1995 1725 2042 DEwp

296 2038 319 2074 9
344 2040 393 2083 τό,
420 2053 455 2073 τε
481 2040 565 2081 (sic)
592 2038 671 2084 AC,
699 2043 738 2076 τό
760 2055 796 2076 τε
822 2041 917 2084 BSE,
944 2043 1019 2077 τότε
1047 2041 1147 2088 pr
1301 2043 1342 2077 11
1371 2043 1550 2087 αἰλούρων
1576 2042 1724 2090 Apr,

299 2087 417 2122 immo
441 2088 630 2132 Αἰρούλων
656 2090 707 2130 (v.
732 2089 900 2135 Procop.
930 2090 945 2124 I
973 2101 1009 2135 p.
1038 2090 1118 2134 127,
1144 2090 1192 2134 2),
1219 2090 1379 2135 ἐρούλων
1405 2092 1507 2126 coni.
1542 2092 1619 2136 Wo,
1653 2092 1724 2127 sed

296 2145 333 2168 v.
348 2134 454 2170 B-W
468 2140 678 2171 comment.
699 2136 891 2173 Fleckeis.
912 2149 946 2183 p.
964 2137 1032 2173 134
1048 2148 1097 2173 ss.
1186 2139 1230 2173 16
1248 2139 1347 2184 ἁγίας
1360 2138 1391 2173 Ε
1468 2139 1512 2174 19
1530 2139 1677 2185 σχέσθαι
1694 2140 1724 2174 Ε

224 2250 323 2286 Cum
351 2250 484 2287 Persis
512 2252 693 2287 indutiae
720 2257 813 2288 sunt
840 2255 984 2289 factae.
1028 2254 1177 2290 Verum
1206 2255 1478 2292 Orientalibus
1506 2257 1726 2302 provinciis
1741 2258 1780 2293 11

223 2299 378 2344 pacatis
407 2299 510 2335 bella
537 2301 727 2336 intestina
753 2301 895 2336 urbem
916 2302 1172 2338 obtriverunt
1198 2304 1368 2348 eiusque
1383 2304 1724 2349 pulchritudinem

223 2349 262 2381 et
288 2346 543 2392 splendorem
573 2359 623 2383 ex
650 2349 837 2384 incendio
866 2349 940 2385 sub
968 2349 1117 2385 Leonis
1143 2361 1271 2395 regno
1301 2354 1388 2386 orto
1407 2351 1606 2398 reliquum
1635 2363 1726 2388 con-

222 2399 492 2440 sumpserunt.
542 2395 642 2431 Nam
660 2397 752 2432 odio
769 2403 965 2442 concepto
994 2399 1041 2433 iis
1068 2398 1117 2433 de
1146 2399 1288 2442 causis,
1317 2409 1418 2444 quas
1435 2401 1617 2445 exposui,
1644 2403 1724 2435 tam
1743 2401 1786 2436 12

222 2442 420 2478 adversus
438 2443 720 2489 imperatorem
742 2456 859 2490 quam
884 2446 1077 2491 reginam,
1099 2449 1234 2492 partes
1253 2447 1358 2482 inter
1373 2457 1416 2482 se
1432 2452 1726 2484 consenserunt

222 2494 261 2525 et-
287 2490 466 2526 Venetae
482 2495 520 2527 et
535 2491 729 2527 Prasinae
744 2494 941 2537 faeneum,
969 2495 1155 2538 quamvis
1169 2495 1274 2529 inter
1292 2505 1334 2529 se
1350 2494 1544 2531 dissidere
1571 2495 1722 2540 solitae,
1767 2514 1772 2521 ·

222 2538 543 2584 seditionemque
569 2544 794 2576 moverunt.
847 2541 974 2582 Quam
1003 2541 1240 2577 seditionem
1261 2552 1350 2577 cum
1371 2543 1590 2588 imperator
1609 2547 1722 2589 parte
1740 2545 1784 2580 13

221 2585 488 2622 barbarorum
509 2588 696 2632 immissa,
716 2590 782 2634 qui
800 2588 936 2625 Aeluri
955 2590 1227 2634 nominantur,
1248 2591 1475 2636 opprimere
1491 2591 1722 2635 studuisset,

223 2643 270 2668 eo
306 2634 436 2680 magis
472 2636 592 2670 etiam
629 2641 830 2672 commota
865 2640 936 2672 est.
989 2637 1133 2683 Pugna
1161 2639 1266 2673 enim
1301 2639 1405 2674 inter
1433 2640 1542 2675 cives
1570 2643 1609 2675 et
1635 2640 1722 2675 bar·
1739 2640 1784 2675 14

223 2681 344 2716 baros
371 2683 581 2718 commissa
610 2684 648 2718 in
676 2684 776 2728 loco,
812 2685 881 2730 qui
907 2684 1057 2720 Milium
1087 2686 1245 2728 dicitur,
1286 2697 1333 2721 ac
1360 2687 1494 2721 multis
1520 2688 1724 2733 utrimque

223 2728 474 2773 cadentibus,
514 2731 775 2767 ecclesiastici
802 2733 949 2767 beilum
991 2737 1029 2768 et
1056 2733 1294 2769 seditionem
1329 2734 1474 2770 sedare
1513 2736 1723 2781 cupientes

223 2786 312 2811 cum
340 2778 619 2814 sacratissimis
646 2779 877 2816 divinorum
892 2782 1198 2826 evangeliorum
1217 2782 1424 2818 codicibus
1451 2786 1490 2818 et
1504 2784 1723 2819 servatoris

221 2825 348 2860 nostri
367 2827 611 2862 venerandis
637 2827 884 2874 imaginibus
911 2829 950 2863 in
978 2829 1153 2864 medium
1181 2839 1329 2876 agmen
1349 2831 1631 2875 proeliantium
1659 2842 1724 2877 pe—

221 2874 446 2917 netrarunt,
473 2874 548 2909 rati
575 2874 662 2910 fore
687 2878 733 2910 ut
758 2876 783 2910 ii
813 2876 1060 2911 verecundia
1098 2887 1307 2912 sacrarum
1334 2888 1467 2914 rerum
1499 2879 1637 2925 positis
1664 2890 1724 2914 ar-

222 2919 295 2954 mis
321 2930 462 2966 pugna
489 2921 739 2958 desisterent.
790 2922 869 2959 Sed
896 2924 1059 2959 barbari
1098 2925 1219 2960 rebus
1245 2926 1320 2960 illis
1349 2927 1474 2961 sacris
1501 2926 1621 2973 piane
1659 2927 1723 2962 de·
1740 2928 1784 2963 15
