1968 3302
473 214 775 266 GRA'P'IANVS
799 215 867 264 m*
893 213 1322 266 VALENTINIANVS
1345 214 1397 287 ii.
1640 216 1687 262 83

182 350 318 393 λωσεν
348 351 405 397 εἷς
436 351 658 406 εὐσέβειαν.
721 350 824 392 ὅθεν
861 349 932 392 καὶ
969 354 1031 405 τῷ
1066 350 1174 404 θείῳ
1212 349 1410 392 Οὐάλεντι
1446 347 1689 403 συμμαχίαν
1703 353 1724 388 7

183 419 394 474 αἰτήσαντί
432 435 532 461 ποτε
575 418 681 461 κατὰ
724 423 810 461 τῶν
847 418 1042 460 Σκυθῶν
1084 418 1131 466 ἐξ
1173 418 1303 459 αὐτοῦ
1347 417 1398 458 οὗ
1442 417 1687 471 παρέσχετο,

183 487 354 542 γράψας
390 488 507 541 αὐτῷ
546 487 609 534 ὡς
644 487 727 528 “οὖ
768 487 834 528 δεῖ
865 493 927 542 τῷ
966 487 1115 542 ἐχθρῷ
1149 490 1224 528 τοῦ
1261 487 1367 528 θεοῦ
1406 485 1687 540 συμμαχεῖν”.

181 560 267 602 τοῖς
299 556 337 598 δ’
371 556 598 604 ε’ξελαθεῖσι
628 556 794 609 ποιμέσι
825 559 910 597 τῶν
940 555 1107 596 οἰκείων
1129 554 1363 608 ἐκκλησιῶν
1385 552 1453 595 διὰ
1476 552 1724 607 δόγματοςὸ

146 625 316 680 5ἔφῆκε
346 624 420 679 τὴν
451 625 508 670 εἰς
539 623 668 670 αὐτὰς
699 624 987 679 ὑπονόστησιν.

305 692 400 734 Τῶν
426 692 471 734 ὂὲ
492 692 686 734 Σκυθῶν
706 692 810 746 μετὰ
833 692 907 747 τὴν
934 692 1167 738 Οὐάλεντος
1199 689 1322 746 ἧτταν
1354 690 1722 744 ε’ξογκωθέντων9

180 760 228 802 τὸ
259 761 461 816 φρόνημα
493 761 564 802 καὶ
595 761 669 815 τήν
699 777 740 802 τε
768 760 944 816 Θρᾴκην
975 761 1236 816 ληιζομένων
1267 758 1339 800 καὶ
1368 758 1417 800 τὰ
1438 758 1534 814 περὶ
1555 757 1736 813 αὐτὴνῙ)

181 829 252 871 καὶ
291 829 544 871 ἀκαθέκτων
585 830 721 871 ὄντων
759 829 831 871 τὸν
870 830 915 878 ἐξ
947 829 1150 875 Ἱσπανίας
1185 827 1487 883 μετεκαλέσατο
1525 825 1684 869 Θεοδό-

181 890 270 939 σιον
309 897 351 952 (ἡ
385 895 423 939 δ’
458 897 637 940 Ἰσπανία
669 902 741 952 τῆς
772 897 1035 952 Εὐρωπαίοις
1062 897 1243 952 Ἰβηρίας
1274 896 1356 939 ἐστὶ
1385 895 1504 942 πόλις
1535 896 1560 950 ἡ
1595 895 1684 937 δια-

122 974 168 1011 10
181 967 407 1022 φορωτάτη
430 969 516 1008 τῶν
538 967 582 1008 ἒν
598 965 734 1021 αὐτῇ),
757 966 892 1020 ἄνδρα
916 966 1201 1020 γενναιότατόν
1221 982 1263 1007 τε
1284 965 1356 1007 καὶ
1377 965 1682 1019 εὐσεβέστατον.

179 1039 326 1077 τοῦτον
357 1034 434 1077 οὖν
463 1035 836 1089 προχειρισάμενος
861 1034 1091 1089 στρατηγὸν
1110 1034 1214 1089 μετὰ
1237 1037 1428 1089 στρατιᾶς
1448 1032 1555 1074 κατὰ
1576 1033 1683 1087 βαρ·
1699 1039 1745 1076 10

179 1104 329 1159 βάρων
361 1104 650 1158 ἒκπέπομφεν·
683 1104 730 1149 ὃς
759 1103 991 1158 συμβαλὼν
1023 1104 1163 1149 αὐτοῖς
1194 1102 1265 1144 καὶ
1290 1103 1464 1157 νικήσας
1483 1101 1684 1155 τρόπαιον
1699 1109 1741 1144 11

179 1173 324 1227 ἤρατο,
366 1172 561 1226 πλήθους
597 1172 676 1226 μὲν
707 1172 931 1213 Σκυθικοῦ
969 1171 1309 1226 κατασφαγέντος
1341 1171 1385 1212 ἓν
1415 1175 1477 1225 τῷ
1507 1170 1683 1225 πολέμῳ

178 1241 350 1295 πολλοῦ,
394 1244 479 1282 τῶν
520 1241 565 1283 δὲ
602 1241 761 1282 λοιπῶν
799 1241 855 1286 εἰς
893 1240 1034 1295 φυγὴν
1072 1241 1325 1294 τραπέντων,
1369 1239 1441 1281 καὶ
1484 1242 1570 1281 τῶν
1604 1238 1684 1293 μὲν

120 1318 166 1354 15
179 1309 483 1364 ἀπολλυμένων
527 1310 570 1350 ἓν
612 1314 674 1363 τῷ
717 1309 1128 1365 καταλαμβάνεσθαι,
1173 1312 1258 1350 τῶν
1299 1306 1336 1350 δ’
1377 1305 1448 1350 ὑπ’
1491 1307 1684 1362 ἀλλήλων

179 1378 505 1433 διαφθαρέντων
544 1378 587 1419 ἐν
623 1382 673 1433 τῇ
711 1383 840 1433 φυγῇ.
902 1378 1073 1420 πάντων
1109 1378 1246 1420 τοίνυν
1277 1376 1428 1432 σχεδὸν
1458 1380 1545 1418 τῶν
1575 1377 1680 1431 βαρ·
1697 1384 1742 1420 12

176 1447 326 1502 βάρων
363 1447 535 1489 ἐκείνων
572 1446 857 1489 ἀπολωλότων
893 1447 968 1502 τὴν
1006 1445 1198 1502 στρατιὰν
1236 1446 1325 1487 ε’κεῖ
1362 1445 1619 1500 καταλείψας
1657 1445 1682 1486 ὁ

181 1514 420 1565 Θεοδόσιος,
464 1514 590 1562 αὐτὸς
627 1514 736 1571 πρὸς
771 1514 843 1558 τὸν
873 1515 918 1556 Γ
912 1515 1107 1570 ρατιανὸν
1143 1519 1216 1570 τῆς
1245 1515 1363 1571 νίκης
1394 1513 1496 1570 ἧκεν
1527 1513 1679 1568 αὐτάγ-

175 1683 220 1720 11
244 1682 323 1729 περὶ
351 1683 546 1720 Θεοδοσίου
571 1687 632 1719 τοῦ
657 1682 696 1726 ἒξ
716 1683 892 1723 Ἱσπανίας
918 1682 1093 1725 (ι’σπανίας
1119 1682 1165 1726 Ε)
1191 1682 1251 1719 καὶ
1286 1682 1385 1722 ὅπως
1417 1680 1499 1722 τοὺς
1526 1680 1679 1721 Σκύθας

173 1731 335 1779 ἐνίκησεν
360 1731 423 1768 ΟΕ

244 1887 268 1923 2
292 1891 363 1923 τῶν
389 1898 465 1924 om.
491 1886 590 1934 pr
687 1887 711 1923 4
736 1887 880 1923 οἷκειῶν
907 1885 943 1922 D
1040 1886 1062 1923 5
1088 1886 1230 1934 ἀφῆκεν
1256 1885 1298 1932 Ε,
1324 1885 1446 1934 ἀφῆκε
1465 1885 1501 1922 D
1599 1886 1622 1923 6
1647 1900 1678 1922 τ.

245 1936 395 1972 σκυθῶν
420 1935 459 1971 δὲ
484 1935 586 1982 pr
712 1939 807 1971 ante
832 1935 930 1971 οῧάλ.
957 1935 1050 1971 add.
1076 1941 1137 1972 τοῦ
1165 1935 1262 1989 pr
1389 1936 1412 1971 8
1437 1935 1498 1971 καὶ
1525 1945 1601 1971 om.
1628 1935 1676 1980 D,

243 1984 374 2030 suppl.
401 1983 470 2022 Dw
598 1984 758 2023 ι’σπανίας
782 1983 864 2028 AR,
891 1985 1050 2023 ἱσπανίας
1077 1983 1263 2030 BswpDz,
1290 1995 1328 2019 V.
1355 1983 1409 2019 ad
1434 1983 1531 2018 XIII
1561 1984 1677 2029 10,18

244 2034 284 2067 et
311 2034 596 2078 argumentum
623 2043 661 2078 p.
687 2032 744 2077 83,
765 2032 807 2067 11
913 2031 936 2067 9
961 2030 1000 2067 δὲ
1026 2031 1184 2078 prDz·
1286 2032 1437 2077 ἡσπανία
1462 2030 1509 2076 Α,
1536 2032 1676 2067 ι’σπανιά

243 2079 288 2124 R,
315 2080 454 2115 ἷσπανία
481 2078 657 2125 BswpDi
793 2080 981 2125 εὖροπαιάς
1007 2079 1094 2124 (sic)
1120 2078 1156 2114 A
1302 2080 1343 2114 11
1371 2083 1444 2114 τῶν
1468 2083 1559 2125 post
1585 2078 1676 2115 κατὰ

244 2127 336 2162 add.
362 2126 604 2173 BSCEWpDi
702 2127 747 2162 16
772 2127 1056 2172 διαφθαρέντων
1076 2127 1123 2174 ρ*
1222 2127 1268 2162 18
1293 2127 1403 2173 ἦλθεν
1422 2127 1452 2162 Ε

171 2288 316 2335 Itaque
347 2287 507 2325 Valenti
544 2291 691 2335 patruo
726 2297 844 2335 opem
883 2288 1102 2335 aliquando
1141 2289 1295 2335 petenti
1333 2292 1475 2325 contra
1502 2287 1710 2336 Scythas?

171 2338 332 2384 negatis
358 2337 520 2372 auxiliis
551 2336 777 2382 respondit:
811 2336 928 2373 “Non
956 2339 1115 2382 oportet
1141 2347 1226 2372 una
1252 2347 1343 2373 cum
1370 2337 1485 2373 hoste
1512 2337 1577 2373 dei
1603 2347 1674 2383 pu-

171 2385 339 2468 gn3r⁰”⁰
389 2384 627 2421 Pastoribus
654 2395 706 2420 ex
733 2384 912 2421 ecclesiis
939 2385 1077 2420 eiectis
1104 2384 1267 2421 decreto
1301 2385 1501 2421 concessit
1535 2386 1577 2420 in
1603 2386 1712 2423 eas8

171 2442 215 2468 re
246 2433 356 2468 itum.

291 2480 391 2516 Cum
417 2483 552 2516 autem
570 2479 746 2526 Scythae
772 2486 863 2526 post
889 2479 1044 2516 cladem
1063 2479 1243 2516 Valentis
1269 2480 1362 2516 elati
1389 2481 1532 2516 animis
1551 2480 1710 2517 Thra-9

172 2529 275 2564 ciam
301 2529 552 2574 finitimaque
577 2528 667 2564 loca
692 2532 902 2564 vastarent
934 2538 1067 2574 neque
1099 2532 1264 2574 possent
1299 2529 1490 2572 coerceri,
1529 2539 1582 2565 ex
1606 2528 1674 2564 Hi-

171 2577 315 2622 spania
353 2577 564 2612 arcessivit
597 2576 869 2612 Theodosium
909 2578 985 2619 (est
1024 2579 1159 2611 autem
1198 2575 1397 2622 Hispania
1431 2576 1673 2623 Europacae

171 2623 331 2660 Iberiae
355 2625 453 2660 urbs
475 2625 652 2660 omnium
672 2625 1046 2670 praestantissima),
1073 2624 1206 2659 virum
1233 2624 1493 2659 fortissimum
1520 2628 1560 2660 et
1586 2624 1674 2660 reli-

170 2671 454 2717 giosissimum.
503 2671 622 2707 Hunc
648 2672 774 2718 igitur
801 2672 945 2708 ducem
971 2672 1170 2707 delectum
1190 2675 1332 2707 contra
1350 2671 1548 2708 barbaros
1566 2672 1672 2708 able·
1687 2674 1733 2709 10

171 2720 296 2765 gavit.
347 2719 425 2762 Qui
460 2729 704 2765 congressus
741 2730 834 2755 cum
868 2721 916 2755 iis
951 2723 990 2755 et
1022 2720 1194 2755 victoria
1225 2723 1432 2766 reportata
1458 2722 1729 2766 tropaeumll

171 2767 316 2813 posuit,
360 2767 617 2803 multitudine
654 2766 895 2813 Scytharum
938 2768 1072 2803 occisa
1110 2767 1214 2803 bello
1254 2777 1405 2814 magna
1443 2768 1670 2814 ceterisque

171 2815 337 2861 fug-atis,
362 2816 430 2861 qui
457 2819 528 2851 aut
554 2815 661 2862 capti
683 2816 871 2862 peribant
889 2819 961 2851 aut
978 2815 1082 2851 inter
1100 2815 1210 2861 ipsos
1228 2815 1355 2851 caede
1373 2815 1414 2850 in
1429 2816 1532 2863 fuga
1550 2817 1670 2852 fac-ta.

171 2860 364 2900 Bai-baris
388 2863 515 2911 igitur
540 2863 617 2899 illis
641 2863 728 2900 fere
755 2864 942 2900 omnibus
966 2864 1189 2900 interfectis
1207 2862 1461 2900 Theodosius
1486 2864 1670 2901 exercitu
1686 2866 1730 2903 12

171 2910 252 2951 ssllc
276 2912 416 2950 relicto
441 2912 528 2962 ipse
554 2911 751 2950 victoriae
776 2912 943 2950 nuntius
966 2911 1019 2948 ad
1037 2910 1277 2949 Gratianum
1295 2915 1379 2949 tum
1398 2913 1439 2949 in
1456 2911 1670 2951 Pannonia
