2054 3282
657 220 759 259 LEO
785 220 985 259 CAPTVS
1011 220 1321 258 LIBERATVR.
1668 221 1738 259 439

240 346 313 398 τῆς
351 343 456 398 ὑπὲρ
492 348 566 386 τοῦ
604 342 788 391 Λέοντος
824 344 1136 399 παρακλήσεως
1171 343 1399 398 ἀνέστησάν
1437 359 1479 385 τε
1518 347 1591 385 τοῦ
1631 359 1737 398 συμ-

239 412 389 454 ποσίου
420 412 492 454 καὶ
523 413 726 468 δακρύων
755 412 1009 467 πλησθέντες
1038 411 1189 454 “εἷτα”
1219 412 1347 466 φασίν
1380 411 1491 454 “o-bx
1522 412 1579 458 εἰς
1610 428 1738 467 κατη-

242 480 387 534 γορίαν
416 482 527 523 ἔσται
558 483 657 536 ἡμῖν
695 482 743 524 τὸ
780 483 895 536 ζῷον
930 485 1066 535 τοῦτο,
1110 479 1148 524 ὦ
1185 481 1368 536 βασιλεῦ,
1413 480 1473 522 ὅτι
1516 480 1618 522 αὐτὸ
1660 480 1739 535 μὲν

240 547 312 590 τὸν
343 550 496 592 οἰκεῖον
526 550 788 593 ἀνακαλεῖται
819 549 1034 604 δεσπότην,
1067 550 1186 604 ἡμεῖς
1218 548 1263 591 δὲ
1293 553 1366 604 τῆς
1394 547 1499 603 μετὰ
1531 552 1605 590 τοῦ
1632 548 1737 603 κρά-

204 622 339 664 δτους
369 633 447 659 σου
476 618 725 666 πανδαισίας
755 618 1091 664 ἓπαπολαύοντες
1111 618 1441 672 ἀμνημονοῦμεν
1463 617 1638 669 ἐκείνου,
1672 613 1740 658 ἐπὶ

241 685 397 739 χρόνον
418 686 500 741 ἤδη
521 687 831 741 καθειργμένου
852 685 1008 736 πολ·ύν,·
1029 687 1137 740 ἄνες,
1161 686 1352 734 δέσποτα,
1373 684 1448 740 τὴν
1467 682 1558 727 κατ’
1578 685 1739 727 ἐκείνου
1752 689 1795 725 21

36 803 38 805 ,
242 752 373 807 ὀργὴν
409 754 481 796 καὶ
515 755 643 796 λῦσον
679 755 797 809 αὐτῷ
834 754 908 809 τὴν
939 754 1136 809 φρουρὰν
1166 754 1238 796 καὶ
1266 754 1541 808 πρόσβλεψον
1570 753 1740 808 εὐμενὲς

40 825 98 863 --D
112 823 267 876 1v382'j
305 822 466 876 μᾶλλον
506 823 680 877 πρόσιδε
723 823 786 869 ὡς
829 823 1011 877 πατήρ.”
1070 823 1230 869 τούτοις
1267 823 1292 864 ὁ
1327 821 1519 877 βασιλεὺς
1563 821 1843 877 ἓχάλασε220

39 891 44 906 ³
240 889 315 944 τὴν
345 889 451 932 κατὰ
483 895 556 933 τοῦ
587 892 699 938 υἱέος
730 891 861 946 ὀργὴν
891 892 967 932 καί
994 891 1035 932 οἳ
1066 891 1280 933 ἐσπείσατο
1308 890 1379 931 καὶ
1399 890 1474 945 τὴν
1494 890 1615 946 τιμὴν
1636 890 1737 932 ἀπέ-

184 963 230 999 10
241 958 357 1000 δωκε
387 958 462 1013 τὴν
490 960 711 1014 βασίλειον.

359 1026 436 1074 Εἰς
456 1028 598 1082 θήραν
620 1028 665 1070 δὲ
686 1028 888 1070 ἀπελθὼν
910 1028 1057 1083 ἐλάφῳ
1079 1027 1314 1082 ἐντυγχάνει
1334 1026 1380 1069 τὸ
1400 1028 1585 1082 μέγεθος
1611 1028 1736 1081 ὓπερ-
1751 1031 1798 1067 23

239 1100 341 1150 φυεῖ
366 1096 438 1137 καὶ
468 1097 526 1142 εἰς
556 1097 670 1151 ὕψος
699 1097 862 1151 ἠρμένα
893 1097 1048 1151 κέρατα
1080 1097 1262 1151 φέροντι,
1301 1095 1372 1137 καὶ
1403 1099 1550 1137 τοῦτον
1588 1095 1739 1137 ἐδίωκε

238 1164 311 1206 καὶ
339 1164 571 1219 πλησιάσας
601 1165 718 1219 αὐτῷ
754 1164 831 1220 ἦρε
868 1165 943 1220 τὴν
979 1169 1097 1220 χεῖρα
1141 1165 1297 1219 ξιφήρη
1340 1164 1492 1219 πλῆξαι
1535 1162 1580 1204 τὸ
1625 1164 1740 1218 ζῷον

239 1233 511 1287 βουλόμενος.
580 1232 627 1275 τὸ
665 1233 711 1275 δὲ
746 1237 831 1280 τοῖς
866 1234 1037 1287 κέρασιν
1074 1233 1255 1288 ἠμύνετο
1293 1231 1364 1274 τὸν
1402 1232 1624 1285 διώκοντα,
1669 1231 1743 1273 καί
1753 1235 1800 1271 24

184 1307 228 1343 15
240 1317 348 1348 τινος
391 1306 475 1343 τῶν
513 1302 653 1348 αὐτοῖς
691 1303 1040 1356 παραφυομένων
1077 1302 1193 1350 ὄζων
1230 1301 1512 1355 ἐμβληθέντος
1542 1304 1591 1355 τῇ
1624 1300 1739 1356 ζώνῃ

240 1373 313 1411 τοῦ
343 1369 550 1424 βασιλέως
578 1371 792 1424 μετέωρος
824 1371 980 1416 ἐκεῖνος
1012 1370 1196 1425 ἐφέρετο,
1232 1370 1485 1424 ᾗωρημένος
1515 1372 1589 1410 τοῦ
1622 1367 1738 1423 ζῴου

240 1441 324 1485 τοῖς
354 1439 518 1491 κέρασι·
549 1437 622 1481 καὶ
652 1439 757 1493 τάχα
789 1440 841 1481 ἂν
872 1438 1077 1493 ἠνάλωτο,
1110 1438 1149 1478 εἷ
1173 1438 1234 1492 μή
1264 1453 1322 1484 τις
1343 1437 1518 1492 φθάσας
1539 1436 1610 1478 καὶ
1631 1436 1739 1492 ξίφει
1752 1439 1799 1477 25

239 1506 380 1560 τεμὼν
410 1506 484 1561 τὴν
514 1506 655 1562 ζώνην
685 1506 812 1549 αὐτὸν
845 1507 1087 1549 διεσώσατο.
1150 1504 1189 1561 ᾧ
1220 1505 1291 1547 καὶ
1329 1509 1497 1559 σῶστρα
1529 1505 1637 1547 καλὰ
1671 1506 1737 1547 δέ·
1751 1509 1798 1546 26

242 1574 381 1616 δωκεν
411 1574 436 1616 ὁ
467 1571 538 1616 ὑπ’
571 1575 731 1617 ἐκείνου
763 1575 919 1622 σωθεὶς
949 1574 1023 1629 τὴν
1053 1579 1125 1630 τῆς
1155 1575 1343 1630 κεφαλῆς
1374 1574 1570 1629 ἒκτομήν,
1609 1573 1681 1615 καὶ
1711 1573 1788 1628 ῆῙ)

243 1734 287 1770 11
313 1734 352 1776 ἐξ
376 1736 452 1774 οἵας
474 1734 585 1780 λαβῆς
609 1734 828 1779 ἐτελεύτησεν
850 1736 872 1771 ὁ
894 1734 1058 1781 βασιλεὺς
1085 1734 1145 1771 καὶ
1175 1734 1256 1779 περὶ
1285 1739 1345 1770 τοῦ
1372 1733 1608 1774 διασώσαντος
1634 1732 1740 1768 αὐτὸν

242 1781 334 1826 (om.
361 1781 407 1827 E)
433 1782 475 1818 ἐκ
500 1787 560 1818 τοῦ
584 1782 718 1828 ἐλάφου
744 1781 807 1819 ΟΕ

312 1931 335 1966 3
362 1936 462 1967 τοῦτο
487 1931 525 1967 τὸ
550 1932 645 1972 ζῶον
670 1930 767 1978 Ewp
871 1931 892 1967 7
916 1932 1125 1978 πρόβλεψον
1153 1931 1183 1967 Ε
1288 1931 1310 1965 9
1336 1931 1439 1970 υἱέως
1469 1930 1574 1977 Ewp,
1601 1932 1679 1965 υἱοῦ
1706 1930 1741 1965 D

361 1978 509 2014 ἀπέδοτο
519 1978 566 2022 D,
578 1979 744 2015 ἀπέδωκε
752 1990 854 2015 corr.
863 1978 931 2018 Dw
1007 1980 1045 2015 11
1067 1982 1156 2026 post
1163 1977 1330 2014 ἀπελθὼν
1339 1978 1459 2014 add.‹5
1468 1977 1631 2023 βασιλεὺς
1643 1978 1741 2023 pr

361 2026 506 2072 ἐλάφων
531 2025 562 2062 C
636 2026 781 2072 ἑλάφῳν
806 2026 892 2071 (sic)
918 2028 1078 2073 τυγχάνει
1104 2026 1173 2065 Dw
1246 2025 1304 2061 τὸν
1330 2027 1438 2071 ὄγκον
1465 2026 1497 2062 Ο
1578 2026 1620 2060 13
1646 2027 1742 2066 ξῶον

316 2073 363 2118 D,
390 2083 492 2110 corr.
518 2074 586 2111 Dw
685 2074 730 2110 15
754 2076 850 2115 ἄξων
874 2074 961 2119 (sic)
989 2074 1024 2110 A
1125 2074 1338 2119 ἐμπαρέντος
1363 2073 1461 2119 pr
1575 2074 1619 2108 16
1643 2073 1741 2117 ἐκρέ-

314 2135 403 2167 ματο
419 2121 487 2206 ἓυ
581 2122 624 2158 17
651 2125 741 2168 post
766 2122 809 2158 ἂν
835 2121 927 2157 add.
951 2123 1012 2158 καὶ
1038 2122 1136 2168 pr
1265 2121 1425 2157 ἀνάλωτο
1451 2120 1486 2156 D
1611 2120 1656 2156 18
1681 2120 1741 2155 καὶ

317 2180 392 2206 om.

245 2318 457 2356 dixerunt:
493 2318 588 2356 “An
620 2330 702 2355 non
738 2320 813 2355 ista
840 2319 1017 2356 volucris
1042 2329 1116 2354 nos
1142 2318 1362 2362 accusabit,
1398 2328 1484 2361 rex,
1524 2327 1614 2352 cum
1652 2317 1742 2363 ipsa.

245 2366 449 2404 dominum
469 2377 588 2403 suum
606 2367 792 2414 appello-t,
813 2376 887 2403 nos
905 2371 1039 2403 autem
1059 2366 1281 2402 maiestatis
1299 2370 1394 2401 tuac
1413 2364 1542 2412 epulis
1560 2366 1742 2400 fruentes

244 2414 350 2451 illius
369 2415 447 2451 iam
469 2415 635 2461 longum
656 2425 727 2462 per
745 2420 902 2461 tempus
929 2413 1071 2450 inclusi
1100 2413 1414 2449 obliviscamur?
1457 2412 1604 2448 Omitte
1628 2413 1741 2456 iram,
1755 2411 1799 2447 21

245 2461 418 2507 dominc,
457 2467 597 2499 contra
636 2462 746 2498 illum
785 2467 1032 2509 conceptam,
1073 2460 1189 2497 deme
1226 2460 1278 2496 illi
1306 2459 1543 2504 custodiam,
1582 2458 1741 2506 placido

245 2520 338 2546 cum
364 2521 413 2546 ac
438 2510 573 2557 potius
600 2514 769 2557 paterno
805 2510 920 2545 vultu
959 2508 1132 2545 amico?
1179 2508 1252 2544 His
1289 2508 1425 2544 verbis
1463 2507 1523 2543 ira
1557 2505 1802 2553 mitigata&

247 2567 317 2594 rex
346 2568 436 2594 cum
465 2558 544 2594 lilio
571 2559 613 2594 in
637 2558 812 2605 gratiam
840 2557 968 2598 rediit,
1024 2557 1194 2603 ignitatc
1219 2556 1389 2602 pristina
1414 2555 1610 2591 restituta.

365 2605 473 2648 Post,
516 2616 607 2642 cum
647 2609 839 2641 venatum
877 2605 1053 2647 exiisset,
1091 2604 1131 2639 in
1170 2613 1334 2640 cervum
1373 2601 1513 2639 incidit
1550 2602 1742 2638 inusitata
1756 2601 1803 2637 23

246 2653 528 2699 magnitudine
554 2653 659 2690 elata
684 2653 723 2689 in
742 2653 865 2689 altum
886 2662 1039 2688 cornua
1057 2654 1295 2697 gestantem,
1322 2661 1440 2697 quem
1460 2648 1743 2697 persequendo

247 2706 458 2738 assecutus
489 2711 580 2737 cum
612 2700 750 2737 stricto
777 2700 914 2746 gladio
943 2708 1209 2746 percussurus
1234 2702 1349 2742 essct,
1379 2697 1513 2734 bellua
1539 2708 1581 2733 sc
1608 2695 1802 2733 desen-24

248 2746 305 2783 dit
322 2754 362 2784 ct
380 2759 491 2785 ramo
510 2759 592 2785 uuo
612 2748 662 2785 dc
681 2748 871 2784 cornibus
891 2758 1019 2783 zonae
1038 2747 1147 2793 regis
1165 2746 1289 2782 inflxo
1309 2746 1417 2782 illum
1436 2745 1646 2781 sublimem
1666 2745 1744 2780 fert

247 2796 438 2833 cornibus
463 2806 723 2843 suspensum3
748 2806 796 2831 ac
815 2795 982 2832 forsitan
1003 2795 1058 2830 ita
1076 2794 1270 2841 periisset,
1297 2794 1371 2829 nisi
1390 2803 1415 2829 a
1433 2792 1620 2840 quodam,
1647 2802 1743 2828 ense
1756 2791 1803 2828 25

248 2842 422 2880 dissecta
446 2854 562 2888 zona,
600 2847 705 2880 esset
737 2847 911 2890 ereptus.
963 2842 1034 2878 Cui
1063 2841 1287 2878 mercedem
1326 2841 1468 2877 salutis
1493 2850 1592 2876 suae
1631 2839 1803 2886 prae-26

248 2889 396 2928 claram
416 2890 591 2928 reddidit
609 2891 687 2936 illo,
705 2891 847 2938 capitis
866 2890 1174 2934 truncationem,
1200 2889 1384 2937 speciosa
1403 2897 1527 2924 causa
1547 2887 1743 2934 quaesita,
