2054 3282
418 230 707 276 INCENDIVM
734 229 898 275 CPOLI.
947 228 1165 273 ZENONIS
1191 228 1533 271 CRVDELITAS.
1655 228 1725 270 131

223 359 430 401 πλατειῶν
466 359 591 406 στοὰς
629 359 701 401 καὶ
737 359 810 406 τὰς
846 359 988 405 αὐταῖς
1032 358 1291 412 ἐπικειμένας
1335 357 1578 412 οἰκοδομάς,
1622 357 1725 399 ἀλλὰ

222 427 311 482 μὴν
341 428 412 469 καὶ
443 428 573 484 αὐτὴν
597 428 671 484 τὴν
692 429 953 483 κεκλημένην
973 427 1215 481 Βασιλικήν,
1247 423 1350 468 καθ’
1384 428 1436 481 ἣν
1466 426 1538 468 καὶ
1568 426 1724 481 βιβλιο-

224 496 341 551 θήκη
375 497 571 552 ε’τύγχανε
603 497 773 539 δώδεκα
804 496 1016 551 μυριάδας
1045 496 1219 551 βιβλίων
1240 496 1533 549 ἀποκειμένων
1554 495 1598 536 ἓν
1620 495 1726 550 αὐτῇ

225 565 397 619 ἔχουσα·
442 566 486 606 ἓν
518 566 579 612 οἶς
611 566 894 620 ἀναγράφεται
925 564 1027 606 εἶναι
1057 564 1129 606 καὶ
1161 564 1393 618 δράκοντος
1424 564 1601 618 ἔντερον,
1641 564 1724 618 μή-
1738 567 1803 612 23,

188 639 330 679 ὅκους
368 635 417 675 ὂν
459 635 608 676 ποδῶν
651 634 801 675 ἑκατὸν
844 635 1009 687 εἴκοσιν,
1054 634 1152 687 ἔχον
1195 633 1510 686 ἐγγεγραμμένα
1554 635 1727 686 χρυσοῖς

69 709 128 745 ΙΙΙ
141 710 212 746 257
227 703 443 757 γράμμασι
480 702 529 744 τὰ
565 707 638 744 τοῦ
666 702 861 757 Ὁμήρου
898 703 1124 756 ποιήματα,
1168 702 1242 756 τήν
1284 717 1326 742 τε
1351 700 1504 742 Ἰλιάδα
1543 700 1615 742 καὶ
1652 700 1727 755 τὴν

220 770 482 826 Ὀδύσσειαν,
527 770 578 813 οὗ
616 771 687 812 καὶ
719 771 742 813 ὃ
774 770 954 825 Μάλχος
989 770 1039 811 τὰ
1075 770 1170 823 περὶ
1207 770 1369 811 τούτων
1404 772 1489 811 τῶν
1519 769 1727 824 βασιλέων
1739 774 1788 810 W
1806 774 1862 809 111
1877 774 1924 809 44

227 840 576 895 συγγραφόμενος
595 841 811 894 μέμνηται.
875 839 1087 894 διέφθειρε
1115 839 1161 880 δὲ
1191 838 1237 880 τὸ
1267 843 1354 893 πῦρ
1387 839 1520 880 ἐκεῖνο
1551 838 1622 879 καὶ
1652 837 1727 892 τὴν
1740 845 1786 880 24

227 909 272 950 ἒν
302 913 387 955 τοῖς
417 909 593 951 Λαύσου
631 914 704 964 τῆς
741 909 907 954 πόλεως
945 907 1120 962 ἀγλαΐαν
1158 908 1230 949 καὶ
1265 907 1314 948 τὰ
1353 908 1441 949 ἐκεῖ
1479 907 1726 962 ἐνιδρυμένα

169 984 214 1017 10
227 978 445 1032 ἀγάλματα
481 982 554 1033 τῆς
591 994 633 1020 τε
662 978 832 1032 Σαμίας
854 976 991 1031 ’Ἠρας
1027 976 1099 1017 καὶ
1129 981 1201 1031 τῆς
1231 976 1405 1022 Λινδίας
1430 977 1626 1031 Ἀθηνᾶς
1657 976 1933 1018 καὶΡΙΙῦίἅΑ

225 1051 298 1101 τῆς
322 1046 493 1093 Κνιδίας
513 1047 777 1101 Ἀφροδίτης,
809 1046 858 1087 τὰ
881 1045 986 1087 κατὰ
1009 1046 1156 1100 τέχνην
1180 1045 1407 1100 περιβόητα
1441 1045 1727 1100 ἀφιδρύματα,

225 1115 296 1156 καὶ
325 1116 449 1170 μέχρι
480 1120 554 1157 τοῦ
591 1115 737 1170 Φόρου
769 1115 990 1169 ἐπέδραμε.

345 1184 501 1239 Ζήνων
540 1184 586 1226 δὲ
625 1182 751 1230 αὖθις
787 1188 860 1238 τῆς
897 1184 1087 1231 ἐξουσίας
1127 1183 1391 1237 δραξάμενος
1427 1181 1500 1224 τὸν
1537 1182 1616 1236 μὲν
1653 1186 1727 1224 τοῦ
1741 1191 1786 1226 25

218 1252 447 1308 *Αρματίου
478 1252 571 1295 υῖόν
601 1253 913 1307 προεχειρίσατο
939 1251 1148 1306 Καίσαρα,
1181 1251 1357 1306 πληρῶν
1387 1251 1461 1306 τὴν
1492 1251 1727 1306 ὑπόσχεσιν,

167 1325 210 1360 15
226 1323 353 1364 αὐτὸν
385 1322 430 1364 δὲ
461 1322 533 1363 τὸν
559 1321 780 1376 Ἁρμάτιον
816 1321 1115 1375 στρατηλάτην·
1156 1320 1227 1361 καὶ
1257 1320 1346 1374 μετ’
1380 1320 1518 1374 ὀλίγον
1548 1319 1620 1361 τὸν
1650 1320 1728 1374 μὲν
1741 1328 1787 1363 26

221 1391 443 1446 Ἁρμάτιον
479 1391 640 1438 ἔκτεινε,
684 1390 819 1444 λέγων
856 1390 916 1431 ὅτι
953 1390 1134 1443 “ὥσπερ
1172 1390 1229 1436 εἷς
1259 1389 1331 1430 τὸν
1362 1388 1615 1430 Βασιλίσκον
1647 1389 1727 1430 οὐκ

226 1460 407 1514 ἐφύλαξε
434 1460 575 1507 πίστιν,
614 1456 705 1500 οὐδ’
739 1459 796 1504 εἷς
827 1458 901 1513 ἐμὲ
932 1459 1101 1504 πάντως
1132 1458 1306 1512 φυλάξει
1337 1458 1516 1512 αὐτήν”.
1578 1457 1650 1499 τὸν
1682 1457 1727 1498 δὲ
1741 1466 1786 1502 27

224 1528 317 1570 υἱὸν
348 1529 507 1570 ἐκείνου
545 1527 617 1569 τὸν
647 1527 843 1583 Καίσαρα
882 1527 1085 1582 πεποίηκε
1124 1526 1336 1581 κληρικόν.
1399 1526 1530 1567 ἀνεῖλε
1571 1526 1616 1567 δὲ
1656 1526 1787 1569 name

224 1597 296 1638 τὸν
323 1596 456 1639 Ἰλλον
494 1595 566 1638 τὸν
603 1596 843 1651 μάγιστρον,
886 1596 1094 1650 τυραννίδι
1139 1596 1467 1650 ἐπιχειρήσαντα,
1513 1595 1572 1636 ὅτι
1616 1595 1726 1649 ἔγνω

227 1725 272 1760 13
297 1726 348 1760 ὅτι
373 1723 523 1763 πολλοὺς
548 1724 570 1758 ὅ
593 1723 721 1769 Ζήνων
738 1723 906 1770 ἐφόνευσε
926 1723 1119 1765 (ἀπέκτεινε
1135 1723 1181 1766 Ε)
1199 1722 1408 1769 βασιλεύσας
1426 1721 1462 1757 τὸ
1480 1722 1645 1767 δεύτερον
1663 1721 1727 1758 ΟΕ

299 1845 322 1880 2
331 1844 390 1880 καὶ
401 1844 572 1880 alterum
585 1853 660 1878 om.
671 1842 706 1877 D
781 1843 803 1877 3
818 1843 854 1878 ἒν
867 1842 1114 1887 ἀποκειμένων
1127 1842 1215 1887 αὐτῆ
1223 1842 1254 1877 Ε
1329 1843 1349 1878 7
1361 1841 1608 1888 βασιλειὼνΙ),
1624 1853 1725 1877 corr.

300 1892 368 1931 Dw
467 1892 512 1926 13
529 1895 624 1926 ante
641 1890 746 1929 αὖθις
763 1890 856 1926 add.
874 1890 934 1925 καὶ
949 1890 979 1924 Β
1080 1890 1124 1924 14
1141 1891 1312 1935 ἁρματίου
1327 1889 1466 1935 RWDi5
1493 1890 1664 1935 ἁρματίου
1679 1890 1726 1934 Α,

300 1951 337 1975 v.
364 1950 423 1975 VS.
446 1949 557 1984 sequ.
576 1943 616 1974 et
632 1938 724 1974 XIV
750 1939 783 1982 2,
812 1939 867 1973 14.
967 1938 1011 1973 15
1035 1938 1206 1983 ἁρμάτων
1224 1937 1429 1984 AprDi,
1459 1949 1495 1973 v.
1516 1939 1726 1984 Ephraem.

300 1999 358 2024 vs.
386 1988 489 2030 1016,
520 1987 692 2022 Manass.
719 1997 776 2021 vs.
800 1986 892 2022 2981
993 1987 1037 2021 16
1063 1986 1233 2031 ἁρμάτων
1259 1987 1344 2031 (sic)
1370 1985 1405 2020 A
1507 1988 1550 2021 19
1575 1986 1634 2021 τὸν
1658 1992 1726 2021 νεῖ-

299 2038 360 2072 λον
385 2035 421 2070 D
517 2035 771 2079 ἒπεχειρίσαντα
797 2034 833 2069 D

228 2159 270 2194 in
287 2157 391 2193 Foro
419 2156 577 2191 aerario
605 2158 791 2190 exortum
819 2155 954 2190 omnia
979 2154 1072 2189 huic
1098 2155 1186 2190 loeo
1213 2155 1347 2190 vicina
1375 2155 1595 2190 combussit
1621 2159 1660 2191 et
1686 2156 1727 2190 in

230 2207 404 2241 cinerem
432 2204 590 2249 redegit
621 2212 712 2238 cum
745 2203 1000 2248 publicarum
1039 2202 1262 2248 platearum
1299 2204 1478 2249 porticus
1514 2207 1553 2238 et
1587 2203 1727 2238 domos

230 2254 463 2290 adiacentes
489 2256 574 2286 tum
600 2251 720 2286 etiam
739 2251 867 2296 ipsam
885 2249 1109 2294 Basilicam,
1138 2261 1244 2296 quae
1271 2250 1379 2286 dieta
1408 2255 1478 2295 est,
1506 2252 1570 2286 cui
1597 2252 1729 2286 inerat

230 2301 474 2337 bibliotheca
512 2303 672 2335 centum
712 2299 858 2343 viginti
896 2298 1047 2332 milium
1086 2298 1297 2343 librorum3
1340 2300 1445 2334 inter
1484 2309 1554 2333 eos
1591 2303 1726 2334 autem
1742 2300 1788 2334 23

230 2353 359 2386 fertur
384 2349 509 2384 fuisse
536 2346 724 2382 draconis
750 2346 982 2381 intestinum
1009 2346 1049 2380 in
1075 2345 1370 2391 longitudinem
1399 2347 1546 2392 pedum
1567 2350 1729 2382 centum

230 2398 388 2444 viginti,
414 2397 478 2432 eui
509 2395 644 2430 aureis
670 2394 811 2429 litteris
837 2397 954 2429 erant
980 2394 1173 2439 inscripta
1191 2393 1354 2429 Homeri
1380 2395 1559 2429 earmina
1578 2398 1618 2429 et
1636 2394 1729 2430 Ilias

230 2451 270 2482 et
295 2445 488 2491 Odyssea,
519 2444 633 2478 cuius
660 2443 718 2477 rei
745 2441 924 2476 Malchus
951 2451 1125 2487 quoque,
1160 2442 1227 2486 qui
1255 2442 1315 2476 liis
1342 2442 1391 2477 de
1418 2442 1585 2488 regibus
1613 2442 1729 2478 histo·

229 2495 331 2530 riam
358 2493 593 2538 composuit,
620 2490 863 2526 mentionem
889 2490 993 2524 fecit.
1044 2489 1279 2534 Absurnpsit
1305 2494 1441 2525 autem
1467 2491 1574 2535 ignis
1600 2490 1664 2525 ille
1690 2494 1730 2526 et
1743 2491 1788 2527 24

229 2541 344 2577 urbis
375 2541 660 2576 amoenitatem
694 2538 733 2572 in
760 2536 896 2572 Lauso
933 2542 971 2572 et
1002 2541 1157 2572 statuas
1191 2537 1270 2571 illie
1304 2539 1455 2583 positus
1482 2537 1641 2573 Samiae
1667 2538 1730 2573 lu-

230 2590 358 2633 nonis,
384 2588 554 2623 Lindiae
576 2586 794 2629 Minervae,
821 2585 987 2620 Gnidiae
1001 2585 1179 2629 Veneris,
1206 2585 1422 2620 simulacra
1443 2585 1493 2621 (le
1511 2589 1598 2621 arte
1616 2596 1729 2631 prae—

232 2637 376 2680 dicata,
404 2640 444 2671 et
469 2645 599 2680 usque
625 2635 677 2669 ad
704 2633 850 2668 Forum
881 2643 1120 2679 progressus
1147 2637 1217 2668 est.

352 2684 459 2719 Zeno
498 2686 739 2728 recuperata
779 2684 979 2726 potestate
1010 2680 1208 2716 Harmatii
1246 2681 1382 2724 filium,
1421 2685 1466 2716 ut
1503 2685 1729 2727 praestaret
1743 2682 1789 2717 25

231 2733 484 2779 promissum,
510 2730 731 2776 appellavit
748 2728 961 2764 Caesarem
982 2729 1195 2774 ipsumque
1213 2728 1465 2764 Harmatium
1490 2730 1728 2775 iring-istrum

232 2780 417 2824 militum3
446 2778 580 2825 paullo
608 2783 698 2823 post
722 2776 974 2812 Harmatium
1002 2777 1174 2821 necavit,
1203 2786 1291 2811 cum
1321 2776 1489 2812 diceret:
1519 2777 1603 2813 “Ut
1629 2788 1729 2823 erg-a
1743 2778 1789 2813 26

232 2827 466 2863 Basiliscum
486 2836 567 2861 non
586 2826 766 2861 servavit
787 2824 916 2868 iidem,
943 2825 998 2859 ita
1020 2835 1071 2859 ne
1098 2834 1199 2869 erga
1224 2835 1287 2859 me
1314 2824 1475 2869 quidem
1504 2835 1592 2860 eam
1620 2836 1729 2871 pror-

233 2885 302 2911 sus
319 2874 541 2910 servabit”.
591 2873 733 2909 Filium
761 2878 894 2908 autem
916 2872 1032 2916 illius,
1059 2882 1179 2917 quem
1199 2871 1411 2907 Caesarum
1439 2873 1728 2918 appellaverat,
1743 2873 1789 2909 <27

233 2923 328 2959 fecit
360 2922 561 2958 elon-icum.
612 2920 779 2957 Sustulit.
814 2930 902 2954 vum
934 2920 1043 2954 Illum
1076 2921 1325 2965 mag-istrum,
1366 2921 1431 2965 qui
1470 2931 1638 2966 rognum
1676 2921 1790 2956 :is-‘28
