2066 3230
444 223 693 261 DIOGENIS
718 222 1007 261 EXPEDITIO
1032 222 1106 260 AD
1132 222 1464 261 EVPHRATEM.
1638 224 1709 261 693

211 345 441 401 στρατηγὸν
470 345 791 401 προβαλόμενος
825 345 895 401 (ἦν
922 345 968 388 δὲ
988 349 1062 388 τοῦ
1083 345 1350 401 Βραχαμίων
1371 346 1518 400 γένους
1539 345 1564 388 ὅ
1585 346 1706 401 ἀνήρ,

211 415 356 457 δοκῶν
385 414 463 470 μὲν
492 414 602 469 πρὸς
632 414 930 470 στρατιωτικὴν
962 415 1176 470 ἐμπειρίαν
1206 415 1364 461 ἱκανῶς
1393 415 1510 470 ἔχειν,
1543 415 1638 470 βίου
1662 415 1708 457 δὲ

208 484 427 538 τυγχάνων
458 483 538 525 οὐκ
571 482 752 537 ἀγαθοῦ,
786 483 875 525 ἀλλ’
903 482 1156 538 ἀντιρρόπου
1187 483 1298 525 πάνυ
1329 482 1439 538 πρὸς
1468 483 1543 538 τὴν
1563 483 1708 539 κλῆσιν

209 550 371 606 αὐτοῦ),
402 551 538 606 τούτῳ
569 550 615 593 τὸ
646 552 774 606 ἥμισυ
814 551 1082 606 παραδίδωσι
1112 555 1186 593 τοῦ
1218 552 1534 606 στρατεύματος,
1581 551 1708 598 αὐτὸς

172 626 196 663 5
210 617 248 662 δ’
282 620 482 662 ἀπένευσε
511 619 621 674 πρὸς
650 619 700 667 τὰ
729 620 986 675 βορειότερα.
1049 624 1134 667 τοῖς
1166 619 1212 662 δὲ
1240 619 1345 675 μετὰ
1375 624 1450 662 τοῦ
1477 620 1706 675 Φιλαρέτου
1720 623 1743 659 4

208 689 472 743 ἐπιφανέντες
494 689 534 729 οἱ
555 688 726 729 ἐναντίοι
747 688 894 730 πτοίαν
926 689 1124 744 ἐνέβαλον
1155 689 1226 730 καὶ
1262 688 1359 735 τοὺς
1389 688 1545 736 τόπους
1575 704 1704 731 κατα-

206 757 406 810 λιποῦσιν,
455 757 530 803 οὓς
560 756 776 811 φυλάττειν
807 757 1066 812 ὡρίσθησαν,
1115 757 1186 799 καὶ
1226 758 1283 804 εἰς
1320 757 1461 813 φυγὴν
1498 760 1751 812 τραπεῖσινΒ

207 826 370 868 εἵποντο
402 825 443 867 οἱ
470 825 660 879 πολέμιοι
691 825 762 866 καὶ
801 825 910 867 εἷλον
942 826 1110 867 ἅπασαν
1140 825 1215 880 τὴν
1246 826 1419 868 ἐκείνων
1450 826 1705 882 ἀποσκευήν.

206 897 328 936 τοῦτο
359 893 486 935 ἐλθὸν
517 894 574 940 εἷς
605 896 758 948 γνῶσιν
787 898 850 949 τῷ
878 895 1042 949 βασιλεῖ
1062 894 1374 950 σκυθρωπάσαι
1394 895 1634 950 πεποίηκεν,
1668 896 1708 937 οἳ
1720 899 1742 934 5

149 971 196 1007 10
208 959 246 1005 ὁ’
279 963 451 1005 ἐναντίοι
481 961 587 1005 κατὰ
619 966 691 1017 τῆς
722 962 1035 1010 Καππαδοκίας
1065 963 1111 1005 τὸ
1153 963 1329 1018 ὅρμημα
1367 964 1539 1018 θέμενοι
1577 964 1707 1019 αὐτήν

206 1048 250 1074 τε
279 1031 496 1086 ἐπόρθουν
526 1030 598 1073 καὶ
627 1030 737 1085 πρὸς
766 1031 813 1073 τὸ
839 1031 1014 1074 Ἰκόνιον
1044 1033 1163 1087 ἵεντο,
1212 1032 1461 1087 ἀνθρώπων
1498 1048 1540 1074 τε
1575 1032 1705 1074 πολυ-

206 1100 412 1155 πλήθειαν
443 1101 540 1155 ἔχον
570 1099 642 1141 καὶ
672 1103 771 1142 πᾶσι
803 1103 888 1147 τοῖς
926 1100 1125 1142 δοκοῦσιν
1162 1101 1342 1155 ἀγαθοῖς
1380 1101 1706 1156 εὖθηνούμενον.

208 1169 233 1211 ὁ
265 1168 311 1211 δὲ
341 1167 533 1224 βασιλεὺς
563 1169 621 1215 εἷς
653 1168 907 1223 Σεβάστειαν
938 1169 1197 1224 ἀφικόμενος
1227 1169 1299 1211 καὶ
1323 1169 1484 1224 μαθὼν
1504 1169 1579 1224 τὴν
1599 1169 1743 1211 κατά6

20 1233 105 1283 'lv
122 1246 194 1282 210
207 1241 281 1280 τοῦ
306 1237 483 1279 Ἰκονίου
514 1240 600 1279 τῶν
635 1237 841 1291 Τούρκων
879 1238 1069 1280 ἐπέλασιν
1110 1239 1308 1280 συνέτεινε
1350 1238 1422 1280 καὶ
1466 1237 1592 1285 αὐτὸς
1633 1238 1708 1294 τὴν

148 1313 193 1350 15
204 1307 379 1362 πορείαν
409 1306 544 1348 ὀπίσω
577 1306 731 1348 αὐτῶν.
794 1305 919 1360 γνοὺς
951 1306 996 1348 δὲ
1029 1307 1111 1361 ἤδη
1145 1307 1524 1362 ἐκπεπορθηκότας
1555 1306 1707 1354 αὐτοὺς
1721 1311 1742 1347 7

205 1375 252 1418 τὸ
276 1374 451 1418 Ἰκόνιον
487 1374 558 1416 καὶ
595 1374 669 1429 τὴν
708 1375 837 1416 αὐτοῦ
875 1375 1216 1430 εὐλαβουμένους
1252 1375 1487 1430 κατάληψιν
1531 1376 1705 1430 ἀπᾶραι,

204 1449 267 1498 τῷ
296 1448 368 1499 τῆς
397 1443 581 1498 μεγάλης
606 1443 853 1498 Ἀντιοχείας
886 1443 1006 1485 ὃουκὶ
1038 1449 1099 1498 τῷ
1129 1443 1411 1499 Χατατουρίῳ
1443 1448 1600 1499 μοῖραν
1631 1445 1703 1486 ἐκ-

204 1513 380 1568 πέμψας
409 1511 496 1554 τινὰ
527 1515 612 1554 τῶν
638 1512 891 1567 Ῥωμαϊκῶν
929 1512 1152 1568 δυνάμεων
1188 1513 1409 1554 ἐνετείλατο
1447 1513 1504 1559 εἷς
1536 1512 1705 1567 Μόψου
1721 1516 1751 1553 C

206 1582 341 1638 ἑστίαν
372 1581 595 1636 ἀφίξεσθαι
626 1581 697 1622 καὶ
727 1585 811 1628 τοῖς
835 1581 1038 1636 Τούρκοις
1059 1582 1148 1624 ἐκεῖ
1165 1582 1312 1623 ὄιιοῦοι
1343 1581 1558 1636 συμμίξαι.
1618 1578 1705 1623 ἀλλ’
1721 1586 1744 1621 8

279 1679 298 1714 1
324 1679 588 1726 προβαλόμενος
601 1676 701 1723 ΒΒὶ,
726 1679 1011 1725 προβαλλόμενος
1026 1678 1175 1724 Apr,
1202 1689 1240 1714 v.
1257 1678 1310 1713 ad
1324 1677 1418 1714 XIV
1434 1678 1488 1723 ll,
1503 1678 1526 1714 5
1621 1679 1708 1724 βρα-

277 1729 395 1773 χμίων
416 1727 422 1772 Ι
444 1726 480 1761 D
576 1726 599 1762 2
623 1726 704 1771 ἔμπ.
723 1726 978 1773 στρατιωτικὴν
998 1725 1027 1763 C
1124 1726 1148 1762 4
1173 1726 1223 1772 τὸ]
1244 1731 1293 1762 τῶ
1315 1725 1345 1760 Β
1444 1725 1466 1761 6
1492 1726 1657 1771 φανέντες
1671 1726 1707 1761 D

327 1812 363 1846 οἱ
383 1810 557 1856 βάρβαροι
583 1810 679 1856 Ewp
809 1810 830 1847 7
857 1811 1049 1855 φυλάσσειν
1075 1809 1150 1855 ΒΟ,
1176 1787 1371 1856 φυλάσσειέ
1397 1809 1432 1844 D
1555 1810 1578 1845 9
1602 1809 1709 1845 ἐλθὸν

279 1856 447 1904 prDi,
471 1857 589 1893 ἐλθὼν
614 1857 683 1893 ΛΕ
823 1858 877 1893 11.
906 1858 950 1893 16
975 1860 1109 1894 ἵκόνιον
1134 1857 1222 1902 (Sic)
1248 1857 1285 1893 A
1422 1857 1463 1892 11
1493 1859 1583 1893 ἴεντο
1609 1857 1706 1903 Ewp

281 1907 325 1941 12
349 1906 611 1951 εὐθηνούμενον
636 1904 754 1950 ARw‚
780 1905 1041 1950 εὖθυνούμενον
1066 1905 1114 1952 p*
1260 1906 1305 1941 14
1330 1906 1508 1941 ἐπέλευσιν
1537 1905 1707 1958 BDEwp

252 1959 255 1963 '
280 1954 324 1989 15
349 1953 656 1998 ἕκπεπορῦηκέναι
683 1953 779 1999 Ewp
907 1954 951 1988 16
976 1954 1154 1989 ἐπέλευσιν
1179 1953 1243 1990 ΒΟ
1380 1953 1511 1998 ἀπᾶραι
1540 1953 1708 1998 EwpDz,

277 2002 406 2047 ἀπᾶραι
432 2000 515 2046 AR,
539 2001 674 2045 ἀπάρας
701 2000 736 2035 D
836 2001 878 2036 17
903 2003 1123 2046 χατατουρίω
1151 1999 1290 2045 RwDi,
1316 2002 1496 2046 χατουρίω
1515 1999 1562 2044 Α,
1589 2001 1707 2036 Κατα-

279 2050 407 2094 ιουρίῳ
435 2059 459 2094 p
486 2047 645 2093 Scylitz.
672 2059 708 2094 p.
735 2048 815 2092 684,
843 2048 876 2091 3,
903 2049 974 2085 sed
1001 2060 1038 2084 v.
1065 2048 1180 2084 Mich.
1206 2048 1328 2084 Attal.
1356 2059 1393 2094 p.
1422 2048 1502 2091 137,
1532 2048 1549 2082 1

4 2095 31 2138 ἃ
328 2097 384 2133 17.
411 2108 448 2143 p.
474 2095 555 2141 694,
583 2095 627 2131 14
651 2097 781 2141 μοίραν
805 2095 952 2142 AEwp‚
976 2102 1105 2141 μοῖραν
1132 2094 1222 2132 ΟΒί
1383 2096 1425 2131 17
1452 2095 1650 2141 ἔκ’πέκψας
1677 2094 1709 2130 Ε

284 2145 337 2181 18.
367 2144 411 2181 19
434 2144 676 2190 μοψουεστίαν
701 2142 883 2190 BsEpDi,
910 2154 947 2179 v.
965 2143 1019 2179 ad
1035 2143 1128 2180 XVI
1147 2143 1240 2188 25,3
1340 2143 1384 2179 19
1410 2145 1583 2189 συμμῖξαι
1609 2143 1707 2189 Ewp

282 2193 334 2237 (v.
361 2192 415 2228 ad
440 2191 532 2228 XVI
559 2191 614 2236 10,
640 2191 689 2236 3),
716 2192 883 2237 συμμίξαι
908 2190 1037 2228 AODz'

209 2287 254 2319 ut
288 2283 385 2319 satis
417 2282 568 2317 habere
601 2280 817 2316 videbatur
848 2281 1018 2327 peritiae
1057 2281 1248 2325 militaris,
1287 2281 1343 2316 ita
1382 2281 1590 2327 improbae
1622 2283 1710 2316 erat

209 2332 317 2367 vitae
344 2334 385 2366 et
410 2330 561 2365 nomini
588 2338 662 2364 suo
691 2328 811 2374 plane
838 2329 1078 2365 contrariae.
1129 2328 1234 2364 Huic
1261 2328 1427 2364 dimidia
1453 2331 1569 2374 parte
1596 2338 1708 2364 exer-

210 2380 312 2415 citus
339 2378 435 2413 data
464 2378 551 2423 ipse
577 2376 630 2411 ad
656 2376 954 2422 septentriones
981 2375 1211 2412 declinavit.
1261 2375 1408 2411 Hostes
1441 2378 1576 2411 autem
1608 2374 1744 2410 Phil-4

210 2427 312 2462 areti
331 2425 521 2461 militibus
540 2428 693 2460 terrore
712 2423 821 2459 illato
848 2427 972 2468 tanto,
996 2428 1041 2459 ut
1067 2424 1175 2469 locis,
1203 2423 1351 2470 quibus
1370 2422 1562 2469 praesidii
1586 2432 1710 2459 causa

211 2477 338 2518 erant,
378 2472 525 2509 relictis
553 2473 754 2518 fugerent,
792 2471 963 2507 insecuti
1005 2471 1192 2507 omnibus
1235 2480 1374 2507 eorum
1413 2470 1710 2517 impedimentis

213 2522 439 2568 potiuntur;
477 2519 587 2565 quod
626 2519 714 2565 regi
748 2519 949 2554 tristitiam
981 2519 1126 2554 attulit.
1175 2518 1322 2555 Hostes
1356 2528 1455 2555 vero
1488 2519 1529 2553 in
1555 2517 1639 2565 Cap
1670 2517 1745 2553 a-5

213 2569 370 2605 dociam
397 2567 614 2615 progressi,
651 2567 761 2612 agris
788 2566 967 2609 vastatis,
1007 2566 1188 2602 Iconium
1215 2569 1367 2613 petunt,
1408 2565 1551 2602 urbem
1578 2569 1618 2602 et
1643 2528 1709 2601 Eo—

213 2617 364 2652 minum
399 2615 628 2661 frequentia
665 2617 704 2650 et
739 2614 925 2650 omnibus
960 2614 1007 2649 iis
1038 2614 1171 2659 rebus,
1211 2623 1317 2660 quae
1349 2613 1483 2649 bonae
1507 2613 1708 2657 dicuntur,

213 2665 381 2700 felicem.
431 2664 519 2706 Quo
547 2673 619 2699 rex
646 2660 857 2698 Sebastiae
885 2662 1047 2707 cognito
1067 2665 1106 2697 et
1124 2661 1210 2707 ipse
1227 2662 1304 2697 iter
1329 2660 1471 2697 eodem
1491 2659 1707 2703 contendit,
1722 2661 1744 2695 (ἱ

212 2715 258 2748 ut
271 2712 406 2748 hostes
420 2720 588 2747 aversos
606 2709 914 2756 aggrederetur.
964 2708 1113 2744 Verum
1132 2709 1318 2744 nuntiata
1336 2708 1460 2744 Iconii
1481 2709 1709 2743 vastatione
1722 2708 1743 2744 ’ἲ

214 2763 254 2795 et
278 2758 504 2795 Turcorum
538 2767 655 2794 suum
689 2757 909 2793 adventum
941 2757 1167 2792 timentium
1201 2756 1392 2799 discessu,
1431 2765 1606 2801 magnae
1631 2754 1709 2791 An-

213 2807 387 2843 tiochiae
413 2806 505 2842 duci
525 2804 771 2849 Chataturio‚
798 2803 1072 2839 Romanarum
1091 2803 1297 2850 legionum
1317 2806 1432 2849 parte
1450 2802 1582 2847 missa,
1601 2813 1710 2838 man-

0 2857 10 2894 }
215 2854 338 2898 davit,
379 2856 425 2889 ut
459 2853 511 2889 ad
543 2852 858 2899 Mopsuhestiam
893 2852 1049 2887 veniret
1084 2854 1124 2887 et
1154 2850 1310 2887 Turcos
1344 2850 1434 2886 illac
1469 2851 1710 2886 transituros

0 2896 6 2918 ἶ
214 2901 522 2949 aggrederetur.
573 2899 761 2938 Ceterum
779 2899 924 2944 hostes,
951 2908 1041 2935 eum
1060 2897 1101 2935 in
1119 2898 1236 2935 Tarsi
1262 2898 1469 2945 planitiem
1493 2898 1746 2944 venissent‚8

0 2635 19 2659 's
0 2338 25 2586 z‘mt-Rmaezbbaev
7 2266 26 2327 ffl‘
0 2181 26 2218 ³2?
0 2132 27 2168 „VJ
15 2068 18 2070 ⁴
8 2005 29 2034 Αἱ.
7 1908 30 1988 „w
11 1878 14 1888 ⁴.
12 1816 14 1821 ι
