2054 3282
352 246 422 284 342
709 246 889 284 ZONAR.
917 245 1047 282 EPIT.
1074 244 1146 281 XV
1172 244 1228 290 22,
1254 243 1406 290 36—23,
1434 244 1489 281 13.

142 374 260 410 WlII
270 374 337 410 111
352 369 500 423 ἀρχήν,
541 370 588 415 ὃς
621 368 671 422 δὴ
705 368 888 423 λοχήσας
919 366 990 408 καὶ
1019 365 1091 408 τὸν
1121 370 1182 420 τῷ
1211 366 1404 420 τυράννῳ
1437 367 1725 422 εἷσποιηθέντα
1755 367 1847 411 υἱὸν

352 437 576 491 κατασχὼν
608 437 762 477 ἀνεῖλεν
794 435 937 481 εὐθύς.

281 505 337 548 23
471 505 707 559 Γενόμενος
739 502 775 545 δ’
811 505 854 545 ἓν
885 508 934 558 τῇ
972 502 1138 558 Θρᾴκῃ,
1171 503 1232 549 ὡς
1264 504 1429 558 εἴρηται,
1462 504 1486 544 ὁ
1523 503 1686 558 Θωμᾶς
1715 521 1846 560 προσ-

316 574 593 628 2τιθεμένους
637 573 752 626 αὐτῷ
794 572 891 618 τοὺς
939 572 1181 626 ξύμπαντας
1225 572 1411 626 ἔσχηκεν.
1487 570 1611 618 αὖθις
1656 572 1732 615 οὗν
1774 578 1847 616 τοῦ

306 642 555 696 Ββασιλέως
593 641 698 682 κατά
736 657 778 682 τε
810 645 886 695 γῆν
918 641 1034 695 αὐτῷ
1067 641 1347 695 συμμίξαντος
1378 640 1449 682 καὶ
1480 640 1586 682 κατὰ
1617 642 1884 691 θ’άλασσαν,5

350 710 422 751 καὶ
453 711 587 763 ἄμφω
616 709 688 754 τὰς
710 707 899 762 στρατιὰς
921 708 944 749 ὁ
966 709 1169 763 τύραννος
1192 708 1395 763 ἐτρέψατό
1416 725 1458 750 τε
1479 709 1549 750 καὶ
1575 709 1847 760 διεσκέδασεν,

350 778 623 831 υῖοθετήσατο
664 774 700 818 δ’
741 778 891 830 ἕτερον,
935 781 1008 818 τοῦ
1049 777 1223 831 πρώτου
1267 778 1531 831 κτανθέντος,
1576 778 1638 824 ὡς
1680 779 1847 833 εἴρηται,

345 845 611 887 Ἀναστάσιον
630 845 708 899 μὲν
730 846 1005 899 καλούμενον,
1037 845 1228 900 μοναχὸν
1251 843 1287 887 δ’
1314 846 1426 900 ὄντα,
1450 846 1520 887 καὶ
1541 846 1587 888 τὸ
1608 846 1686 900 μὲν
1707 851 1849 902 σχῆμα

350 913 396 955 τὸ
428 914 545 955 θεῖον
575 913 911 968 ἀποδυσάμενον,
946 914 1095 969 στολὴν
1128 914 1172 956 δὲ
1203 914 1411 969 κοσμικὴν
1440 915 1899 969 μεταμφιασάμενον.1)
1918 917 1976 952 III
1989 917 2045 953 39⁴.

315 983 393 1028 3ἕς
423 986 546 1031 τοῦτρ
580 980 616 1023 δ’
651 981 751 1037 ἧκεν
783 983 961 1037 ἀπορίας
983 983 1007 1024 ὁ
1030 982 1202 1037 Μῖιχαὴλ
1225 983 1286 1029 ὡς
1308 983 1483 1038 σιδηρᾶν
1509 984 1680 1025 ἐκτεῖναι
1711 983 1851 1038 σειρὰν
1865 989 1910 1024 10

349 1052 396 1099 ἐξ
426 1051 702 1105 ἀκροπόλεως
732 1053 789 1097 εἷς
819 1051 865 1093 τὸ
897 1049 986 1092 κατ’
1021 1052 1240 1104 ἀντιπέραν
1271 1052 1494 1106 πολίχνιον,
1527 1049 1576 1093 ἵν’
1601 1052 1734 1106 ἄβατα
1767 1056 1851 1099 τοῖς

314 1122 422 1161 4τοῦ
461 1119 667 1173 τυράννου
707 1120 950 1174 φυλάττοιτο
988 1119 1037 1161 τὰ
1077 1119 1201 1166 ἐντός.
1264 1117 1350 1161 ἀλλ’
1390 1120 1413 1161 ὁ
1451 1119 1613 1175 Θωμᾶς
1652 1121 1762 1175 ὁμοῦ
1800 1125 1851 1175 τῇ

350 1188 467 1229 πόλει
497 1189 732 1243 προσέβαλε
763 1188 868 1229 κατὰ
902 1193 978 1243 γῆν
1009 1205 1050 1230 τε
1082 1188 1153 1229 καὶ
1183 1187 1289 1229 κατὰ
1318 1189 1549 1243 θάλασσαν,
1582 1188 1656 1243 τὴν
1677 1189 1852 1244 σιδηρᾶν

351 1257 510 1311 ἐκείνην
548 1258 680 1311 ῥᾷστα
723 1258 952 1311 διαρρήξας
991 1258 1144 1311 σειράν,
1189 1257 1260 1298 καὶ
1291 1259 1412 1312 ᾠέτο,
1457 1259 1495 1299 εἰ
1521 1258 1654 1312 μόνον
1685 1258 1850 1312 φανείη,

350 1325 446 1372 τοὺς
490 1327 533 1367 ἒν
570 1330 620 1380 τῇ
659 1326 775 1367 πόλει
816 1325 881 1367 διαὶ
913 1326 987 1380 τὴν
1017 1325 1125 1380 πρὸς
1156 1325 1227 1368 τὸν
1258 1331 1490 1381 κρατοῦντα
1523 1327 1750 1381 ἀπέχθειαν
1780 1326 1848 1368 εὗ-
1865 1329 1909 1366 15

263 1396 291 1433 C
317 1396 339 1432 5
353 1398 458 1448 χερῆ
488 1394 562 1448 τὴν
593 1394 756 1436 εἴσοδον
788 1395 904 1448 αὐτῷ
935 1399 1173 1449 παρασχεῖν.
1237 1396 1324 1437 ἐπεὶ
1346 1393 1382 1437 δ’
1407 1396 1677 1451 ἐρρωμένους
1698 1396 1850 1449 εὕρηκε

352 1462 449 1508 τοὺς
481 1462 595 1509 ἐντὸς
625 1462 734 1517 πρὸς
769 1462 843 1516 τὴν
881 1467 953 1517 τῆς
990 1463 1155 1510 πόλεως
1194 1464 1389 1519 φυλακὴν
1432 1464 1502 1506 καὶ
1544 1467 1629 1505 τῶν
1672 1464 1852 1505 ἐλπίδων

353 1530 557 1585 ἐψεύσθη,
601 1531 691 1572 τότε
730 1530 808 1585 μὲν
845 1532 1088 1586 ἀνεχώρησε
1126 1531 1197 1573 καὶ
1235 1533 1424 1588 βάλλεται
1463 1533 1631 1588 χάρακα
1668 1531 1774 1573 κατὰ
1804 1531 1851 1573 τὸ

352 1603 438 1641 τῶν
469 1600 601 1642 θείων
616 1600 890 1655 Ἀναργύρων
923 1601 1147 1654 ἱερώτατον
1178 1601 1362 1655 τέμενος·
1396 1601 1419 1642 ὁ
1441 1601 1568 1648 τόπος
1591 1600 1705 1643 δὲτὰ
1726 1600 1849 1643 ΙΙαυ-

424 1785 446 1821 5
472 1800 506 1820 τε
526 1796 599 1821 om.
621 1785 664 1828 Ο,
692 1796 730 1820 v.
745 1786 797 1821 ad
811 1786 903 1822 XIV
917 1786 974 1830 21,
990 1786 1033 1821 11
1133 1788 1366 1831 συμμίξαντος
1387 1786 1532 1832 AEwp,
1558 1788 1803 1833 μαχεσαμένου
1818 1787 1850 1824 Ο

425 1834 446 1869 7
472 1834 709 1879 υἱοθεθήσατο
728 1833 776 1879 p*
795 1834 932 1869 invitis
950 1834 1059 1869 ARW
1148 1835 1170 1869 8
1196 1836 1277 1870 ὄντα
1303 1835 1341 1870 δὲ
1365 1835 1522 1880 μοναχὸν
1549 1835 1580 1870 O
1656 1836 1688 1871 8.
1705 1836 1726 1870 9
1751 1837 1850 1871 θεῖον

423 1887 542 1926 σχῆμα
566 1881 597 1915 Β
674 1881 720 1916 10
745 1882 794 1920 εἰς
820 1881 866 1926 D,
895 1893 930 1916 v.
958 1882 1010 1916 ad
1028 1882 1120 1918 XIV
1140 1882 1260 1927 1214
1335 1884 1390 1918 10.
1418 1883 1462 1918 13
1488 1884 1637 1928 σιδηρᾶν
1662 1882 1847 1929 stpDz',

423 1928 571 1974 σιδηρᾶν
596 1927 697 1965 ΑΟΕ
814 1930 857 1964 11
888 1943 1119 1974 κατατιπεραν
1146 1931 1306 1975 punctis
1332 1934 1516 1966 notatum
1542 1931 1574 1965 E
1689 1931 1734 1966 13
1758 1931 1849 1967 κατὰ

423 1980 518 2012 aute
543 1977 622 2012 θαλ.
652 1987 725 2012 om.
754 1976 916 2022 prDi
1049 1978 1222 2013 θάλατταν
1249 1978 1280 2012 Β
1428 1978 1471 2014 15
1497 1978 1575 2017 τοὺς
1599 1979 1636 2014 ἒν
1662 1989 1737 2014 om.
1763 1979 1800 2013 D

469 2024 676 2069 ἀπέχθησαν
703 2024 749 2068 D,
780 2035 879 2060 corr.
907 2024 975 2063 Dw
1092 2026 1135 2060 16
1161 2025 1361 2070 ἐρωμένους
1386 2026 1422 2060 D
1535 2027 1579 2061 18
1603 2027 1745 2071 χάρακα
1772 2037 1846 2062 om.

422 2071 470 2114 D,
497 2072 626 2117 suppl.
654 2071 722 2110 Dw
819 2072 856 2107 τὸ
881 2071 1050 2118 prDi,
1080 2073 1203 2108 om.A
1305 2074 1348 2108 19
1375 2074 1561 2119 ἱερώτατον
1588 2085 1662 2110 om.
1681 2074 1712 2109 E
1808 2073 1849 2110 τὰ

421 2118 502 2165 ΑΕ,
528 2125 590 2155 τοῦ
617 2119 727 2166 pr,
754 2131 791 2155 v.
820 2120 934 2157 Cedr.
962 2119 1154 2166 (Scylitz.)
1181 2121 1218 2155 11
1247 2132 1284 2167 p.
1310 2121 1366 2166 81,
1393 2122 1415 2156 9

288 2297 334 2332 36
348 2298 517 2343 niacam,
545 2300 610 2334 cui
633 2298 827 2335 Olbianus
852 2300 1072 2345 imperator
1098 2303 1295 2345 praeerat,
1324 2300 1392 2346 qui
1419 2301 1581 2346 tyranni
1609 2301 1846 2346 adoptivum

347 2346 471 2381 filium
497 2347 652 2382 insidiis
679 2350 894 2392 exceptum
921 2348 1052 2382 statim
1081 2348 1252 2383 sustulit.

466 2393 522 2429 23.
574 2393 673 2430 Cum
715 2394 901 2438 Thomas
940 2398 985 2430 ut
1029 2395 1177 2430 dictum
1218 2398 1287 2439 est,
1327 2396 1368 2430 in
1407 2395 1619 2429 Thraciam
1658 2395 1844 2439 venisset,

311 2440 487 2477 2omnes
513 2442 566 2476 ad
593 2452 684 2477 eum
711 2452 754 2478 se
780 2442 1049 2478 contulerunt.
1100 2442 1243 2487 Itaque
1269 2453 1408 2488 regem
1435 2443 1570 2477 denuo
1596 2444 1704 2477 terra
1730 2444 1845 2477 mari-

347 2499 426 2534 que
453 2490 558 2534 vicit,
593 2490 818 2535 profligatis
854 2490 1013 2526 duobus
1046 2491 1290 2526 exercitibus
1321 2491 1427 2525 etin
1453 2490 1520 2524 filii
1546 2490 1689 2534 locum,
1725 2500 1844 2535 quem

346 2539 535 2571 necatum
562 2538 687 2572 fuisse
715 2538 900 2581 diximus,
937 2538 1108 2573 alterum
1134 2538 1355 2583 adopt-avit,
1386 2538 1548 2572 nomine
1573 2536 1844 2582 Anastasium,

310 2583 332 2618 3
347 2584 415 2628 qui
435 2594 550 2619 sacro
569 2585 756 2620 monaehi
775 2585 916 2620 habitu
934 2586 1091 2620 abiecto
1112 2585 1269 2620 civilem
1294 2588 1536 2630 sumpserat3
1563 2587 1602 2620 et
1621 2585 1672 2619 ad
1691 2588 1844 2620 tantam

346 2631 505 2677 redegit
531 2630 765 2667 Michaelem
793 2632 1127 2678 desperationem,
1160 2635 1204 2667 ut
1237 2633 1371 2668 ferrea
1404 2635 1548 2667 eatena
1581 2643 1632 2667 ex
1665 2633 1843 2678 acropoli

346 2678 398 2713 ad
425 2679 661 2724 oppidulum
689 2681 917 2725 oppositum
944 2683 1108 2716 extenta
1134 2683 1351 2725 tyrannum
1382 2680 1597 2725 prohibere
1628 2683 1844 2715 conaretur

309 2725 450 2762 4intro
489 2729 715 2771 penetrare.
766 2726 846 2763 Sed
881 2727 1055 2763 Thomas
1093 2730 1202 2763 terra
1236 2728 1419 2772 marique
1457 2727 1573 2762 simul
1611 2728 1764 2772 impetu
1801 2728 1843 2763 in

344 2773 487 2808 urbem
508 2775 614 2809 facto
641 2775 790 2820 illaque
817 2778 961 2810 eatena
986 2775 1173 2810 facillime
1198 2779 1318 2820 rupta
1337 2775 1516 2820 putabat,
1543 2775 1575 2809 si
1602 2775 1653 2809 ab
1679 2775 1842 2820 oppida-

345 2821 406 2855 nis
433 2824 589 2856 tantum
617 2823 928 2867 conspiceretur,
965 2823 1052 2858 fore
1079 2822 1153 2858 sibi
1181 2823 1231 2858 ob
1258 2823 1511 2868 imperatoris
1538 2822 1673 2857 odium
1700 2825 1842 2867 aperta

309 2866 490 2903 boninia.
542 2868 641 2904 Cum
674 2873 808 2905 autem
836 2871 945 2906 viros
973 2871 1097 2906 fortes
1123 2880 1166 2905 se
1192 2870 1445 2915 praeberent,
1486 2870 1553 2914 qui
1587 2870 1727 2904 urbem
1758 2872 1841 2905 tue-

344 2918 495 2960 rentur,
527 2926 599 2961 spe
625 2917 804 2953 deiectus
831 2921 914 2953 tum
942 2918 1105 2963 quidem
1131 2918 1297 2954 recessit
1322 2928 1370 2953 ac
1397 2917 1546 2952 vallum
1568 2918 1711 2952 muniit
1734 2918 1841 2953 eirca
