2054 3282
353 268 423 306 690
726 268 907 306 ZONAR.
934 267 1064 304 EPIT.
1090 267 1223 304 XVIII
1250 268 1304 314 11,
1333 268 1483 307 12—28.

355 390 557 445 τεύματος
595 390 717 446 ἀπῄει
757 390 822 431 διὰ
865 390 1085 443 δυσβάτων
1123 390 1239 431 ὁδῶν
1275 391 1346 432 καὶ
1382 391 1509 444 ὀρῶν,
1556 392 1720 446 φθάσαι
1749 392 1846 440 τοὺς

293 463 338 499 13
352 459 535 514 ἐχθροὺς
573 459 846 512 ἐπειγόμενος.
910 458 970 503 ὡς
1009 456 1085 498 οὗν
1122 459 1262 504 αὐτοῖς
1301 460 1482 514 ἐπῆλθεν
1521 460 1740 516 ἀδόκητος,
1788 463 1845 508 εἷς

349 529 494 569 πτοίαν
526 527 716 581 ἐνέβαλεν
747 528 943 573 ἅπαντας,
990 526 1061 567 καὶ
1100 526 1209 580 πρὸς
1254 527 1445 582 δρασμὸν
1487 529 1658 570 ἀπεῖδον
1700 530 1843 584 εὐθύς,

350 596 478 637 αὑτοῦ
522 611 604 636 που
648 593 939 639 καταλιπόντες
983 594 1055 635 καὶ
1097 594 1171 649 τὴν
1214 595 1325 637 λείαν
1368 596 1439 637 καὶ
1476 596 1550 651 τὴν
1589 597 1843 653 ἀποσκευήν.

77 668 276 704 ΡΙΙ279Λ
293 668 336 703 14
349 663 496 718 φθορὰ
527 663 605 717 μὲν
638 662 713 703 οὗν
743 666 828 703 τῶν
859 662 1093 716 βαρβάρων
1125 663 1175 704 οὐ
1207 664 1317 705 πάνυ
1359 681 1392 706 τι
1433 666 1589 719 γέγονε,
1636 669 1721 707 τῶν
1750 667 1880 721 περὶ5

348 732 419 773 τὸν
449 731 619 786 βασιλέα
651 730 970 772 κεκοπιακότων
1002 731 1048 772 ἐκ
1088 736 1160 786 τῆς
1192 731 1436 786 ὁδοιπορίας
1475 733 1546 774 καὶ
1576 734 1635 789 μὴ
1670 735 1773 776 οἵων
1802 751 1844 777 τε

291 805 335 840 15
350 800 484 841 ὄντων
517 799 683 840 διώκειν
714 799 780 840 ἐπὶ
810 799 931 840 πολύ.
995 800 1035 841 οἳ
1064 801 1204 854 μέντοι
1235 800 1466 854 ληφθέντες
1495 803 1752 856 αἰχμάλωτοι
1773 803 1845 845 καὶ

290 874 335 908 16
348 869 390 909 εἴ
412 884 446 908 τι
478 868 617 921 ἕτερον
649 868 833 922 ἐπλήρου
855 867 929 922 τὴν
950 868 1073 921 λείαν,
1108 868 1327 923 ξύμπαντα
1350 869 1634 924 ἠλευθέρωτο.
1683 871 1844 913 ἐκεῖθεν

347 940 419 990 τῆς
450 935 558 990 πρὸς
589 936 751 990 Συρίαν
782 937 924 990 ἥψατο
957 937 1202 991 ἂπαγούσης
1234 937 1304 978 καὶ
1336 938 1531 992 φάλαγγα
1563 939 1641 993 μὲν
1672 940 1730 985 εἰς
1750 939 1842 981 Με-

347 1004 510 1059 λιτηνὴν
542 1005 833 1058 ἐξαπέστειλεν,
882 1004 1007 1050 αὐτὸς
1040 1005 1084 1046 δὲ
1116 1006 1172 1051 εἰς
1204 1005 1251 1047 τὸ
1283 1005 1432 1047 Χάλεπ
1463 1007 1656 1062 ὁρμήσας
1685 1008 1904 1062 πολλὴνῙΟ

289 1079 333 1115 17
348 1074 537 1127 ἀπήγαγε
579 1074 690 1114 λείαν
734 1074 982 1127 ἀνθρώπων
1027 1074 1098 1114 καὶ
1142 1073 1271 1128 ζῴων
1318 1074 1470 1116 ἄλλων.
1547 1076 1745 1118 κάκεῖθεν
1787 1077 1844 1123 εἷς

343 1141 569 1196 Ἱεράπολιν
590 1146 662 1196 τῆς
682 1141 844 1196 Συρίας
867 1142 1025 1196 ἐγένετο
1038 1153 1047 1163 “
1081 1142 1152 1183 καὶ
1173 1143 1411 1197 πολιορκεῖν
1433 1143 1695 1198 ἐπιχειρήσας
1715 1145 1844 1199 αὐτὴν

288 1217 334 1251 18
348 1210 550 1264 ὁμολογίᾳ
581 1210 655 1264 τὴν
675 1211 794 1252 πόλιν
816 1211 1062 1265 παρέλαβεν.
1115 1210 1197 1252 εἶτα
1220 1215 1305 1252 τῶν
1326 1212 1561 1266 βαρβάρων
1582 1213 1844 1267 ἐπιθεμένων

345 1280 461 1333 μέρει
492 1283 564 1333 τῆς
590 1278 831 1333 Ῥωμαϊκῆς
864 1283 1053 1333 στρατιᾶς
1074 1280 1143 1321 καὶ
1167 1280 1431 1334 ἡττησάντων
1452 1280 1566 1335 αὐτό,
1601 1281 1738 1327 οὐδεὶς
1758 1285 1843 1323 τῶν

347 1347 486 1389 ἄλλων
525 1348 581 1393 εἷς
619 1348 862 1401 ἐπικουρίαν
900 1351 985 1388 τῶν
1022 1344 1276 1402 ἡττωμένων
1316 1350 1508 1402 γενέσθαι
1538 1350 1840 1405 προεθυμήθη.
1858 1359 1902 1394 15

288 1416 372 1457 196
405 1416 452 1457 δέ
483 1432 527 1470 γε
557 1416 748 1471 βασιλεὺς
779 1417 901 1458 ἔνδον
931 1421 1003 1471 τῆς
1035 1417 1269 1463 ἑαλωκυίας
1298 1417 1464 1463 πόλεως
1492 1419 1555 1459 ὢν
1575 1417 1647 1459 καὶ
1666 1418 1713 1460 τὸ
1735 1429 1891 1473 συμ-Ι)
1911 1429 1965 1466 IV
1982 1429 2054 1466 208

301 1484 427 1538 Ββὰν
444 1485 659 1539 ἐγνωκώς,
691 1486 895 1540 ταχύτατα
926 1485 1030 1540 μετὰ
1063 1489 1146 1527 τῶν
1176 1485 1270 1539 περὶ
1307 1485 1434 1527 αὐτὸν
1465 1487 1522 1532 εἰς
1553 1486 1727 1541 ἀρωγὴν
1757 1491 1842 1530 τῶν

285 1561 334 1595 20
347 1554 589 1608 ἡττημένων
627 1554 862 1608 ἐξώρμησε.
923 1553 1083 1608 μαθὼν
1123 1553 1167 1595 δὲ
1207 1554 1231 1595 ὅ
1269 1558 1343 1596 τοῦ
1380 1554 1531 1596 Χάλεπ
1571 1556 1843 1610 ἡγεμονεύων

345 1621 420 1675 τὴν
450 1625 535 1663 τῶν
562 1621 785 1676 Ῥωμαίων
816 1620 940 1676 ἧτταν
970 1623 1203 1676 προσέθετο
1231 1623 1302 1664 καὶ
1324 1623 1451 1670 αὐτὸς
1472 1628 1557 1670 τοῖς
1578 1625 1715 1670 ἄλλοις
1735 1625 1841 1680 βαρ-

345 1770 368 1804 8
392 1770 442 1804 ὅτι
468 1769 529 1804 καὶ
552 1769 640 1815 πρὸς
664 1770 801 1815 Συρίαν
826 1769 993 1815 ὥρμησεν
1018 1771 1039 1804 ὁ
1061 1770 1223 1816 βασιλεὺς
1253 1771 1314 1806 καὶ
1348 1771 1410 1817 τὴν
1430 1772 1624 1817 Ἱεράπολιν
1650 1772 1751 1819 ἔλαβε
1780 1772 1841 1808 καὶ

345 1817 428 1856 τοὺς
452 1818 650 1856 Χαλεπίτας
675 1818 846 1863 ἐτρέψατο
874 1818 936 1853 OE

418 1949 436 1983 1
464 1949 524 1984 καὶ
543 1950 626 1984 init.
646 1960 749 1985 vers.
769 1959 844 1984 om.
859 1949 890 1984 E
988 1949 1010 1984 2
1035 1950 1186 1996 ἐπῆλθεν
1200 1950 1368 1996 Βννρῦἱ,
1395 1951 1551 1997 ἀπῆλθεν
1567 1950 1602 1986 Α
1691 1952 1713 1987 3
1738 1965 1840 1996 προς-

417 1996 589 2041 δρασμὼν
615 1997 650 2031 D
736 1997 759 2032 4
784 1997 957 2032 αὐτούπου
984 1997 1071 2043 wssp
1098 1999 1234 2033 invitis
1260 1999 1331 2034 AR
1425 2000 1447 2034 8
1472 1999 1718 2044 ἡλευθέρωντο
1743 2000 1839 2045 Ewp

419 2045 461 2079 ll
488 2045 549 2080 καὶ
576 2043 744 2090 prDz',
771 2055 847 2080 01'1‘1.
874 2045 909 2079 A
1047 2045 1090 2080 14
1112 2047 1328 2093 Ῥωμαϊκῆς]
1353 2048 1539 2092 βασιλικῆς
1566 2046 1601 2081 D
1723 2047 1767 2082 15
1791 2048 1841 2085 εἷς

418 2091 599 2138 ’ἔδεῆωιείριάν
627 2092 666 2137 C,
694 2093 823 2139 suppl.
851 2092 912 2131 Cw
1053 2093 1256 2138 ἡττημένων
1282 2094 1396 2140 BSwp
1544 2095 1586 2130 17
1612 2094 1699 2140 μετὰ
1723 2100 1783 2140 τῆς
1808 2094 1839 2129 Β

420 2140 465 2174 18
490 2141 675 2185 ἡγεμόνων
700 2140 736 2174 D

346 2270 422 2306 bus
457 2271 507 2306 de
546 2272 729 2306 exercitu
762 2272 986 2317 assumptis,
1026 2283 1098 2317 per
1129 2272 1219 2307 loca
1256 2273 1367 2308 invia
1401 2276 1439 2308 ct
1477 2276 1659 2308 montosa
1686 2273 1840 2319 profici-

287 2317 333 2353 13
347 2319 481 2363 scitur,
523 2323 569 2354 ut
606 2319 741 2354 hostes
780 2322 1064 2355 anteverteret.
1115 2320 1223 2362 Quos
1262 2331 1312 2355 ex
1355 2321 1575 2366 improviso
1620 2331 1840 2367 aggressus

347 2367 624 2412 perterrefecit
663 2377 812 2411 omnes,
851 2370 895 2402 ut
925 2368 1057 2402 statim
1091 2371 1254 2413 arrepta
1284 2369 1385 2414 fuga
1410 2369 1490 2403 illic
1516 2372 1554 2403 et
1581 2369 1773 2414 praedam
1799 2372 1840 2403 et

287 2413 333 2448 14
346 2413 634 2459 impedimenta
652 2415 936 2460 relinquerent.
975 2415 1116 2463 Neque
1135 2419 1268 2450 tamen
1288 2416 1556 2451 barbarorum
1574 2426 1724 2462 magna
1742 2420 1839 2451 stra-

346 2471 419 2507 ges
458 2464 517 2496 est
558 2462 677 2501 edita,
721 2462 830 2507 quod.
867 2463 1011 2498 milites
1049 2464 1151 2508 regii
1189 2464 1333 2498 itinere
1370 2464 1530 2509 fatigati
1568 2464 1729 2509 longius
1769 2474 1838 2499 eos

288 2509 333 2544 15
347 2509 536 2554 persequi
568 2509 677 2544 haud
703 2513 935 2555 potuerunt.
986 2510 1144 2556 Captivi
1170 2514 1305 2546 tamen
1332 2514 1371 2546 et
1402 2512 1434 2546 si
1467 2511 1563 2556 quid
1590 2511 1699 2546 aliud
1726 2521 1838 2556 prae-

287 2557 333 2592 16
347 2557 438 2591 dam
474 2556 674 2601 explebat,
713 2558 754 2591 in
786 2557 1012 2592 libertatem
1045 2562 1199 2593 asserta
1233 2562 1327 2593 sunt
1359 2559 1504 2594 omnia.
1555 2559 1666 2593 Illinc
1696 2558 1838 2604 Syriae

346 2605 422 2639 iter
458 2604 678 2649 ingressuS‚
715 2605 919 2649 phalange
957 2615 1040 2640 una
1073 2605 1302 2641 Melitenam
1337 2607 1468 2650 missa,
1506 2607 1592 2651 ipse
1619 2605 1837 2651 Chalepum

288 2652 332 2688 17
346 2662 538 2697 magnam
577 2654 615 2686 et
654 2652 858 2687 hominum
898 2656 937 2688 et
976 2654 1239 2688 animantium
1275 2653 1469 2698 praedam
1506 2654 1686 2688 abduxit.
1738 2653 1838 2689 Inde

346 2698 592 2744 Hierapolim
612 2697 765 2744 Syriae,
786 2709 876 2734 culn
897 2701 1145 2736 obsidionem
1164 2704 1338 2746 pararet,
1365 2711 1437 2746 per
1456 2701 1699 2736 deditionem
1719 2701 1836 2746 capit.

288 2747 334 2782 18
347 2746 504 2782 Deinde
538 2756 628 2781 cum
654 2746 819 2781 barbari
842 2747 1114 2783 Romanarum
1147 2749 1355 2793 copiarum
1381 2752 1536 2793 partem
1567 2751 1835 2793 superassent,

287 2794 333 2830 19
346 2805 464 2830 nemo
490 2795 594 2829 inter
621 2796 777 2829 ceteros
802 2795 877 2829 illis
904 2805 1021 2840 opem
1047 2797 1153 2831 ferre
1179 2795 1350 2840 studuit3
1389 2796 1460 2830 sed
1492 2806 1562 2830 rex
1590 2796 1656 2831 illo
1687 2798 1837 2830 eventu

348 2842 523 2888 cognito,
549 2842 591 2876 in
618 2844 736 2886 capta
762 2842 864 2877 urbe
891 2842 1057 2887 degens,
1085 2853 1174 2878 cum
1202 2843 1284 2878 suis
1311 2843 1516 2878 celerrime
1543 2843 1659 2878 victis
1685 2842 1835 2877 auxilio

287 2889 334 2924 20
348 2890 469 2925 venit.
520 2888 684 2934 Chalepi
711 2891 845 2924 autem
872 2891 1114 2934 praefectus,
1140 2890 1413 2926 Romanorum
1440 2891 1554 2926 clade
1575 2891 1772 2932 nuntiata,
1797 2892 1837 2924 et

347 2938 434 2983 ipse
472 2947 562 2972 cum
602 2937 686 2972 suis
723 2937 848 2982 copiis
887 2936 938 2971 ad
970 2937 1166 2973 barbaros
1205 2938 1384 2982 descivit,
1425 2949 1593 2984 sperans
1625 2947 1667 2972 se
1698 2946 1836 2982 regem
