1968 3302
263 219 331 256 108
662 216 843 254 ZONAR.
871 215 1002 252 EPIT.
1029 214 1125 250 XIII
1150 213 1206 259 23,
1235 211 1362 250 7-23.

262 341 493 395 Λιόσκορος
523 339 600 388 λὰξ
630 345 692 394 τῷ
723 340 881 392 στέρνῳ
914 337 1087 390 ἔνέθορε
1107 340 1180 377 τοῦ
1203 336 1402 390 εὐσεβοῦς
1423 336 1581 378 ἐκείνου
1604 335 1759 390 ἀνδρὸς

260 410 331 451 καὶ
352 409 436 458 πὺξ
461 409 588 451 αὑτὸν
619 408 724 450 κατὰ
757 407 917 460 κόρρης
947 405 1114 446 τύπτων
1146 405 1225 446 οὐκ
1258 406 1411 459 ἀνῆκεν
1442 405 1525 451 ἕως
1554 410 1628 447 τοῦ
1661 421 1756 447 συν-

225 473 402 532 8εδρίου
435 479 640 532 ἕξώθησε.
705 475 775 517 καὶ
807 475 830 516 ὁ
862 474 940 528 μὲν
971 474 1087 526 ἅγιος
1117 473 1220 528 μετὰ
1252 475 1389 528 τρίτην
1419 475 1583 528 ἡμέραν
1615 475 1661 516 ἐκ
1687 479 1758 529 τῆς

259 551 332 588 τοῦ
366 547 536 600 στέρνου
568 546 728 599 πληγῆς
758 543 985 597 μετήλλαξε
1015 542 1089 597 τὴν
1121 543 1248 597 ζωήν,
1281 543 1325 583 ἓν
1357 543 1434 584 δύο
1467 543 1665 589 ἐνιαυτοῖς
1687 542 1760 585 τὸν

225 609 549 669 9ἀρχιερατικὸν
592 614 812 667 κοσμήσας
855 611 1015 664 θρόνον
1057 615 1130 665 τῆς
1172 612 1379 665 νεωτέρας
1411 611 1588 666 Ῥώμης.
1651 612 1675 653 ὁ
1713 611 1794 654 δὲ5

262 684 494 737 Λιόσκορος
523 682 620 728 τοὺς
652 683 740 724 ἐκεῖ
761 681 974 735 παρόντας
995 680 1248 726 ἐπισκόπους
1269 681 1625 735 ὑποσημήνασθαι
1646 681 1758 735 ἐβιά-

204 749 362 794 10σατο
399 758 460 806 τῷ
496 750 596 805 παρ’
637 751 766 791 αὐτοῦ
811 749 1015 791 ἒκτεθέντι
1059 749 1166 802 ὅρῳ·
1211 750 1236 803 ἡ
1271 748 1350 803 γὰρ
1387 753 1460 791 τοῦ
1494 750 1760 804 δηλωθέντος

211 817 465 875 Βεῦνούχου
500 820 714 862 δυναστεία
748 819 1000 873 στρατιώτας
1032 817 1234 863 ἐνόπλους
1265 818 1353 859 ἐκεῖ
1378 822 1568 871 παρεῖναι
1594 818 1760 873 ἐποίησε

202 887 245 920 11
260 889 331 930 καὶ
374 889 470 935 τοὺς
507 889 788 942 ἀντιλέγοντας
827 888 1034 941 ἐκφοβεῖν.
1097 886 1265 940 Δόμνος
1303 886 1348 928 δὲ
1385 887 1408 928 ὅ
1445 891 1518 941 τῆς
1547 886 1759 942 Ἀντιόχου

261 958 557 1012 ὑπεσημήνατο
593 957 671 1011 μὲν
714 956 785 998 καὶ
828 954 954 1001 αὐτὸς
998 955 1287 1009 συναρπαγείς,
1332 954 1415 996 εἶτα
1459 955 1642 1009 κατεβόα
1685 959 1759 997 τοῦ
1777 962 1822 997 10

203 1024 497 1079 1ῑῖΔιοσκόρου
529 1025 601 1067 καὶ
631 1025 702 1067 τὸν
734 1025 837 1078 ὅρον
870 1024 1079 1078 διέβαλλεν
1111 1024 1175 1070 ὡς
1201 1024 1390 1078 ἀσεβείας
1410 1024 1571 1077 μεστόν.
1632 1028 1945 1070 ταῦταΠΠΙ2

260 1094 420 1148 μαθὼν
451 1095 475 1135 ὅ
506 1093 698 1149 βασιλεὺς
720 1092 947 1138 Θεοδόσιος
977 1091 1048 1133 καὶ
1078 1092 1126 1133 τὰ
1157 1091 1262 1133 κατὰ
1283 1091 1355 1134 τὸν
1377 1091 1615 1146 Φλαβιανὸν
1636 1091 1760 1146 γνοὺς

204 1162 247 1197 13
262 1163 305 1204 ἒν
343 1163 485 1208 αἰτίαις
521 1163 720 1217 πεποίητο
756 1160 1118 1215 τόν’Χρυσάφιον
1155 1161 1226 1202 καὶ
1263 1162 1475 1215 ὠργίζετο.
1540 1161 1676 1207 δείσας
1714 1161 1759 1202 δὲ

262 1232 286 1272 ὃ
318 1230 551 1285 Διόσκορος
582 1231 827 1285 ὑποτίθησιν
861 1231 978 1284 αὐτῷ
1013 1234 1149 1271 πεῖσαι
1185 1229 1257 1271 τὸν
1292 1230 1461 1284 βασιλέα
1501 1229 1761 1284 πατριάρχην

265 1300 748 1346 Κωνσταντινουπόλεως
768 1299 1114 1353 προχειρίσασθαι
1129 1298 1364 1340 Ἃνατόλιον
1391 1297 1462 1340 τὸν
1494 1299 1622 1340 αὐτοῦ
1654 1299 1760 1340 ἀπο·
1778 1304 1821 1339 15

261 1369 503 1423 κρισιάριον,
538 1370 602 1410 ἵνα
634 1369 705 1410 καὶ
735 1367 806 1409 τὸν
827 1368 1000 1422 Εὐτυχῆ
1032 1368 1196 1422 δέξηται
1225 1367 1334 1420 πρὸς
1364 1367 1588 1409 κοινωνίαν
1618 1366 1688 1408 καὶ
1712 1366 1760 1407 τὰ

3 1439 81 1475 PII
90 1438 181 1474 44Α
204 1439 247 1474 14
262 1437 367 1478 κατὰ
389 1437 460 1479 τὸν
480 1438 692 1492 μακάριον
715 1436 953 1491 Φλαβιανὸν
974 1437 1092 1490 μείνῃ
1116 1436 1424 1490 ἀνεξερεύνητα.
1471 1436 1605 1477 πείθει
1625 1435 1762 1477 τοίνυν

262 1507 286 1547 ὃ
318 1507 512 1560 ἐκτομίας
542 1506 614 1548 τὸν
644 1506 827 1560 βασιλέα,
866 1505 1084 1559 εὐάγωγον
1116 1505 1228 1558 ὄντα,
1261 1504 1332 1546 καὶ
1362 1508 1649 1559 χειροτονεῖται
1679 1519 1760 1545 πα-

261 1575 460 1630 τριάρχης
491 1576 515 1617 ὅ
541 1574 789 1620 Ἁνατόλιος.

264 1717 306 1752 11
334 1718 384 1752 ὅτι
411 1722 472 1753 τοῦ
502 1718 703 1763 Φλαβιανοῦ
729 1717 899 1756 θανόντος
924 1716 1144 1762 πατριάρχης
1170 1716 1435 1761 κεχειροτόνητο
1458 1716 1649 1754 Ἆνατόλιος
1676 1714 1705 1751 C

335 1850 358 1885 2
383 1851 518 1894 κόρρης
535 1848 705 1895 prDZ,
731 1850 843 1893 κόρης
861 1847 968 1883 ABD
1066 1848 1088 1883 3
1115 1851 1209 1883 ante
1234 1849 1350 1893 τρίτην
1376 1847 1467 1883 add.
1495 1846 1557 1893 τὴν
1585 1847 1626 1889 Ε,
1653 1858 1690 1882 v.
1710 1846 1762 1881 ad

337 1898 434 1932 XIII
459 1897 516 1942 25,
544 1897 589 1932 12
685 1897 707 1932 5
733 1897 810 1935 νέας
837 1897 868 1931 Ε
965 1897 987 1932 6
1012 1896 1226 1935 ἐπισκόπους
1252 1921 1523 1931 ............
1550 1895 1762 1940 ἐπισημήνα-

338 1947 422 1980 σθαι
450 1946 480 1980 Ε
602 1945 623 1980 9
650 1946 670 1979 ὁ
693 1950 753 1989 τῆς
778 1944 942 1989 ἀντιόχου
969 1943 1013 1988 A,
1041 1945 1061 1979 ὁ
1086 1950 1144 1989 τῆς
1170 1944 1331 1988 ἃντιόχου
1357 1944 1494 1982 πόλεως
1519 1944 1691 1987 πρόεδρος
1718 1942 1761 1983 R,

337 1995 358 2028 ὅ
382 1999 441 2038 τῆς
467 1993 658 2037 ἄντιοχέων
682 1993 819 2031 πόλεως
843 1993 1016 2036 πρόεδρος
1042 1992 1144 2037 pr
1267 1992 1314 2026 10
1338 1991 1421 2036 εἶτα]
1449 1991 1531 2026 noli
1558 1991 1763 2026 inculcare

339 2041 388 2085 ὂὲ,
427 2052 464 2076 v.
491 2041 584 2076 XIV
611 2041 666 2084 13,
693 2041 750 2075 35.
782 2040 855 2075 XV
880 2039 937 2082 25,
963 2040 985 2075 3
1013 2042 1051 2074 ct
1077 2039 1398 2074 Baeumleinium
1432 2039 1585 2074 [Τηίους.
1612 2039 1675 2074 ab.
1700 2049 1761 2084 qr.

339 2089 449 2124 Part.
477 2087 684 2134 Stutgard.
712 2088 803 2124 1861
830 2099 867 2133 p.
897 2087 1004 2123 1700
1102 2087 1146 2122 16
1172 2088 1220 2126 εἰς
1246 2101 1336 2122 κοιν.
1362 2086 1395 2121 Β

229 2223 428 2273 8destitit,
468 2239 588 2274 quam
623 2228 791 2263 concilio
823 2228 1055 2273 expulisset.
1105 2227 1167 2262 Ita
1201 2237 1252 2263 ex
1286 2227 1460 2273 pectoris
1495 2227 1665 2262 vulnere
1698 2226 1763 2261 ille

266 2279 430 2312 sanctus
457 2279 548 2322 post
574 2276 678 2311 diem
705 2277 866 2311 tertium
893 2276 1018 2310 vitam
1045 2276 1185 2319 finivit,
1212 2285 1303 2310 cum
1321 2275 1359 2310 II
1385 2285 1458 2320 per
1483 2284 1611 2309 annos
1637 2275 1764 2319 ponti-

229 2319 409 2359 9ficatus
447 2334 581 2360 novae
611 2324 764 2359 Romae
800 2326 983 2359 ornasset
1015 2324 1215 2358 thronum.
1266 2322 1485 2358 Dioscorus
1518 2325 1653 2357 autem
1685 2322 1764 2367 epi-

207 2367 253 2401 10
266 2382 421 2417 scopOS‚
450 2373 519 2418 qui
537 2372 615 2407 illic
634 2372 816 2416 aderant,
846 2371 927 2417 legi
954 2382 978 2406 a
1004 2381 1047 2406 se
1070 2371 1190 2406 datae
1216 2371 1471 2405 subscribere
1494 2369 1644 2415 coegit3
1670 2380 1764 2404 nam

267 2420 454 2462 eunuchi,
493 2430 613 2464 quem
646 2419 1060 2463 commemoravimus,
1100 2421 1300 2464 potestate
1332 2418 1475 2453 milites
1507 2418 1650 2452 armati
1684 2417 1765 2451 illic

207 2462 251 2496 11
267 2467 409 2503 adesse
436 2468 533 2502 iussi
560 2470 676 2502 erant
701 2469 740 2502 et
759 2467 1023 2502 adversantes
1042 2469 1279 2512 perterrere.
1331 2464 1410 2501 Sed
1429 2465 1610 2500 Domnus
1629 2463 1766 2500 Antio-

267 2515 418 2550 chenus
447 2525 537 2550 cum
565 2517 603 2550 et
628 2516 715 2560 ipse
733 2518 944 2560 correptus
963 2514 1274 2559 subscripsisset,
1302 2515 1384 2548 tum
1404 2513 1605 2548 clamabat
1624 2516 1765 2547 contra

266 2562 506 2597 Dioscorum
543 2566 582 2597 et
616 2563 724 2597 illam
755 2563 887 2608 legem
920 2562 1221 2607 perstringebat
1248 2571 1335 2597 esse
1361 2561 1566 2606 impietate
1593 2560 1764 2605 plenam.

208 2605 253 2640 12
267 2609 423 2651 Quibus
455 2610 603 2645 auditis
637 2613 676 2646 et-
707 2609 891 2645 Flaviani
922 2609 1044 2644 rebus
1076 2609 1248 2654 cognitis
1275 2608 1527 2644 Theodosius
1561 2618 1675 2643 reum
1709 2608 1766 2642 fa-

208 2653 253 2688 13
268 2657 400 2692 ciebat
427 2657 722 2703 Chrysaphium
749 2659 868 2702 eique
892 2657 1156 2692 irascebatur.
1207 2655 1286 2692 Sed
1317 2656 1459 2702 plenus
1485 2657 1627 2691 timore
1653 2654 1766 2690 Dios-

268 2715 387 2740 corus
426 2705 675 2751 Chrysaphio
713 2705 870 2748 subicit,
908 2707 953 2740 ut
990 2705 1079 2749 regi
1118 2704 1375 2749 persuadeat,
1412 2706 1457 2738 ut
1495 2703 1765 2748 patriarcham

269 2751 522 2797 Cpolitanum
550 2754 674 2788 faeiat
698 2752 942 2797 Anatolium,
981 2752 1286 2798 apocrisiarium
1318 2761 1445 2795 suum,
1485 2751 1553 2796 qui
1581 2753 1619 2785 et
1646 2750 1766 2795 Euty-

269 2799 382 2835 chem
409 2801 577 2846 recipiat
604 2800 656 2835 ad
682 2801 914 2836 societatem
940 2809 1074 2844 neque
1101 2799 1151 2834 de
1177 2800 1299 2834 rebus
1317 2798 1500 2833 Flaviani
1519 2798 1627 2833 beati
1646 2807 1766 2843 quae-

210 2843 256 2879 14
269 2848 438 2882 stionem
457 2848 616 2883 habeat.
667 2847 892 2883 Persuadet
910 2847 1119 2882 eunuchus
1142 2847 1242 2893 reg-i,
1270 2846 1337 2892 qui
1365 2845 1483 2880 facile
1509 2845 1639 2892 potuit
1665 2845 1765 2891 regi,

271 2897 310 2930 et
336 2898 497 2930 creatur
523 2896 754 2941 patriarcha
780 2894 1003 2931 Anatolius.

1930 1997 1937 2004 .

1945 2271 1948 2278 .

1946 2426 1955 2444 ζ,

1952 2448 1964 2465 ἐ,

1954 2471 1966 2484 (¹

1950 2521 1962 2530 η

1947 2581 1950 2582 ’
1956 2581 1960 2591 l

1950 2757 1968 2787 {i

1950 2799 1968 2828 ,ἦ

1955 2825 1968 2852 ἕ.
