2054 3282
551 247 833 289 THEODOSII
858 246 1133 289 PRAESIDIS
1159 246 1378 288 SEDITIO.
1640 248 1711 288 655

220 373 368 429 ἐκείνῳ
399 373 854 428 ὖπεραπολογήσασθαι
889 377 963 415 τοῦ
1000 372 1156 428 ἀνδρὸς
1194 371 1477 428 ὡρμηκότων,
1523 369 1614 414 οὐδ’
1648 371 1712 414 ἐπ’

220 442 405 489 ἐκείνους
445 446 519 497 τῆς
561 441 743 497 γλώττης
785 442 976 497 ἐφείσατο
1020 442 1114 484 οὔτε
1154 440 1242 496 μὴν
1279 440 1406 484 αὐτὸν
1441 441 1604 496 ᾐδέσθη
1643 440 1716 482 τὸν

221 510 462 566 Κομνηνόν.
523 514 650 552 ταῦτα
681 509 778 557 τοὺς
809 510 1060 565 στρατιώτας
1090 511 1147 557 εἶς
1177 510 1366 565 ἀθυμίαν
1405 510 1587 564 ἐνέβαλε,
1630 513 1715 556 τοῖς
1729 515 1752 550 8

23 613 30 631 z
219 579 298 634 μὲν
328 579 467 626 ἄλλοις
497 578 811 635 φιλοτιμότατον
842 579 1032 633 ὁρῶντας
1061 577 1134 621 τὸν
1154 579 1340 634 Μιχαήλ,
1373 578 1513 625 αὐτοῖς
1535 577 1581 620 δὲ
1610 578 1713 633 μηδ’

17 642 31 646 ”
66 650 121 687 IV
139 650 207 686 184
221 649 265 690 ἒν
285 648 424 702 λόγοις
443 647 490 689 τὸ
512 648 680 703 εὐμενὲς
701 648 1029 702 ἐνδεικνύμενον,
1062 648 1184 702 ὅμως
1203 649 1343 703 μέντοι
1375 648 1551 703 ἐπέσχον
1581 647 1716 703 μηδέν

13 711 26 723 ”
219 733 254 759 τι
291 717 542 771 νεωτερίσαι,
587 716 689 758 ἀλλὰ
726 716 798 758 καὶ
838 717 1035 771 δευτέραν
1071 721 1220 772 πεῖραν
1259 717 1480 772 ἐπαγαγεῖν
1519 716 1714 772 ἐβουλεύ-

219 802 358 829 σαντο.

162 995 208 1031 10
219 993 331 1034 τίνου
367 995 441 1034 τοῦ
473 993 741 1047 Μονομάχου
780 992 1009 1047 ἐξάδελφος
1040 993 1065 1034 ὁ
1095 992 1306 1047 πρόεδρος
1342 992 1581 1040 Θεοδόσιος,
1625 992 1715 1047 ἄρτι

218 1065 292 1103 τοῦ
324 1060 496 1116 Μχαὴλ
527 1061 852 1116 ἀναρρηθέντος,
896 1061 940 1102 ἐν
977 1061 1102 1116 δεινῷ
1136 1061 1419 1116 ποιησάμενος
1448 1060 1523 1115 τὴν
1554 1061 1714 1102 ἐκείνου

219 1130 461 1184 ἀνάρρησιν,
492 1128 589 1176 τοὺς
620 1130 800 1176 οἰκείους
829 1130 1096 1183 θεράποντας
1125 1129 1472 1185 προσλαβόμενος
1503 1130 1578 1171 καί
1603 1145 1715 1176 τινας

219 1199 372 1245 ἄλλους
392 1197 482 1240 ὅσοι
503 1195 593 1240 κατ’
617 1199 775 1241 ἐκεῖνον
797 1199 1000 1254 ε’λαφρίαν
1031 1198 1205 1240 ἐνόσουν
1236 1201 1419 1253 φρενῶν,
1451 1197 1545 1252 περὶ
1578 1197 1715 1252 δείλην

221 1267 350 1322 ὀψίαν
381 1266 447 1309 διὰ
476 1271 549 1322 τῆς
579 1267 738 1322 ἀγορᾶς
768 1267 904 1322 ἀπῄει,
947 1267 1108 1314 τούτοις
1144 1266 1532 1321 δορυφορούμενος,
1577 1266 1716 1320 ἑαυτῷ

163 1347 207 1383 15
219 1336 447 1391 προσήκειν
476 1335 523 1378 τὸ
554 1335 710 1391 κράτος
739 1336 874 1390 λέγων
906 1335 972 1378 διὰ
1004 1335 1078 1391 τὴν
1105 1335 1214 1390 πρὸς
1234 1334 1306 1376 τὸν
1328 1334 1594 1390 Μονομάχον
1615 1350 1714 1388 συγ-

221 1406 379 1460 γένειαν
414 1404 486 1447 καὶ
522 1405 756 1447 ἀδικεῖσθαι
793 1405 1094 1460 ἐπιβοώμενος.
1159 1404 1382 1458 γενόμενος
1420 1403 1466 1445 δὲ
1504 1402 1610 1445 κατὰ
1641 1403 1716 1458 τὴν
1731 1409 1771 1444 11

219 1543 353 1597 ρήξας
386 1545 472 1588 τοῖς
502 1542 547 1583 ἐν
577 1542 682 1598 αὐτῇ
713 1543 1030 1597 καθειργμένοις
1063 1543 1207 1584 ἄνετον
1236 1542 1420 1597 παρέσχε
1450 1541 1525 1596 τὴν
1556 1541 1714 1590 ἔξοδον.

220 1689 243 1726 8
267 1689 457 1726 ἀποστασία
482 1693 543 1726 τοῦ
568 1690 792 1736 Μονομάχου
821 1690 1015 1727 Θεοδοσίου
1041 1689 1104 1726 CE

291 1826 316 1863 2
340 1827 503 1873 ἐφείσατο
528 1826 638 1874 pr,
666 1838 743 1864 om.
768 1826 873 1874 ADz‘,
899 1839 938 1865 v.
963 1827 1080 1865 Psell.
1108 1839 1144 1875 p.
1171 1828 1252 1873 211,
1278 1827 1301 1864 2
1409 1827 1433 1863 4
1456 1827 1590 1866 ἑαυτοῖς
1616 1826 1714 1873 pr

293 1875 316 1909 5
340 1879 432 1922 post
455 1875 722 1921 ἐνδεικνύμενον
747 1876 838 1912 add.
866 1886 972 1923 quae
998 1887 1123 1923 supra
1150 1877 1280 1912 omisit
1308 1877 1360 1918 (v.
1374 1876 1427 1911 ad
1442 1876 1573 1922 p.654,
1590 1876 1649 1918 19)
1667 1875 1714 1919 D,

293 1924 366 1959 sed
397 1924 510 1959 initio
542 1924 810 1970 supplementi
843 1924 966 1960 habet
998 1926 1059 1960 καὶ
1084 1924 1168 1960 οὐδὲ
1193 1925 1334 1970 ὕβρεων
1360 1923 1447 1968 πρὸς
1472 1923 1598 1962 αὐτοὺς
1623 1923 1715 1968 ἐφεί-

293 1984 389 2016 σατο,
415 1972 528 2007 exitu
552 1971 711 2018 ἐνέβαλεν
846 1972 869 2008 6
892 1978 1094 2018 νεωτερῖσαι
1122 1973 1209 2016 (sic)
1232 1973 1279 2016 A,
1306 1982 1342 2007 V.
1370 1971 1422 2007 ad
1449 1970 1559 2007 XVII
1585 1971 1643 2012 27,
1671 1971 1716 2005 10

340 2019 528 2064 εῖςαγαγεῒν
554 2019 584 2055 C
679 2020 713 2055 8.
727 2019 750 2055 9
773 2019 946 2065 προτέραν
971 2020 1004 2055 δ’
1029 2021 1051 2054 ὁ
1073 2021 1175 2065 λόγος
1199 2020 1318 2064 ἑτέραν
1343 2018 1432 2054 κατὰ
1461 2024 1520 2054 τοῦ
1544 2019 1716 2065 βασιλέως

293 2067 527 2112 διηγησάσθω
544 2071 607 2103 νῦν
623 2066 866 2103 ἐπανάστασιν·
895 2068 956 2103 καὶ
974 2069 1088 2107 οὕτως
1114 2068 1220 2109 (οὕτω
1239 2067 1340 2113 w²¹‘p)
1363 2066 1451 2111 πρὸς
1477 2066 1539 2112 τὴν
1564 2071 1634 2101 τῶν
1659 2065 1716 2101 ἀν-

292 2115 390 2159 δρῶν
414 2115 547 2150 τούτων
570 2114 827 2151 ε’πανελεύσεται
845 2114 974 2162 Bpr
1072 2117 1094 2151 9
1119 2115 1185 2161 γὰρ
1211 2125 1285 2150 om.
1314 2114 1376 2151 BC
1475 2115 1515 2148 11
1544 2114 1717 2159 ἀρρηθέν·

293 2176 350 2202 τος
375 2162 411 2197 D
511 2163 555 2198 14
579 2163 710 2202 τούτοις
736 2173 812 2199 om.
839 2163 875 2198 D
974 2163 1018 2199 17
1044 2164 1208 2209 κέκτηται
1236 2162 1283 2207 D,
1308 2163 1438 2208 λέγεται
1468 2161 1497 2196 Β

222 2306 309 2343 eius
334 2306 527 2352 collegae,
554 2305 752 2342 hominem
781 2306 987 2343 defensuri
1015 2310 1160 2351 essent,
1193 2316 1243 2342 ne
1272 2309 1414 2341 contra
1440 2305 1526 2341 ilios
1553 2305 1714 2351 quidem

221 2354 386 2401 linguae
418 2354 652 2390 moderatus
683 2358 754 2390 aut
786 2356 916 2401 ipsum
944 2354 1190 2391 Comnenum
1220 2355 1420 2389 reveritus
1446 2358 1516 2389 est.
1569 2354 1625 2388 Ea
1652 2355 1752 2390 res8

220 2402 388 2438 militum
410 2402 566 2438 animos
585 2401 741 2447 deiecit,
768 2403 835 2448 qui
855 2402 1101 2446 Michaelem,
1130 2403 1170 2437 in
1198 2406 1353 2437 ceteros
1381 2401 1715 2444 liberalissimum,

219 2460 263 2485 se
287 2459 341 2486 ne
366 2450 584 2485 verborum
612 2449 774 2495 quidem
802 2451 1054 2496 benignitate
1085 2450 1246 2495 dignari
1273 2449 1468 2492 viderent,
1508 2458 1640 2494 neque
1661 2452 1716 2484 ta-

219 2507 310 2533 men
337 2497 390 2533 ad
415 2507 479 2533 res
504 2497 718 2533 novandas
744 2499 933 2534 concitati
953 2502 1056 2542 sunt,
1084 2498 1318 2543 priusquam
1339 2496 1473 2532 denuo
1494 2496 1717 2542 perieulum

219 2545 308 2581 eius
334 2546 525 2580 facerent.

339 2591 419 2629 Sed
451 2596 669 2638 antequam
701 2592 753 2629 ad
786 2593 942 2629 illorum
977 2593 1214 2628 seditionem
1242 2593 1414 2635 veniam,
1456 2591 1558 2627 nlius
1585 2594 1752 2628 motus9

223 2687 360 2723 dosius
384 2698 559 2734 praeses.
585 2687 788 2724 Michafflis
815 2688 1137 2733 designationem
1164 2698 1288 2733 aegre
1315 2688 1460 2731 ferens,
1490 2687 1623 2722 statim
1650 2687 1717 2722 mi—

223 2736 357 2771 nistris
382 2736 466 2771 suis
491 2737 705 2782 assumptis
732 2741 771 2772 et
799 2736 1002 2771 nonnuliis
1029 2735 1169 2770 eadem
1197 2735 1318 2770 animi
1344 2735 1508 2770 levitate
1533 2734 1717 2770 laboran-

224 2783 331 2819 tibus
357 2784 504 2826 ascitis,
539 2783 777 2830 crepusculo
804 2784 851 2818 iis
877 2783 1115 2818 satellitibus
1143 2782 1415 2818 circumdatus
1443 2793 1514 2828 per
1540 2782 1716 2817 medium

224 2831 356 2866 sorum
382 2831 557 2875 incessit,
583 2831 793 2877 imperium
821 2831 872 2866 ob
891 2830 1143 2865 Monomachi
1171 2831 1456 2875 cognationem
1483 2829 1534 2865 ad
1561 2840 1604 2865 se
1632 2840 1717 2875 per·

223 2925 427 2972 publicum
467 2936 682 2971 carcerem,
721 2927 788 2973 qui
824 2925 1074 2961 Praetorium
1111 2925 1267 2970 dieitur,
1305 2926 1493 2971 venisset,
1532 2925 1718 2962 claustris

331 854 439 897 Ἀλλ’
461 855 605 910 ἑτέραν
629 854 735 896 κατὰ
766 858 840 896 τοῦ
871 855 1077 910 βασιλέως
1106 855 1316 909 προτέραν
1345 855 1506 897 τούτων
1537 855 1562 897 ὁ
1591 854 1752 910 λόγος9
1770 857 1806 893 D

221 924 497 980 διηγησάσθω
529 927 604 966 νῦν
635 924 919 966 ἐπανάστασιν.
982 924 1007 966 ὁ
1038 923 1118 978 γὰρ
1149 927 1223 966 τοῦ
1254 925 1460 979 βασιλέως
1490 923 1714 966 Κωνσταν-
1731 928 1777 963 10

221 1473 428 1528 δημοσίαν
458 1473 634 1528 εἱρκτήν,
678 1475 704 1528 ἢ
738 1471 1008 1528 Πραιτώριον
1041 1473 1248 1528 κέκληται,
1292 1472 1341 1514 τὰ
1381 1472 1556 1525 κλεῖθρα
1598 1472 1713 1526 διαρ-
1730 1476 1929 1513 P11264A

221 2643 281 2676 est
307 2640 586 2686 exponendus.
637 2640 759 2687 Regis
786 2640 1036 2677 Constantini
1064 2639 1314 2675 Monomachi
1349 2639 1552 2686 patruelis,
1590 2638 1777 2676 Theo-10

223 2878 351 2914 tinere
384 2878 522 2915 dicens
547 2881 671 2925 atque
699 2879 886 2914 iniuriam
917 2878 992 2913 sibi
1026 2878 1110 2913 iieri
1143 2877 1364 2913 clamitans.
1414 2877 1513 2914 Cum
1540 2887 1638 2913 vero
1665 2877 1716 2912 ad
1733 2879 1775 2915 11
