1968 3302
308 225 353 259 38
686 219 867 258 ZONAR.
895 218 1025 255 EPIT.
1053 217 1149 254 XIII
1175 217 1207 262 7,
1233 215 1362 260 22-8,
1388 214 1420 251 5.

309 347 426 401 αὐτῷ
462 344 727 399 παρεστάναι,
767 342 838 385 τὸν
877 341 968 384 υἱὸν
1007 341 1136 382 αὐτοῦ
1175 339 1247 381 τὸν
1284 339 1540 382 Κώνσταντα
1579 339 1805 395 κατέχοντα

309 421 358 470 τῇ
390 416 505 470 χειρί,
538 414 610 456 καὶ
640 414 769 467 λέγειν
801 412 933 465 αὐτῷ·
971 409 1284 462 “Κωνστάντιε,
1317 408 1409 451 ἰδοὺ
1441 410 1647 456 Κώνστας
1678 410 1702 451 ὅ
1733 409 1807 456 σὸς

310 483 506 539 ἀδελφός,
539 483 708 525 πολλῶν
740 481 785 522 δὲ
816 480 1023 535 βασιλέων
1055 477 1278 532 ἀπόγονος,
1311 478 1359 524 ὃς
1390 478 1437 520 ἒκ
1468 478 1673 532 τυράννου
1707 478 1806 520 διώ-

310 555 411 596 λετο.
474 554 554 607 χρή
588 567 634 594 σε
664 551 800 592 τοίνυν
837 548 973 602 τούτῳ
1011 563 1052 589 τε
1089 551 1322 602 τιμωρῆσαι
1358 547 1429 589 καὶ
1465 547 1539 602 τὴν
1576 546 1711 602 ἀρχὴν
1746 546 1806 602 μὴ

310 622 585 677 παρόψεσθαι
618 619 951 673 διακοπτομένην
982 616 1086 671 μήτε
1116 615 1190 670 τὴν
1220 616 1424 658 πολιτείαν
1456 615 1844 671 ἂνατρεπομένην,5

311 695 485 733 σπεῦσαι
518 690 563 732 δὲ
594 689 667 744 τὴν
698 687 920 742 τυραννίδα
953 685 1146 727 καθελεῖν
1178 685 1248 726 καὶ
1278 685 1337 740 μὴ
1370 685 1565 738 περιιδεῖν
1596 684 1667 727 τὸν
1688 685 1807 727 ἁδελ-

250 757 296 793 ’22
311 760 395 815 φὸν
417 757 729 812 ᾶνεκὸίκητον.”
791 755 856 797 ἐπὶ
886 754 1046 800 τούτοις
1079 753 1331 800 διυπνισθεὶς
1353 754 1376 795 ὁ
1402 753 1689 800 Κωνστάντιος
1713 752 1809 800 τοὺς

309 829 388 884 μὲν
408 828 602 882 πρέσβεις
623 826 796 879 κατέσχε
818 823 889 866 καὶ
910 816 1083 878 φρουρᾷ
1103 823 1429 877 παραδέδωκεν·
1452 821 1578 869 αὐτὸς
1600 820 1637 864 δ’
1661 822 1808 864 αὐτίκα
1822 820 1858 856 D
1877 821 1934 857 ΠΙ
1951 821 1968 857 1

250 894 296 931 23
310 897 444 952 μηδὲν
480 895 687 950 μελλήσας
725 895 782 940 εἷς
814 892 1034 947 Σαρδικὴν
1069 892 1346 946 παραγίνεται.
1410 892 1480 934 καὶ
1512 892 1536 933 ὁ
1567 891 1810 946 Βετρανίων

107 964 188 1000 ΡΠ
205 963 384 1021 16Ατὴν
415 965 654 1007 ἀνέλπιστον
686 962 907 1016 ἐπιδημίαν
937 962 1096 1016 πτήξας
1126 965 1199 1003 τοῦ
1223 961 1517 1002 Κωνσταντίου
1541 961 1602 1007 ὡς
1631 959 1808 1015 δεσπότῃ
1824 959 1870 994 10

310 1033 646 1088 προσυπηντήκει
684 1031 814 1084 αὐτῷ,
854 1030 926 1076 τάς
957 1046 998 1071 τε
1029 1030 1236 1084 προτέρας
1267 1030 1522 1083 καταλείψας
1552 1028 1709 1084 βουλὰς
1740 1028 1811 1070 καὶ

251 1100 298 1136 24
311 1102 384 1149 τὰς
423 1102 642 1156 συνθήκας
680 1099 890 1154 ἀθετήσας
928 1097 1001 1145 ταὶς
1038 1097 1146 1151 πρὸς
1178 1097 1449 1152 Μαγνέντιον.
1512 1096 1583 1139 καὶ
1619 1097 1645 1139 ὁ
1682 1098 1809 1139 Κων-

313 1171 496 1217 στάντιος
529 1170 574 1212 δὲ
606 1169 733 1211 αὗτὸν
755 1168 935 1223 γνησίως
956 1167 1201 1222 προσήκατο
1223 1166 1294 1208 καὶ
1316 1167 1556 1221 ὁμοδίαιτον
1577 1166 1810 1220 ἐποιήσατο.

252 1239 298 1274 ‘25
312 1240 361 1282 τὰ
394 1239 474 1294 γὰρ
505 1243 577 1294 τῆς
608 1237 816 1294 βασιλείας
853 1236 1176 1291 ἀποδυσάμενος
1208 1236 1231 1278 ὁ
1263 1235 1506 1288 Βετρανίων
1543 1235 1811 1290 γνωρίσματα

253 1307 298 1342 2ss
314 1310 358 1351 ἓν
389 1308 558 1351 ἰδιώτου
591 1307 716 1361 στολῇ
747 1309 833 1347 τῶν
870 1309 942 1347 τοῦ
981 1304 1186 1359 βασιλέως
1224 1303 1373 1345 ποδῶν
1411 1303 1642 1358 ἐπελάβετο.
1705 1303 1729 1345 ὁ
1768 1301 1814 1344 δὲ
1828 1301 1873 1338 15

314 1376 611 1431 περιεπτύξατό
631 1392 673 1418 τε
694 1375 765 1417 τὸν
787 1374 1056 1429 Βετρανίωνα
1080 1372 1151 1415 καὶ
1175 1373 1333 1427 πατέρα
1367 1372 1565 1427 ὠνόμασε
1595 1371 1666 1414 καὶ
1696 1375 1814 1427 χεῖρα

316 1447 480 1501 ὀρέγων
527 1445 644 1500 αὐτῷ
688 1443 759 1486 καὶ
805 1443 1098 1498 ὑποστηρίζων
1143 1441 1380 1496 πρεσβύτην
1427 1442 1525 1483 ὄντα
1573 1440 1816 1483 σύνδειπνον

317 1602 339 1637 9
364 1603 415 1637 ὅτι
441 1601 642 1647 προσῆλθεν
667 1602 688 1636 0‘
711 1600 916 1645 Βετρανίων
944 1598 1171 1645 (βρεττανίων
1197 1597 1242 1640 Ε)
1269 1602 1318 1642 τῷ
1345 1597 1581 1641 Κωνσταντίῳ
1610 1595 1674 1633 CE

390 1746 406 1781 1
437 1745 533 1790 αὐτῷ
548 1744 630 1790 AR,
656 1745 764 1781 αὗτοῢ
783 1744 830 1788 D,
857 1743 964 1779 αὐτοῦ
990 1739 1087 1788 αὐτῷ
1115 1742 1198 1788 W*p
1296 1742 1319 1777 2
1343 1742 1454 1787 λέγειν
1479 1741 1575 1786 αὐτῷ
1604 1740 1818 1777 κωνστάντιε

389 1791 539 1839 Apr‚
572 1793 716 1838 λέγοντα
742 1797 792 1827 τῶ
817 1792 1062 1827 κωνσταντίω·
1087 1790 1091 1831 Ι
1115 1790 1146 1825 Ε
1316 1791 1336 1825 ὅ
1361 1793 1456 1825 ante
1482 1789 1642 1828 κώνστας
1668 1787 1760 1824 add.
1788 1786 1817 1824 C

438 1843 458 1876 ὁ
484 1841 544 1880 σὸς
569 1840 717 1887 Apr,
744 1842 781 1879 ὃς
811 1841 839 1875 Ε,
925 1840 947 1874 3
973 1841 1011 1878 ὃς
1036 1837 1155 1882 ARw,
1187 1838 1236 1877 ὡς
1262 1836 1368 1883 ρ*1)ί
1454 1839 1544 1883 post
1569 1837 1610 1872 ἐκ
1637 1836 1729 1872 add.
1756 1841 1818 1872 τοῦ

390 1890 422 1925 Ε
567 1889 726 1925 ἀπώλετο
752 1889 784 1923 Ε
929 1887 952 1922 6
978 1886 1040 1932 τὴν
1067 1897 1141 1922 om.
1169 1885 1199 1921 B
1346 1886 1366 1920 7
1393 1885 1437 1920 δι’
1464 1884 1644 1923 ὗπνισθεὶς
1671 1885 1756 1927 (Sic)
1782 1882 1818 1919 A

391 1938 414 1973 8
439 1934 587 1981 κατέσχε
612 1935 781 1982 prDi,
808 1936 976 1980 κατέσχεν
1002 1934 1048 1977 Α,
1075 1945 1113 1969 V.
1141 1934 1191 1969 ad
1217 1933 1312 1969 XIII
1341 1933 1371 1976 1,
1387 1933 1408 1968 5
1504 1932 1759 1978 παραδέδωκεν
1782 1930 1818 1966 Α

393 1987 445 2026 (V.
464 1985 517 2020 ad
534 1984 631 2021 XIII
657 1985 689 2028 1,
704 1985 752 2028 5),
777 1984 989 2028 παρέδωκεν
1015 1982 1058 2027 E,
1083 1982 1319 2027 παραδέδωκε
1346 1979 1503 2026 prDz'
1599 1981 1621 2016 9
1645 1980 1819 2025 μελλήσας

392 2031 562 2079 prDz',
587 2033 741 2078 μελήσας
766 2031 869 2067 ΑΒΕ
965 2031 1160 2076 βρετανίων
1186 2029 1227 2074 Ε,
1254 2030 1468 2076 βρεττανίων
1485 2029 1554 2066 Dw
1652 2029 1695 2063 11
1722 2028 1818 2072 αὐτῷ

391 2081 656 2126 προυπηντήκει
670 2080 812 2126 Bpr,
839 2085 888 2124 τῷ
906 2079 1133 2122 κωνσταντίῳ
1151 2078 1415 2122 προυπηντήκει
1438 2076 1474 2111 D
1573 2076 1618 2111 12
1643 2076 1819 2120 ἀθετήσας

393 2129 453 2168 τὰς
478 2129 662 2174 συνθήκας
689 2128 785 2174 pr
1024 2125 1083 2164 τὰς
1110 2127 1214 2170 (post
1239 2125 1353 2167 ἀθετ.)
1380 2126 1486 2160 intra
1513 2125 1639 2159 lineas
1665 2123 1756 2159 add.
1783 2121 1819 2158 A

394 2177 439 2212 14
464 2176 537 2212 εἶτα
563 2177 623 2212 καὶ
648 2176 689 2212 τὰ
714 2175 762 2219 D,
788 2175 830 2211 τὰ
847 2174 911 2220 γὰρ
939 2185 1040 2209 corr.
1061 2173 1129 2211 Dw
1228 2174 1420 2219 βρετανίων
1447 2172 1527 2217 DE,
1552 2172 1764 2218 βρεττανίων
1783 2181 1818 2205 W

394 2225 439 2260 16
465 2225 640 2271 βετρίωνα
666 2224 709 2268 Β,
735 2225 951 2270 βρετανίωνα
977 2222 1019 2266 Ε,
1045 2223 1283 2267 βρεττανίωνα
1309 2220 1383 2255 Dw

323 2377 476 2413 dicere:
503 2375 752 2420 “Constanti‚
780 2386 875 2412 ecce
894 2374 1103 2419 Constans,
1131 2378 1226 2410 tuus
1253 2375 1388 2418 frater,
1416 2384 1465 2408 ex
1493 2373 1627 2408 multis
1653 2373 1820 2418 regibus

323 2428 561 2471 prognatus,
601 2425 670 2469 qui
697 2434 721 2459 a
747 2427 922 2469 tyranno
949 2423 1079 2469 periit.
1136 2422 1304 2468 Oportet
1337 2425 1377 2457 te
1412 2422 1536 2466 igitur
1568 2421 1676 2455 hunc
1709 2420 1819 2455 adiu-

325 2483 423 2508 vare
450 2482 585 2517 neque
610 2473 653 2507 in
678 2472 847 2518 imperio
884 2471 1075 2507 conivere
1112 2470 1331 2505 dilacerato
1366 2479 1500 2514 neque
1533 2469 1574 2503 in
1611 2467 1820 2514 republica

324 2530 479 2564 eversa,
519 2520 590 2556 sed
617 2530 838 2565 properare
865 2518 1122 2564 tyrannidem
1149 2517 1324 2552 deletum
1351 2527 1484 2561 neque
1515 2516 1622 2551 ferre
1653 2517 1819 2551 fratrem

263 2565 310 2600 22
324 2568 496 2603 inultum
506 2568 537 2602 ‘'.
588 2567 661 2603 His
691 2567 741 2603 de
766 2567 888 2602 rebus
915 2568 1179 2611 experrectus
1199 2564 1457 2600 Constant-ius
1480 2564 1637 2608 legatos
1656 2563 1821 2599 retinuit

325 2618 365 2650 et
390 2616 430 2650 in
457 2615 682 2651 custodiam
707 2614 891 2659 tradidit3
930 2615 1016 2659 ipse
1043 2624 1140 2649 vero
1168 2613 1301 2648 statim
1327 2612 1423 2647 nihil
1452 2613 1664 2646 cunctatus
1690 2610 1821 2647 Sardi·

265 2661 311 2696 23
326 2673 414 2698 cam
452 2663 731 2708 proficiscitur.
787 2662 979 2698 Vetranio
1019 2661 1152 2696 subita
1191 2660 1451 2705 expeditione
1490 2659 1686 2694 demissus
1721 2657 1820 2694 Con-

326 2711 473 2746 stantio
499 2715 545 2746 ut
572 2711 733 2746 domino
761 2710 923 2746 obviam
950 2708 1208 2755 procedebat,
1236 2708 1439 2752 prioribus
1470 2707 1618 2742 relictis
1645 2705 1820 2742 consiliis

266 2756 313 2791 24
327 2761 366 2793 et
401 2759 530 2803 pactis
564 2758 732 2794 sublatis
768 2768 859 2794 cum
884 2757 1119 2802 Magnentio
1155 2756 1283 2791 factis.
1336 2754 1415 2790 Sed
1442 2754 1702 2790 Constantius
1728 2763 1821 2788 eum

265 2803 312 2840 25
326 2806 482 2842 sincere
512 2807 666 2851 recepit
696 2815 861 2842 mensae
895 2815 994 2840 suae
1028 2804 1263 2840 adhibitum.
1314 2802 1445 2848 Regni
1484 2803 1588 2837 enim
1628 2801 1820 2847 depositis

325 2853 555 2899 insignibus
579 2853 773 2889 Vetranio
811 2854 972 2899 privato
1011 2852 1152 2887 habitu
1189 2851 1299 2897 regis
1337 2850 1461 2896 pedes
1500 2849 1711 2895 amplexus
1750 2851 1820 2884 est.

266 2899 313 2936 26
326 2901 397 2939 Ille
423 2911 521 2937 vero
550 2901 805 2949 amplexatus
823 2900 1110 2938 Vetranionem
1137 2902 1292 2948 patrem
1318 2898 1542 2935 nominavit
1569 2900 1607 2933 et
1634 2898 1821 2944 porrecta
