2054 3282
346 241 416 279 554
737 242 918 280 ZONAR.
945 243 1075 278 EPIT.
1102 242 1214 279 XVII
1240 243 1272 288 7,
1300 243 1450 281 16-27.

347 365 554 419 γασθῆναι
591 364 728 412 αὐτόν,
773 365 796 406 ὃ
828 364 897 405 καὶ
933 364 1094 418 μᾶλλον
1125 364 1244 413 ἔδοξε
1273 366 1581 421 πιθανώτερον·
1624 365 1671 408 τό
1703 367 1750 421 γέ
1777 384 1839 410 τοι

347 432 578 487 φάρμακον
609 433 862 487 ἡτοιμάσατο
890 432 968 486 μὲν
989 433 1013 474 ὁ
1038 432 1263 481 Βασίλειος,
1295 435 1531 489 προσέφερε
1554 434 1599 477 δὲ
1619 440 1680 490 τῷ
1702 435 1839 490 Φωκᾷ

288 503 332 539 17
347 501 371 541 ὁ
402 501 538 554 τούτῳ
560 501 826 555 οἰνοχοεύων,
858 500 973 554 παρὰ
995 505 1068 543 τοῦ
1090 502 1296 555 βασιλέως
1316 502 1580 550 ὗποκλαπείς.
1641 503 1840 550 πεσόντος

348 569 393 610 δὲ
423 573 496 610 τοῦ
528 569 680 623 Βάρδα
719 569 765 610 τὸ
802 566 890 623 μετ’
933 570 1061 611 αὐτοῦ
1100 570 1332 624 στράτευμα
1371 571 1646 620 διεσκέδαστο,
1691 572 1760 614 καὶ
1800 573 1841 614 οἱ

344 637 422 691 μὲν
453 638 679 679 ἐκτείνοντο
711 638 1142 692 καταλαμβανόμενοι,
1176 640 1215 680 οἱ
1237 636 1274 680 δ’
1298 640 1562 693 ἐζωγροῦντο
1588 640 1660 682 καὶ
1691 645 1874 696 avale—5

130 707 487 752 ΡΙΙ222Αθέντες
518 706 623 747 κατὰ
655 706 701 747 τὸ
734 706 863 754 δόξαν
892 712 954 761 τῷ
984 708 1146 761 βασιλεῖ
1170 708 1473 763 ἐκολάσθησαν.

287 779 332 814 18
459 773 512 816 Ὀ
544 775 589 816 δὲ
620 774 879 829 ἀλλοιότερος
910 775 962 830 ἦν
993 778 1018 830 ἢ
1050 776 1096 817 τὸ
1127 777 1348 831 πρότερον·
1381 777 1566 832 σοβαρός
1586 794 1627 820 τε
1649 777 1729 832 γὰρ
1751 778 1837 833 ἐγε-

346 842 455 896 γόνει
492 843 562 884 καὶ
599 842 645 885 τὸ
684 843 795 898 ἦθος
832 844 1164 899 ὑποκαθήμενος
1199 845 1270 887 καὶ
1306 846 1464 892 πάντας
1506 847 1726 888 ὑπώπτευε
1769 846 1840 888 καὶ

287 916 331 951 19
344 910 418 964 τὴν
450 911 581 966 ὀργὴν
612 912 832 966 ἐτύγχανεν
864 913 1154 968 ἀπαραίτητος.
1217 914 1287 955 καὶ
1326 915 1377 956 οὗ
1410 918 1495 961 τοῖς
1533 915 1671 962 ἄλλοις
1705 915 1840 970 μόνον

344 979 390 1021 τὸ
435 980 621 1034 σοβαρὸν
665 980 937 1030 ἐπεδείκνυτο,
982 981 1084 1023 ἀλλὰ
1127 982 1213 1037 μὴν
1255 982 1326 1024 καὶ
1363 988 1425 1037 τῷ
1462 985 1839 1038 παρακοιμωμένῳ
1855 985 1900 1020 10

346 1049 464 1102 αὐτῷ
495 1049 650 1103 ἤχθετό
681 1066 722 1090 τε
752 1050 896 1104 τάνδρὶ
926 1050 997 1092 καὶ
1028 1051 1084 1096 εἷς
1115 1050 1263 1092 ἑαυτὸν
1294 1052 1468 1093 ἔσπευδε
1492 1056 1746 1106 μετενεγκεῖν
1766 1052 1840 1107 τὴν

285 1122 331 1157 20
344 1121 430 1159 τῶν
465 1118 727 1172 πραγμάτων
765 1119 975 1174 διοίκησιν.
1037 1119 1107 1160 καὶ
1137 1121 1276 1174 μέντοι
1307 1120 1378 1161 καὶ
1407 1121 1624 1175 μεθίστησι
1653 1125 1725 1175 τῆς
1755 1124 1840 1163 τῶν

344 1190 501 1228 κοινῶν
523 1187 766 1241 οἰκονομίας
787 1187 925 1236 αὐτόν,
957 1189 1064 1229 οἴκοι
1085 1189 1222 1242 μένειν
1248 1188 1447 1243 ἀπρόιτον
1469 1189 1691 1235 ἐπιστείλας
1711 1190 1839 1243 αὐτῷ,

345 1254 427 1297 εἶτα
459 1255 561 1310 μετὰ
592 1255 747 1310 μικρὸν
778 1256 849 1298 καὶ
880 1256 1105 1311 ὑπερόριον
1135 1258 1271 1312 τίθησι
1301 1257 1372 1299 καὶ
1402 1261 1488 1299 τῶν
1510 1258 1656 1312 ἐκείνῳ
1677 1273 1838 1312 πεπρα-

346 1325 513 1378 γμένων
544 1325 720 1366 ἕκαστον
751 1325 990 1379 ἀνακρίνων
1021 1326 1228 1379 ἀπραξίαν
1258 1330 1343 1368 τῶν
1373 1326 1577 1368 πλειόνων
1603 1327 1837 1381 κατεψηφί-
1854 1333 1898 1369 15

286 1398 329 1432 21
346 1395 455 1442 ζετο·
505 1393 576 1435 καὶ
621 1398 695 1435 τοῦ
738 1393 839 1448 παρ’
878 1395 1037 1436 ἐκείνου
1083 1395 1344 1449 δομηθέντος
1386 1395 1575 1449 σεμνείου
1618 1394 1667 1436 τὰ
1709 1395 1838 1437 πλείω

300 1462 543 1516 Βῦφείλετο,
587 1462 658 1504 καὶ
694 1463 774 1504 οὒκ
806 1464 951 1517 ἀγρῶν
981 1464 1122 1518 ἥψατο
1152 1463 1286 1518 μόνον
1317 1466 1342 1519 ἢ
1375 1464 1548 1518 χωρίων
1578 1463 1650 1505 καὶ
1681 1464 1837 1512 οἰκιῶν,

343 1530 445 1572 ἀλλὰ
483 1530 554 1572 καὶ
592 1531 881 1586 ἀναθημάτων
917 1547 958 1573 τε
994 1532 1065 1574 καὶ
1095 1532 1272 1574 πλακῶν
1302 1532 1373 1574 καὶ
1403 1532 1559 1574 κιόνων
1588 1532 1836 1574 πολυτελῶν.

343 1674 364 1709 7
390 1674 463 1712 οἶος
488 1674 508 1708 0‘
530 1673 694 1718 βασιλεὺς
721 1674 903 1713 Βασίλειος
928 1673 965 1709 τὸ
990 1674 1080 1720 ἦθος
1105 1674 1238 1719 ἐγένετο
1254 1674 1340 1719 μετὰ
1357 1674 1419 1720 τὴν
1436 1674 1625 1710 κατάλυσιν
1642 1680 1702 1710 τοῦ
1724 1676 1837 1710 Φωκᾶ

343 1720 406 1756 ΟΕ
511 1721 534 1756 9
559 1723 654 1760 ὅπως
682 1721 739 1756 τὸν
763 1722 1087 1767 παρακοιμώμενον
1113 1723 1134 1757 ὁ
1155 1722 1318 1769 βασιλεὺς
1343 1722 1616 1758 ἀπεσκευάσατο.
1654 1722 1713 1758 καὶ
1738 1723 1836 1762 ὅπως

341 1768 427 1814 πρὸς
452 1769 588 1804 ἐκεῖνον
613 1770 752 1815 διετέθη
782 1769 845 1805 CE

415 1898 433 1932 1
460 1897 499 1943 γέ
522 1911 572 1933 τοι
599 1896 668 1933 ΑΟ
696 1898 749 1943 (γε’
772 1912 801 1933 τι
827 1898 890 1943 D),
915 1899 1031 1943 μέντοι
1057 1898 1153 1944 Ewp
1322 1899 1345 1934 2
1368 1898 1579 1944 προσέφερε]
1605 1897 1725 1945 προῙσὲ
1751 1898 1787 1933 D

413 1982 436 2016 3
461 1982 573 2027 τούτῳ
593 1981 750 2027 prDi
776 1982 906 2023 (Psell.
934 1994 971 2028 p.
999 1982 1054 2027 12,
1081 1983 1129 2027 9),
1155 1984 1276 2018 τούτου
1295 1983 1342 2027 D,
1369 1988 1468 2018 τοῦτο
1493 1981 1529 2017 Α
1623 1961 1649 2017 αἱ
1675 1981 1715 2026 C,
1740 1981 1836 2027 παρὰ

414 2029 485 2074 Cw,
514 2041 550 2064 v.
576 2030 628 2064 ad
654 2030 766 2065 XVII
791 2030 824 2075 8,
853 2030 896 2065 17
1073 2030 1095 2066 5
1120 2032 1335 2075 κτεινόμενοι
1362 2030 1401 2074 C,
1428 2031 1619 2066 ἐκτείνοντο
1646 2040 1746 2065 corr.
1774 2029 1836 2067 Cw

413 2078 434 2113 7
459 2077 491 2123 ὁ]
518 2079 554 2112 οἱ
577 2077 616 2122 Ο,
646 2088 746 2112 corr.
774 2077 835 2115 Cw
984 2078 1201 2123 ἀλλοιότερος
1227 2078 1372 2114 AOWO
1398 2079 1475 2123 lat„
1502 2078 1713 2124 ἀγριώτερος
1738 2078 1834 2122 Ewp

460 2127 623 2172 σοβαρῶς
648 2125 679 2160 Β
793 2139 828 2160 τε
856 2136 931 2160 om.
958 2126 993 2160 D
1114 2126 1155 2160 11
1183 2127 1279 2171 αὐτῷ
1307 2137 1381 2161 om.
1409 2126 1444 2160 D
1565 2126 1658 2170 ἤχθε
1683 2126 1758 2160 τότε
1786 2124 1834 2170 p*

460 2179 510 2218 τῷ
537 2173 638 2218 ἀνδρὶ
664 2173 700 2208 D
800 2173 845 2208 14
869 2173 930 2208 καὶ
956 2174 1067 2219 prius
1095 2184 1169 2208 om.
1185 2175 1282 2220 pr
1382 2174 1427 2210 15
1452 2174 1719 2219 κατεψηφίσατο
1737 2173 1833 2218 Ewp

413 2221 458 2257 16
483 2222 610 2265 ἐκείνῳ
637 2221 732 2266 Ewp
846 2221 890 2256 17
915 2221 1077 2267 ἀφείλετο
1107 2220 1235 2268 Bpr
1344 2223 1465 2267 μόνων
1490 2232 1543 2257 ex
1569 2222 1680 2266 μόνον
1706 2223 1835 2256 mutat

412 2269 455 2314 E,
481 2280 519 2304 v.
547 2269 599 2304 ad
624 2268 716 2305 XIV
742 2270 774 2311 6,
801 2269 847 2304 31

341 2398 448 2443 quod
478 2397 640 2442 quidem
666 2398 915 2443 probabilius
942 2401 1012 2442 est,
1039 2402 1236 2442 putavere
1254 2397 1432 2432 toxicum
1452 2397 1488 2431 ei
1506 2407 1530 2431 a
1549 2390 1696 2431 Basil'io
1722 2406 1834 2441 prae-

340 2449 539 2490 paratum,
567 2456 590 2479 a
616 2446 811 2491 pincerna
838 2449 1028 2490 corrupto
1055 2445 1338 2490 larg-itionibus
1364 2445 1486 2489 regiis
1505 2445 1628 2479 fuisse
1647 2444 1833 2489 propina-

282 2491 327 2527 17
341 2496 437 2528 tum.
487 2492 646 2528 Bardae
683 2494 797 2528 strati
835 2494 1037 2528 exercitus
1072 2493 1289 2538 dissipatus
1332 2495 1401 2532 est,
1440 2492 1527 2527 aliis
1566 2493 1703 2535 caesis,
1745 2491 1834 2526 aliis

342 2541 480 2586 captis,
507 2541 548 2575 in
576 2551 676 2584 quos
703 2551 776 2575 rex
804 2551 877 2576 suo
905 2541 1104 2575 arbitratu
1128 2540 1423 2575 animadvertit.

282 2587 328 2622 18
462 2588 558 2623 Erat
583 2587 755 2623 Basilius
787 2591 965 2623 mutatus
998 2589 1049 2623 ab
1081 2587 1159 2631 illo,
1199 2588 1268 2632 qui
1299 2588 1409 2632 prius
1443 2587 1588 2629 fuerat,
1629 2589 1667 2621 et
1701 2588 1833 2622 factus

342 2645 552 2680 arrogans,
581 2635 752 2670 demisso
771 2636 948 2681 ingenio,
975 2636 1164 2681 suspicax
1189 2635 1230 2669 in
1249 2644 1396 2678 omnes,
1420 2634 1631 2669 iracundia
1650 2635 1833 2670 inexora-

283 2681 328 2716 19
343 2683 427 2727 bili3
468 2693 602 2727 neque
631 2684 673 2718 in
699 2683 799 2718 alios
826 2683 1049 2725 dumtaxat,
1087 2682 1158 2718 sed
1183 2682 1224 2717 in
1250 2683 1381 2727 ipsum
1407 2682 1524 2716 etiam
1558 2683 1832 2727 praepositum

344 2730 517 2765 cubiculi
543 2731 664 2765 talem
691 2741 733 2766 se
759 2731 958 2775 praebuit.
1009 2730 1135 2771 Quem
1163 2739 1251 2764 cum
1280 2729 1429 2764 odisset
1455 2732 1577 2774 atque
1595 2730 1680 2774 ipse
1699 2739 1832 2764 rerum

282 2776 330 2811 20
344 2777 729 2813 administrationem
772 2788 984 2823 capessere
1021 2777 1152 2822 vellet,
1193 2780 1277 2812 tum
1317 2786 1340 2810 a
1375 2777 1622 2821 reipublicae
1658 2777 1833 2822 negotiis

343 2826 526 2867 removit,
558 2828 643 2860 tum
670 2825 787 2860 domo
815 2835 907 2861 eum
935 2825 1074 2870 egredi
1101 2825 1231 2860 vetuit
1255 2834 1331 2859 nec
1356 2824 1481 2859 multo
1508 2827 1598 2869 post
1623 2824 1832 2869 relegavit,

283 2871 328 2906 21
343 2875 428 2906 tum
455 2873 554 2907 actis
581 2873 668 2907 eius
695 2873 880 2908 omnibus
906 2873 1136 2918 perquisitis
1162 2871 1355 2917 pleraque
1381 2871 1554 2915 rescidit,
1589 2875 1673 2907 tum
1699 2881 1834 2906 mona-

343 2919 507 2955 sterium
534 2920 586 2955 ab
613 2929 661 2956 eo
689 2923 938 2956 exstructum
964 2920 1140 2955 maxima
1167 2929 1218 2955 ex
1243 2922 1359 2965 parte
1385 2919 1574 2965 spoliavit
1606 2929 1682 2955 nec
1711 2928 1834 2965 agros
