2054 3282
558 218 907 258 CONSTANTINI
933 217 1190 257 VIRTVTES
1215 216 1283 256 ET
1308 216 1467 256 VITIA.
1690 217 1761 255 483

266 341 369 384 ἀλλὰ
404 342 544 397 μέντοι
582 342 653 384 καὶ
690 343 736 391 ἕξ
773 341 1012 390 ἐπιστολῶν,
1055 342 1082 383 ἃ
1113 342 1194 383 κᾶν
1229 340 1289 396 μὴ
1326 339 1436 396 πρὸς
1465 340 1612 396 τέχνην
1642 341 1761 396 ἠκρί-
1830 365 1835 369 ·

265 409 422 463 βωνται
453 410 526 465 τὴν
557 411 795 466 ῥητορικήν,
828 410 931 453 ἀλλά
963 427 1008 465 γε
1038 411 1222 466 σχήμασι
1252 410 1403 465 ταύτης
1423 410 1498 451 καί
1514 425 1614 451 τισιν
1635 409 1763 455 ἰδέαις

263 478 550 521 ποικίλλονται.
611 479 752 522 ἒόίὸου
785 478 831 521 δὲ
861 478 932 521 καὶ
957 479 1143 534 ῥυθμοῖς
1163 477 1311 521 ἑαυτὸν
1331 477 1402 520 καὶ
1421 479 1588 533 μέτροις
1607 493 1760 520 παντο-
1774 484 1798 520 6

266 546 432 593 δαποῒς·
479 548 593 602 γνοίη
633 548 680 589 δέ
709 564 767 594 τις
797 551 919 590 τοῦτο
951 548 997 596 ἐξ
1027 545 1091 589 ὧν
1122 546 1188 589 ἐπὶ
1218 547 1410 602 θανούσῃ
1443 547 1561 601 αὐτῷ
1589 551 1640 602 τῇ
1671 562 1760 588 κοι-

229 619 392 670 5νωνῴ
429 619 503 658 τοῦ
541 617 637 671 βίου
675 616 896 670 ἐμμέτρως
931 616 1178 671 ἔθρήνησεν.
1241 615 1480 671 ἐπεμελήθη
1513 615 1559 657 δὲ
1589 614 1660 657 καὶ
1689 619 1796 670 τῆςῖ

264 684 516 739 φιλοσοφίας
546 685 686 740 αὐτῆς,
725 684 1042 739 ἕπιλελησμένης
1073 685 1155 740 ἤδη
1188 684 1350 739 σχεδόν,
1387 683 1490 726 ἀλλὰ
1520 684 1659 738 μέντοι
1690 684 1811 726 καὶῙ)

263 755 349 794 τῶν
379 753 618 807 ἐπιστημῶν
640 753 919 799 διδασκάλους
940 753 1160 807 ἐπιστήσας
1180 752 1250 795 καὶ
1273 753 1612 808 ἀναζωπυρήσας
1633 753 1760 794 ἔκλει-

263 821 426 867 πούσας
469 821 610 867 αὐτάς.
671 821 742 862 καὶ
777 824 904 863 ταῦτα
942 820 1021 875 μὲν
1057 825 1130 876 τῆς
1168 821 1400 876 κρείττονος
1429 822 1583 876 μοίρας
1614 821 1761 876 ἐκείνῳ

262 893 436 944 προσῆν.
497 889 591 943 περὶ
630 889 676 931 δὲ
712 889 786 944 τὴν
815 893 888 944 τῆς
918 889 1127 944 βασιλείας
1158 890 1358 944 διοίκησιν
1390 890 1560 931 διέκειτο
1590 890 1758 944 μαλθα-
1773 897 1796 932 8

205 963 250 998 10
262 957 463 1011 κώτερον,
509 957 717 1012 ὃύσοργός
758 973 800 999 τε
842 957 913 999 καὶ
955 958 1191 1013 βαρύμηνις
1230 962 1315 1004 τοῖς
1351 958 1565 1000 πταίουσιν
1601 957 1653 1013 ἦν
1689 958 1761 1000 καὶ

261 1025 468 1080 κολαστὴς
497 1025 777 1081 ἀπαραίτητος
807 1027 910 1079 οἴνῳ
941 1042 983 1067 τε
1010 1030 1084 1067 τοῦ
1110 1026 1349 1080 αὐτάρκους
1370 1026 1570 1081 ἐκέχρητο
1591 1026 1759 1069 πλείονι.

260 1093 332 1135 καὶ
370 1093 703 1148 ἀρχαιρεσιάζων
739 1094 790 1136 οὗ
826 1093 923 1140 τοὺς
959 1094 1102 1142 ἀξίους
1141 1094 1285 1149 ἕῳίστα
1325 1098 1412 1140 ταῖς
1443 1094 1702 1149 στρατηγίαις
1731 1096 1795 1150 ἢ9

259 1165 348 1207 ταῖς
377 1165 450 1216 τῆς
478 1161 682 1208 πολιτείας
713 1162 875 1216 ἀρχαῖς,
907 1161 1009 1204 ἀλλὰ
1034 1162 1132 1208 τοὺς
1151 1162 1501 1217 μοχθηροτέρους
1521 1162 1592 1203 καὶ
1614 1162 1758 1205 ἀδοκί-

259 1245 370 1283 μους
399 1229 471 1271 nal
501 1231 576 1276 οὓς
606 1231 632 1285 ἡ
664 1230 822 1285 βασιλὶς
852 1230 924 1272 καὶ
955 1230 979 1271 ὁ
1011 1231 1399 1285 παρακοιμώμενος
1432 1231 1597 1286 εἰσῆγον
1628 1230 1757 1272 Βασί-

202 1302 248 1338 15
260 1298 379 1352 λειος,
420 1299 573 1345 ὠνίους
602 1299 834 1353 χρημάτων
863 1299 1071 1354 τιθέμενοι
1099 1298 1172 1345 τὰς
1203 1299 1352 1354 ἀρχάς.
1416 1296 1502 1341 ἀλλ’
1537 1299 1649 1341 οὕτω
1679 1299 1758 1354 μὲν
1772 1308 1819 1344 10

259 1365 308 1407 τὰ
339 1370 412 1422 τῆς
441 1367 661 1421 βασιλείας,
694 1367 732 1408 εἶ
757 1367 829 1409 καὶ
858 1366 918 1422 μὴ
951 1367 996 1408 ἕν
1025 1370 1125 1408 πᾶσι
1153 1367 1309 1421 καλῶς,
1341 1367 1606 1422 ᾠκονόμητο.
1669 1368 1813 1413 ἔπι-11

257 1435 405 1490 βουλαὶ
446 1435 492 1477 δὲ
527 1435 632 1477 κατὰ
672 1439 745 1477 τοῦ
789 1439 1043 1490 κρατοῦντος
1086 1436 1414 1491 ἕμελετήθησαν·
1460 1437 1486 1490 ἡ
1523 1435 1602 1490 μὲν
1639 1435 1755 1491 παρὰ
1771 1445 1800 1480 Ρ
1813 1445 1969 1482 ΙΙ194Α

256 1507 330 1545 τοῦ
361 1505 752 1559 παρακοιμωμένου
779 1503 1041 1559 Θεοφάνους,
1074 1503 1255 1550 πολλοὺς
1285 1503 1356 1546 καὶ
1387 1504 1540 1550 ἄλλους
1570 1505 1755 1546 συνίστο-

260 1651 305 1687 16
328 1651 407 1697 περὶ
431 1651 618 1699 ἐπιβουλῆς
644 1651 708 1689 ΟΕ

331 1795 350 1831 1
375 1793 506 1840 μέντοι]
530 1793 603 1842 μὴν
629 1794 665 1831 D
814 1795 844 1831 l.
871 1794 894 1830 2
917 1795 939 1831 ἃ
965 1794 1034 1831 κᾶν
1057 1794 1107 1842 μὴ
1133 1794 1222 1841 πρὸς
1247 1796 1372 1842 τέχνην
1397 1795 1613 1843 ἠκρίβωνται
1642 1795 1756 1842 (ἠκρί-

329 1843 446 1889 βωντο
473 1841 713 1889 EwapDi)
739 1842 800 1890 τὴν
825 1843 1030 1889 ῥητορικήν,
1055 1843 1142 1879 ἀλλά
1164 1858 1202 1889 γε
1220 1844 1374 1890 σχήμασι
1394 1845 1518 1890 ταύτης
1537 1843 1754 1890 AEwap‚

328 1890 351 1926 ἃ
375 1890 434 1926 καὶ
460 1890 614 1936 σχήμασι
640 1890 843 1937 ῥητορικοῖς
869 1890 901 1927 Ο
1046 1891 1069 1926 3
1092 1891 1339 1927 ποικίλλωνται
1368 1892 1414 1938 p*
1557 1891 1596 1926 δὲ
1623 1902 1698 1927 om.
1726 1892 1755 1927 C

328 1938 351 1973 5
375 1938 559 1983 ἐμμέτροις
581 1938 587 1981 Ι
609 1937 645 1973 D
763 1938 787 1974 6
811 1938 1078 1984 ἐπιλελησμένος
1104 1939 1135 1974 Ε
1256 1939 1279 1974 9
1303 1944 1436 1986 προςῆν
1461 1938 1637 1977 AEwa
1654 1950 1679 1983 ),
1706 1945 1754 1984 τῷ

328 1985 558 2031 αὐτοκράτορι
587 1985 619 2021 O
714 1986 968 2031 μαλακώτερον
995 1986 1090 2032 Ewp
1190 1986 1235 2022 16
1260 1987 1320 2023 καὶ
1347 1998 1422 2023 om.
1449 1986 1492 2031 Ο,
1520 1987 1611 2022 add.
1679 2005 1706 2025 w

258 2127 429 2173 deditus,
457 2128 567 2174 quod
594 2139 642 2164 cx
671 2130 830 2175 scriptis
856 2134 894 2165 ct
920 2130 1102 2176 epistulis
1128 2130 1214 2166 cius
1241 2134 1422 2176 appar-ct,
1450 2140 1555 2176 quac
1585 2130 1675 2166 licet
1702 2130 1753 2165 ad

258 2181 385 2213 artem
413 2177 631 2213 oratoriam
686 2177 856 2223 crpolita
883 2187 964 2213 non
991 2178 1080 2221 sint,
1111 2181 1245 2213 tamen
1272 2177 1480 2213 rhetoricis
1508 2179 1753 2214 ornamentis

258 2228 299 2259 ct
324 2225 466 2270 figuris
493 2224 640 2269 quibus
671 2235 733 2259 sun
762 2228 928 2260 scatent.
979 2224 1151 2270 Operam
1172 2235 1336 2270 quoquc
1355 2225 1550 2271 rhythmis
1568 2229 1607 2261 et
1626 2227 1789 2261 onmisss

257 2273 421 2318 generis
447 2272 633 2307 versibus
659 2271 793 2316 dabat,
822 2272 930 2318 quod
958 2273 997 2307 in
1025 2273 1071 2307 iis
1098 2273 1283 2308 versibus
1311 2273 1419 2308 cerni
1437 2276 1578 2318 potest,
1606 2273 1753 2318 quibus

257 2320 410 2355 obitum
437 2320 623 2365 coniugis
649 2329 748 2355 suae
774 2319 1013 2366 deploravit.
1064 2319 1194 2365 Ipsius
1227 2320 1346 2356 etiam
1381 2320 1658 2366 philosophiae.
1693 2320 1788 2356 ττι-7

256 2368 406 2403 tionem
439 2367 591 2411 habuit,
630 2377 737 2413 quac
768 2377 898 2413 pacne
932 2368 972 2403 in
1006 2367 1248 2403 oblivionem
1282 2371 1461 2411 venerat,
1500 2368 1752 2413 aliarumque

257 2415 571 2461 disciplinarum,
611 2425 713 2461 quas
749 2415 827 2450 iam
855 2414 1088 2451 deficientes
1115 2414 1349 2450 doctoribus
1377 2414 1572 2451 ordinatis
1598 2415 1753 2451 refocil-

258 2462 366 2499 lavit.
414 2461 549 2508 Atquc
576 2462 635 2498 his
662 2467 749 2498 crat
775 2462 1004 2498 virtutibus.
1054 2462 1098 2498 In
1125 2472 1254 2507 regno
1277 2466 1412 2498 autem
1432 2462 1788 2500 adininistrandoss

257 2510 334 2546 snit
358 2511 533 2557 segnior,
572 2510 792 2546 iracundus
818 2521 865 2545 ac
892 2520 1041 2546 saevus
1067 2511 1105 2544 in
1135 2509 1423 2555 delinquentes,
1456 2510 1495 2545 in
1523 2510 1663 2556 poenis
1690 2521 1751 2546 su-

256 2557 412 2594 mendis
437 2558 712 2602 inexorabilis,
749 2558 830 2593 vini
864 2558 968 2593 iusto
995 2557 1164 2593 avidior.
1216 2557 1260 2592 In
1287 2557 1485 2602 eligendis
1510 2558 1786 2604 magistrati-9

257 2605 333 2641 bus
357 2615 441 2642 non
467 2605 615 2652 dignos
641 2606 818 2652 imperiis
839 2605 903 2641 vel
922 2605 1107 2640 civilibus
1126 2605 1361 2640 munoribus
1381 2605 1653 2651 praeficiebat,
1679 2605 1750 2642 sed

257 2653 389 2689 minus
415 2653 544 2689 bonos
569 2663 618 2689 ac
645 2654 778 2699 potius
798 2653 1003 2699 improbos
1021 2656 1060 2688 ct
1078 2662 1181 2698 quos
1198 2653 1341 2697 regina
1362 2652 1426 2688 vcl
1445 2653 1617 2688 cubiculi
1638 2663 1750 2699 prae—

258 2701 412 2746 positus
444 2699 615 2736 Basilius
649 2700 998 2744 commendabant,
1037 2701 1104 2745 qui
1138 2700 1401 2745 nmgistratus
1435 2700 1598 2736 venales
1633 2701 1750 2737 habe-

258 2747 367 2783 bant.
418 2747 478 2783 lta
517 2748 649 2793 flebat,
693 2753 735 2783 ut
777 2749 987 2794 imperium
1027 2758 1107 2783 non
1145 2748 1186 2783 in
1226 2748 1412 2783 omnibus
1448 2748 1551 2783 bcne
1585 2748 1811 2785 admitti-10

258 2798 465 2831 straretur.
516 2794 752 2843 Imperatori
790 2801 925 2831 autem
961 2799 1138 2831 structae
1169 2798 1263 2831 sunt
1296 2795 1477 2840 insidiae,
1518 2796 1688 2842 primum
1724 2796 1806 2833 an

259 2843 432 2878 cubiculi
467 2845 673 2889 praefecto
706 2843 817 2879 Theo
834 2843 964 2887 illanc,
1004 2843 1070 2888 qui
1110 2842 1256 2878 multos
1289 2843 1464 2879 habebat
1497 2844 1678 2879 conscios
1710 2848 1750 2879 ct

258 2889 483 2927 Romanum
509 2901 531 2929 c
557 2890 677 2927 Prote
702 2854 892 2928 studebat
919 2890 1112 2927 reducere
1138 2891 1177 2926 in
1205 2891 1372 2938 regiam,
1399 2890 1546 2928 deinde
1571 2891 1623 2927 ab
1650 2891 1750 2940 aliis,
1766 2892 1810 2928 1⁴2
