1968 3302
507 236 934 278 VALENTINIANVS
959 239 1009 276 Π.
1060 236 1402 276 THEODOSIVS.
1659 234 1706 276 85

201 361 375 420 κράτωρ
391 365 477 406 τῶν
495 363 700 420 ἑσπερίων
724 363 750 407 ὅ
765 363 859 412 νέος
881 362 1233 419 Οὗαλεντινιανός,
1262 364 1396 422 μήπω
1421 362 1467 407 δὲ
1488 361 1707 420 πρόσηβος

201 433 397 489 γεγονώς.
455 434 503 480 ὃς
533 433 804 489 ὕποφθαρεὶς
831 432 948 488 παρὰ
980 437 1053 489 τῆς
1082 432 1244 490 μητρὸς
1269 433 1493 489 Ἰουστίνης
1523 434 1705 488 ἀρειανι-
1719 430 1743 468 2

201 503 357 558 ζούσης
377 507 439 558 τῷ
458 505 544 545 τῶν
559 501 788 557 Ἀρειανῶν
810 503 1010 546 συνέθετο
1032 502 1208 558 δόγματι
1233 502 1305 545 καὶ
1335 507 1420 550 τοῖς
1451 503 1706 558 ὃρθοδόξοις

200 573 416 615 ἀντέκειτο.
479 571 784 619 ἐπαναστάντος
816 571 893 614 οὗν
924 573 1042 628 αὐτῷ
1061 576 1135 615 τοῦ
1156 571 1363 627 Μαξίμου
1394 571 1466 614 καὶ
1495 570 1742 626 τυραννίδι3

163 642 535 697 5ἐπιχειρήσαντος
565 640 636 683 καὶ
668 641 712 683 ἐν
741 641 899 696 μάχαις
929 641 1287 698 ὕπερτερήσαντος
1317 642 1480 696 ἔγραψε
1504 641 1614 696 πρὸς
1633 638 1749 684 vove

197 711 369 766 βασιλέα
407 709 636 753 Θεοδόσιον
667 709 716 752 τὰ
754 711 983 766 συμβάντα,
1028 711 1271 766 συμμαχίαν
1307 709 1563 766 αἰτούμενος.
1625 711 1703 753 κά-
1717 707 1741 743 4

197 783 334 827 κεῖνος
370 779 431 835 μὴ
473 779 558 822 δεῖν
597 778 834 834 θαυμάζειν
871 780 1131 836 ἀντέγραψεν
1168 781 1207 822 εἶ
1240 780 1266 822 ὁ
1303 779 1456 827 δοῦλος
1491 780 1710 834 ὗπερτερεῒ

199 849 403 892 δεσπότου
447 847 754 898 κατεξαναστάς
792 853 866 891 τοῦ
905 849 978 892 τὸν
1017 850 1170 892 οἶκεῒον
1209 849 1461 896 ἀθετοῦντος
1499 848 1705 904 δεσπότην

197 917 269 960 καὶ
299 918 449 973 κτίσμα
487 917 559 960 καὶ
599 917 753 960 δοῦλον
790 918 1021 965 καλοῦντος
1059 916 1132 960 τὸν
1170 917 1334 973 κτίστην
1371 916 1443 960 καὶ
1479 921 1542 972 τῷ
1579 917 1704 972 πατρὶ

138 988 184 1024 10
197 987 428 1042 ὀμοούσιον
471 986 542 1029 καὶ
586 986 801 1042 ὁμότιμον.
864 986 1066 1029 ἀπελθὼν
1105 986 1151 1029 δὲ
1190 987 1247 1034 εἷς
1286 986 1530 1042 συμμαχίαν
1573 985 1740 1028 αὕτοῦῦ

29 1091 43 1114 4,
196 1055 268 1098 τόν
305 1072 346 1098 τε
382 1056 586 1111 Μάξιμον
623 1055 845 1112 συλλαβὼν
884 1055 1016 1097 ἀνεῖλε
1053 1054 1125 1097 καὶ
1162 1053 1234 1097 τὸν
1272 1053 1502 1110 στρατηγὸν
1526 1053 1702 1110 Ἀνδρα-

24 1150 36 1183 '2
61 1126 99 1164 II
113 1127 182 1164 227
197 1125 359 1180 γάθιον,
392 1126 439 1173 ὃς
471 1125 756 1180 ἐδολοφόνησε
787 1124 859 1167 τὸν
890 1124 935 1166 Γ
928 1124 1137 1179 ρατιανόν.

314 1191 408 1237 Εἶτ’
447 1193 573 1242 αὖθις
605 1194 808 1249 Εὕγένιος
846 1194 1046 1249 ἐπανέστη
1087 1193 1194 1235 κατὰ
1232 1196 1306 1235 τοῦ
1346 1193 1444 1235 νέου
1482 1192 1701 1236 Οὐαλεντι-
1717 1193 1739 1228 G

195 1267 339 1306 νιανοῢ
377 1263 448 1306 καὶ
485 1263 695 1318 τυραννίδι
739 1263 927 1305 ἐπέθετο.
990 1262 1200 1318 φοβηθεὶς
1243 1261 1320 1304 οὖν
1363 1261 1738 1309 Οὓαλεντινιανὸς7

136 1334 181 1371 15
195 1332 354 1388 ἀγχόνῃ
386 1336 460 1375 τοῦ
491 1333 586 1388 βίου
618 1331 767 1375 ἑαυτὸν
797 1332 1046 1387 ὑπεξήγαγε.
1108 1331 1180 1374 καὶ
1210 1330 1371 1386 μαθὼν
1399 1330 1474 1386 τὴν
1495 1330 1738 1385 Εὗγενίου8

193 1402 416 1456 τυραννίδα
445 1401 673 1449 Θεοδόσιος
704 1400 991 1455 ἐξεστράτευσε
1022 1398 1113 1443 κατ’
1147 1401 1292 1443 αὐτοῦ.
1355 1399 1427 1442 καὶ
1452 1401 1510 1446 εἷς
1538 1398 1738 1442 Θεσσα-9
1759 1398 1795 1434 D

192 1471 362 1527 λονίκην
401 1470 542 1513 ἐλθὼν
578 1469 682 1526 μετὰ
726 1474 800 1513 τοῦ
845 1469 1152 1526 στρατεύματος
1195 1469 1352 1516 ἐκεῖνος
1394 1467 1473 1523 μὲν
1516 1467 1700 1524 ὑβρίσθη

194 1637 240 1675 13
264 1640 315 1674 ὅτι
340 1637 462 1674 ἑαυτὸν
484 1638 620 1675 ἀνεῖλεν
644 1639 665 1674 ὅ
689 1638 765 1678 νέος
791 1639 883 1679 (om.
899 1636 943 1679 C)
974 1636 1263 1676 Οὗαλεντινιανός
1289 1634 1353 1673 ΟΕ
1428 1635 1474 1671 15
1499 1637 1548 1671 ὅτι
1565 1634 1703 1671 ἀνεῖλεν

193 1687 215 1722 ὅ
241 1687 430 1726 Θεοδόσιος
450 1685 508 1722 τὸν
525 1687 693 1732 τύραννον
710 1686 878 1732 Εὗγένιον
903 1686 946 1731 Ε,
972 1685 1052 1730 περὶ
1078 1690 1149 1721 τῶν
1175 1689 1355 1731 γυναικῶν
1381 1684 1442 1720 καὶ
1466 1688 1538 1720 τῶν
1561 1684 1702 1721 παίδων

197 1735 389 1772 Θεοδοσίου
414 1735 447 1771 Ε
473 1734 566 1778 (hoc
592 1735 755 1781 quidem
780 1734 870 1771 loeo
897 1745 935 1770 v.
962 1745 1000 1781 p.
1027 1733 1179 1780 87‚2s.)

266 1904 284 1939 1
311 1905 422 1949 μήπω
449 1903 489 1939 δὲ
511 1902 558 1949 Α,
583 1904 694 1949 μήπω
721 1904 763 1948 Ε,
789 1903 900 1949 μήπω
926 1902 1020 1949 μηδὲ
1045 1903 1144 1948 pr
1283 1902 1306 1938 2
1332 1900 1402 1937 ὖπό
1426 1901 1457 1937 Ε
1591 1901 1614 1937 4
1639 1907 1701 1938 τοῦ

263 1954 420 1997 μαξίμου
446 1952 543 1997 αὐτῷ
571 1951 673 1998 pr
771 1951 793 1988 5
818 1953 1095 1997 ἐπιχειρίσαντος
1122 1951 1154 1986 Ε
1252 1951 1274 1986 8
1300 1949 1558 1991 κατεξαναστὰς
1576 1951 1701 1985 δεσπό-

266 2014 328 2036 του
353 2002 420 2042 (ex
447 2000 631 2036 anteced.
658 2002 756 2046 rep.)
784 2000 842 2035 τὸν
868 2001 1000 2035 οἰκεῖον
1027 2000 1058 2035 Ε
1166 2003 1228 2034 τοῦ
1255 1998 1313 2034 τὸν
1339 1997 1488 2042 Apr,
1516 2003 1639 2034 τοῦτον
1664 1998 1700 2033 Ι)

265 2048 288 2083 9
314 2051 405 2094 post
430 2049 572 2094 κτίστην
599 2047 691 2084 add.
719 2048 777 2083 τὸν
799 2048 902 2094 pr
1003 2047 1047 2083 12
1073 2048 1293 2092 γρατινιανόν
1311 2046 1347 2082 D
1447 2046 1493 2082 14
1518 2047 1700 2082 διεπέθετο

266 2096 302 2131 D
377 2097 398 2131 ὁ
414 2099 510 2132 ante
527 2096 623 2132 οὖαλ.
643 2096 734 2132 add.
755 2095 784 2132 C
883 2095 939 2132 15.
956 2096 1000 2131 16
1026 2101 1087 2132 τοῦ
1113 2095 1269 2141 εὖγενιόυ
1296 2094 1358 2142 τὴν
1383 2095 1571 2140 τυραννίδα
1597 2093 1700 2141 pr

267 2144 311 2179 16
340 2145 360 2179 ὁ
386 2147 481 2180 ante
506 2144 605 2180 θεοὸ.
634 2143 724 2179 add.
753 2143 852 2190 pr

195 2316 410 2358 corruptus
444 2312 495 2347 ab
523 2311 678 2348 Iustina
708 2315 837 2349 matre
863 2311 1026 2348 Arianis
1052 2313 1219 2348 favente
1245 2310 1491 2347 Arianorum
1519 2311 1700 2358 dogmati

0 2405 2 2408 y
195 2361 438 2406 astipulatus
479 2363 518 2396 et
557 2360 794 2396 orthodoxis
832 2360 1074 2396 adversatus
1112 2363 1184 2396 est.
1247 2359 1347 2396 Cum
1382 2363 1518 2395 autem
1559 2352 1738 2395 contra3

11 2420 49 2439 ·-:-
195 2419 287 2444 oum
313 2409 612 2444 exsui-rexisset
637 2408 837 2443 Maximus
865 2411 904 2443 et
930 2408 1187 2454 tyrannidem
1212 2408 1443 2443 affectasset
1478 2410 1517 2443 et
1550 2408 1701 2453 pugnis

195 2457 369 2499 vicisset,
408 2457 566 2502 scripsit
605 2455 656 2491 ad
696 2466 834 2498 regem
870 2456 1155 2499 Theodosium
1195 2466 1300 2501 quae
1340 2455 1415 2491 sibi
1457 2455 1699 2497 evenissent,

196 2508 235 2540 et
261 2505 495 2540 societatem
523 2505 664 2539 oravit.
717 2503 789 2540 Cui
818 2504 881 2539 illo
908 2504 1117 2550 respondit
1149 2515 1231 2539 non
1265 2513 1353 2539 esse
1384 2503 1628 2546 mirandum,
1668 2495 1737 2538 si4

195 2562 338 2588 servus
372 2551 586 2587 seditiosus
623 2562 714 2587 eum
751 2551 956 2587 dominum
995 2553 1187 2591 vinem-ot,
1226 2552 1294 2596 qui
1334 2561 1451 2586 suum
1492 2550 1699 2586 dominum

195 2599 430 2646 repudiaret
456 2603 495 2635 et
522 2602 748 2635 creaturam
777 2611 824 2635 ac
856 2611 1018 2635 servum
1053 2600 1277 2645 appellaret
1309 2598 1571 2642 conditorem,
1611 2598 1699 2644 pari

195 2651 235 2683 et
262 2651 410 2683 natura
437 2651 475 2683 et
503 2647 701 2693 dignitate
727 2658 818 2683 cum
846 2651 962 2693 patre
988 2648 1227 2694 praeditum.
1279 2645 1358 2682 Sed
1385 2647 1580 2682 societate
1598 2640 1736 2682 inita5

194 2695 413 2731 Maximum
448 2695 745 2740 deprehensum
777 2696 976 2741 supplicio
1009 2696 1144 2731 affecit
1176 2705 1260 2730 una
1292 2705 1382 2730 cum
1415 2694 1518 2730 duce
1546 2692 1700 2730 Andra-

195 2743 347 2790 gathio.
377 2743 446 2788 qui
474 2743 618 2778 fraude
646 2743 850 2779 occiderat
877 2743 1129 2779 Gratianum.

314 2790 416 2825 Tum
444 2791 563 2826 etiam
591 2791 801 2836 Eugenius
832 2793 1063 2827 exsurrexit
1090 2795 1232 2827 contra
1258 2791 1454 2825 minorem
1482 2786 1735 2824 Valentini-6

195 2849 330 2883 anum,
362 2838 590 2883 tyrannidis
623 2838 838 2874 studiosus.
890 2839 1134 2875 Pan-territus
1159 2840 1286 2883 igitur
1311 2837 1622 2873 Valentinianus
1646 2834 1735 2870 la-7

196 2896 302 2927 aueo
342 2889 509 2922 mortem
548 2886 623 2922 sibi
667 2887 874 2924 conscivit.
926 2887 974 2922 Et
1017 2890 1224 2933 comperta
1263 2885 1438 2931 Eugenii
1481 2882 1736 2931 tyrannidess

196 2932 469 2971 Tim-onosma
497 2937 637 2971 contra
665 2934 774 2971 illum
800 2936 1016 2983 profectus,
1049 2946 1139 2972 eum
1166 2933 1493 2971 Thessalonicam
1522 2930 1735 2970 venis-soti)
