2054 3282
348 230 419 268 546
723 230 904 269 ZONAR.
931 229 1062 268 EPIT.
1088 228 1200 267 XVII
1225 230 1258 276 5,
1285 230 1414 277 47-6,
1442 229 1474 268 5.

298 353 528 407 Βτεύματα
564 351 783 407 (ἐπίσημος
815 352 894 406 γὰρ
926 351 977 406 ἦν
1006 352 1029 392 ὃ
1052 353 1189 406 ἵππος,
1221 352 1478 407 κεκλημένος
1498 353 1738 409 Αἰγύπτιος)
1772 355 1843 397 καὶ

350 421 544 476 οἰηθέντα
591 425 727 462 πεσεῖν
773 420 844 461 τὸν
890 421 1052 461 ἑαυτῶν
1098 420 1296 474 ἡγεμόνα,
1346 421 1543 474 ἀκρατῶς
1588 422 1845 477 ὡρμήκεσαν

288 488 456 543 48πρὸς
499 489 651 543 φυγήν.
714 489 979 542 κατανοήσας
1022 488 1067 529 δὲ
1109 487 1156 530 τὸ
1200 489 1417 543 γινόμενον
1456 490 1480 531 ὁ
1517 490 1676 536 Φωκᾶς
1719 492 1845 533 ἔπεισι

347 561 432 603 τοῖς
468 557 670 612 φεύγουσι
713 556 809 602 τοὺς
853 557 1032 603 οἰκείους
1074 557 1423 611 παραθαρρύνας,
1467 557 1538 599 καὶ
1580 558 1726 600 πολλοὶ
1766 559 1845 615 μὲν

349 624 555 679 ἀνῄρηντο
586 623 670 666 ὕπὸ
701 627 787 665 τῶν
815 624 1115 679 ἀντιπολέμων,
1147 625 1293 666 πολλοὶ
1316 625 1453 667 δὲκαὶ
1475 627 1703 680 ἡλίσκοντο,
1733 629 1880 670 πλεῖ-5

288 699 335 734 49
349 709 424 739 ους
468 693 505 734 δ’
550 690 620 734 ὑπ’
667 692 859 746 ἀλλήλων
903 693 1128 735 ἐκτείνοντο
1172 695 1524 748 συμπατούμενοι.
1587 696 1777 738 ἐντεῦθεν
1820 697 1844 738 ὁ

347 760 544 816 Σκληρὸς
590 760 871 816 ε’ξαπορηθεὶς
915 761 1018 815 μετὰ
1066 765 1150 803 τῶν
1195 762 1546 817 περιλειφθέντων
1595 766 1846 820 καταφεύγει

346 828 455 884 πρὸς
485 828 689 883 Χοσρόην
719 828 791 870 τὸν
821 829 1111 884 Βαβυλώνιον.

288 905 335 940 50
466 897 552 940 Καὶ
572 901 695 939 τοῦτο
716 898 876 952 μαθὼν
898 898 922 939 ὁ
943 898 1135 953 βασιλεὺς
1156 900 1319 954 ἔπεμψε
1339 899 1447 954 πρὸς
1467 899 1684 956 Χοσρόην,
1714 902 1845 951 ἀξιῶν

345 965 405 1021 μὴ
438 966 754 1021 προσδέξασθαι
783 966 856 1008 τὸν
886 968 1198 1022 τυραννήσαντα
1231 967 1336 1009 κατὰ
1364 972 1438 1010 τοῦ
1461 969 1615 1010 οἰκείου
1639 970 1842 1012 δεσπότου
1859 975 1904 1011 10

348 1034 586 1089 γενόμενον,
627 1035 693 1076 ἵνα
724 1034 784 1090 μὴ
818 1035 889 1077 καὶ
919 1034 1021 1077 καθ’
1055 1036 1205 1078 ἑαυτοῦ
1237 1036 1470 1091 ὑπόδειγμα
1504 1037 1595 1092 δοίη
1629 1039 1707 1080 οὐκ
1739 1040 1842 1094 ἀγα-

287 1110 330 1146 51
346 1102 439 1144 θόν.
501 1103 624 1157 ἔφερε
663 1100 700 1145 δ’
734 1103 758 1145 ὁ
789 1103 1000 1158 πεμφθεὶς
1036 1104 1108 1145 καὶ
1145 1104 1253 1158 πρὸς
1291 1104 1362 1146 τὸν
1393 1105 1592 1160 Σκληρὸν
1635 1107 1705 1148 καὶ
1747 1108 1844 1154 τοὺς

345 1168 433 1225 μετ’
463 1170 592 1213 αὐτοῦ
625 1172 815 1227 ἔγγραφα
846 1176 896 1227 τῇ
926 1172 1119 1228 βασιλικῇ
1150 1173 1438 1227 βεβαιωθέντα
1469 1175 1584 1228 χειρί,
1618 1176 1844 1230 ἀμνηστίαν

346 1239 486 1286 αὐτοῖς
516 1243 602 1281 τῶν
632 1242 943 1295 πεπραγμένων
974 1241 1250 1296 βραβεύοντα,
1296 1243 1333 1283 εἰ
1361 1242 1581 1284 ἀποσταῖεν
1611 1247 1683 1298 τῆς
1714 1244 1892 1298 ἔγχει-Ι)
1913 1245 1967 1282 IV
1986 1247 2054 1283 110

287 1315 334 1350 52
346 1309 512 1363 ρήσεως
542 1308 614 1350 καὶ
644 1314 706 1363 τῷ
736 1309 898 1363 βασιλεῖ
923 1310 1198 1363 ὑποκύψαιεν.
1260 1314 1386 1351 ταῦτα
1411 1310 1460 1351 τὰ
1481 1311 1590 1364 πρὸς
1610 1311 1681 1353 τὸν
1701 1312 1842 1367 Σκλη-
1859 1316 1903 1352 15

346 1377 423 1432 ρὸν
454 1377 525 1419 καὶ
555 1377 652 1424 τοὺς
682 1375 769 1431 μετ’
803 1378 964 1419 ἐκείνου
999 1378 1180 1420 Βασίλεια
1213 1379 1437 1433 γράμματα
1470 1380 1532 1426 ὡς
1563 1381 1672 1434 ἔγνω
1704 1380 1728 1421 ὁ
1752 1380 1842 1422 Βα-

133 1451 333 1488 P11219A
346 1446 566 1501 βυλώνιος,
589 1446 715 1488 αὐτόν
735 1463 777 1488 τε
797 1446 869 1488 τὸν
890 1447 964 1502 τὴν
979 1447 1202 1501 πρεσβείαν
1217 1447 1455 1502 πληροῦντα
1473 1448 1543 1489 καὶ
1558 1448 1629 1490 τὸν
1644 1449 1844 1504 Σκληρόν

288 1522 334 1558 53
346 1514 418 1556 καὶ
453 1513 552 1561 τοὺς
589 1511 677 1569 μετ’
717 1515 845 1556 αὐτοῦ
884 1516 1135 1570 στρατιώτας
1176 1516 1482 1570 καθείργνυσιν.
1546 1517 1728 1558 ἐνταῦθα
1765 1518 1844 1572 μὲν

348 1581 424 1625 οὗν
454 1582 543 1624 τότε
573 1582 622 1624 τὰ
653 1587 726 1638 τῆς
757 1583 1010 1630 ἀποστασίας
1042 1584 1158 1638 ἔληξε
1189 1589 1250 1638 τῷ
1280 1584 1478 1639 Σκληρῷ.

347 1711 580 1796 6,φυγ7“ἒὲοῦ
605 1713 776 1758 Σκληροῦ
807 1713 896 1758 πρὸς
921 1713 1122 1760 Βαβυλῶνα
1154 1713 1214 1748 καὶ
1243 1714 1428 1759 κάθειρξις
1457 1714 1563 1750 αὐτοῦ
1589 1715 1649 1750 καὶ
1675 1719 1744 1751 τῶν
1767 1716 1841 1761 μετ’

347 1774 453 1795 αυτου

419 1874 442 1909 2
467 1874 601 1909 ἑαυτῶν
625 1872 697 1908 AR
722 1873 852 1918 (Cedr.
877 1874 901 1908 l.
921 1884 952 1909 c.
975 1885 1012 1920 p.
1030 1874 1112 1918 439,
1130 1875 1202 1919 c24),
1229 1874 1345 1910 αὐτῶν
1371 1874 1505 1921 DEwp
1603 1875 1625 1911 5
1650 1876 1717 1911 ἀπὸ
1743 1877 1840 1922 Ewp

420 1922 442 1956 6
468 1935 617 1966 συμπατ.
644 1921 836 1957 ἐκτείνοντο
864 1921 892 1957 C
1023 1923 1043 1958 7
1069 1923 1301 1967 ἐξαπορηθεΐς
1327 1923 1411 1968 w*p
1541 1923 1562 1958 9
1587 1924 1657 1958 Καὶ
1684 1935 1757 1959 om.
1784 1924 1841 1960 Di

420 1969 559 2004 Haasii
597 1973 694 2004 nota
731 1969 783 2004 ad
823 1980 982 2004 versum
1024 1970 1221 2005 decimum
1261 1971 1487 2015 pertinente
1520 1981 1732 2016 perperam
1762 1972 1840 2007 hue

419 2017 548 2052 relata
669 2017 716 2051 10
741 2020 835 2052 ante
860 2017 949 2052 κατὰ
975 2018 1065 2052 add.
1093 2018 1152 2052 καὶ
1181 2017 1335 2063 EwpDi
1462 2019 1504 2052 11
1531 2019 1591 2054 καὶ
1618 2029 1692 2054 om.
1720 2019 1751 2055 O

422 2064 466 2099 13
489 2064 565 2109 μετ’
591 2065 714 2099 ἑαυτοῦ
740 2063 788 2110 Ρ*
930 2065 1136 2110 ἀμνηστείαν
1162 2066 1259 2111 Ewp
1399 2065 1443 2100 14
1467 2066 1688 2111 ἒγχειρίσεως
1713 2067 1744 2101 Β

424 2111 467 2147 15
493 2111 557 2157 τῷ]
583 2112 622 2147 τὸ
647 2112 696 2158 p*
822 2112 867 2147 16
890 2112 966 2157 μετ’
991 2113 1128 2148 ἐκείνου
1154 2111 1321 2158 prDi,
1346 2119 1543 2158 μετεκεΐνον
1567 2113 1613 2158 Α,
1638 2115 1776 2150 ἐκείνου
1803 2115 1839 2150 D
2052 2139 2054 2141 -

466 2160 652 2205 γράμματα
675 2160 832 2206 βασίλεια
849 2159 885 2194 D
984 2161 1028 2196 17
1054 2161 1111 2195 τὸν
1136 2164 1227 2206 post
1252 2174 1287 2195 τε
1313 2171 1388 2196 om.
1415 2161 1462 2206 p*
1560 2162 1605 2196 18
1630 2162 1840 2207 στρατιώτας
2048 2164 2054 2194 ἰ

421 2218 496 2243 om.
522 2207 559 2242 D
657 2209 900 2254 κατείργνυσιν
924 2207 973 2254 p*
1072 2209 1117 2243 19
1142 2210 1216 2243 τότε
1240 2211 1331 2254 post
1355 2209 1563 2248 ἀποστασίας
1589 2209 1624 2243 D
2050 2203 2054 2222 ⁴²

348 2325 473 2362 Scleri
508 2327 711 2363 exercitus
750 2337 798 2363 eo
838 2328 977 2373 agnito
1016 2327 1160 2373 (equus
1199 2328 1303 2363 enim
1337 2331 1425 2363 erat
1459 2329 1638 2374 insigniS,
1676 2329 1839 2364 nomine

287 2376 335 2411 48
348 2374 590 2420 Aegyptius)
617 2375 759 2410 ducem
788 2375 981 2411 cecidisse
1007 2379 1119 2410 ratus
1145 2375 1270 2410 effuse
1297 2376 1468 2421 fugeret.
1519 2375 1607 2416 Qua
1626 2377 1839 2412 occasione

346 2422 503 2457 Phocas
529 2426 692 2468 arrepta
719 2433 895 2468 suosque
922 2423 1154 2458 cohortatus
1172 2423 1375 2468 fugientes
1400 2424 1665 2468 persequitur,
1692 2425 1838 2459 multos

348 2469 492 2513 caedit,
517 2471 663 2506 multos
690 2471 814 2516 capit3
841 2470 976 2516 plures
1003 2471 1120 2505 etiam
1149 2481 1173 2505 a
1200 2481 1242 2506 se
1268 2471 1343 2516 ipsi
1370 2471 1594 2506 conculcati
1619 2472 1838 2516 perierunt.

287 2518 334 2554 49
347 2516 448 2552 Tum
477 2517 638 2552 demum
665 2516 825 2554 Selerus
852 2518 1075 2564 desperatis
1101 2518 1223 2553 rebus
1249 2528 1340 2553 cum
1366 2519 1544 2563 reliquiis
1562 2519 1614 2553 ad
1633 2518 1835 2554 Chosroen

345 2564 615 2610 Babylonium
642 2566 838 2611 confugit.
2047 2570 2054 2591 ἱ

287 2614 335 2649 50
471 2611 506 2647 A
533 2612 709 2648 Chosroe
735 2616 870 2648 autem
896 2623 969 2648 rex
995 2623 1068 2658 per
1094 2613 1249 2659 legatos
1276 2613 1387 2658 petit,
1429 2623 1480 2648 ne
1519 2616 1736 2658 tyrannum
1771 2614 1838 2649 ad·
2047 2597 2054 2653 l

346 2660 477 2695 mittat
495 2661 557 2695 sui
584 2660 735 2695 domini
764 2665 1099 2706 oppugnatorem,
1126 2661 1304 2705 alioquin
1330 2661 1478 2695 malum
1506 2662 1734 2706 exemplum
1760 2662 1837 2707 ipsi
2047 2662 2054 2682 ¹

216 2707 482 2743 51.52fraudi
514 2708 708 2743 futurum.
771 2707 870 2744 Cum
908 2714 1043 2743 autem
1080 2708 1326 2753 Babylonius
1368 2709 1626 2753 cognovisset
1663 2709 1836 2744 eundem

345 2754 524 2800 legatum
552 2753 686 2791 Sclero
720 2765 883 2801 quoque
916 2756 1084 2800 eiusque
1117 2755 1308 2790 militibus
1347 2756 1492 2790 afferre
1531 2756 1682 2791 litteras
1719 2758 1836 2802 regia

345 2812 469 2837 manu
493 2802 752 2848 subscriptas,
780 2803 926 2848 quibus
952 2803 1000 2838 iis
1025 2804 1242 2848 impunitas
1269 2804 1580 2848 promitteretur,
1606 2803 1725 2838 modo
1749 2814 1835 2839 coe·
2047 2823 2054 2847 z·

346 2849 424 2894 ptis
451 2850 690 2886 desisterent
715 2860 841 2896 seque
862 2851 951 2896 regi
969 2850 1173 2894 dederent,
1200 2854 1281 2886 tam
1300 2850 1488 2896 legatum,
1516 2861 1636 2896 quam
1655 2850 1833 2887 Scleruin
2046 2853 2054 2891 ἐ,

287 2896 333 2934 53
348 2906 438 2932 eum
456 2898 538 2932 suis
558 2898 596 2932 in
618 2898 782 2934 vincula
800 2898 980 2934 coniecit.
1031 2898 1079 2933 Et
1105 2898 1168 2933 hie
1194 2898 1270 2933 fuit
1297 2899 1429 2933 exitus
1456 2898 1691 2934 defectionis
1716 2899 1832 2935 illius.
2043 2899 2054 2924 ³
