2054 3282
375 284 445 323 606
765 285 946 324 ZONAR.
974 284 1104 322 EPIT.
1131 284 1243 323 XVII
1270 287 1324 332 18,
1352 286 1480 323 6—16.

373 423 505 461 ματος
548 408 684 462 μόνου
728 412 799 462 τῆς
838 408 1045 461 βασιλείας
1081 409 1264 463 μετέχειν
1301 408 1373 450 τὸν
1404 409 1589 464 Μχαήλ,
1634 410 1794 466 ἐκείνης
1830 411 1867 454 δ’
1883 415 1920 451 D
1939 414 1993 452 IV
2012 414 2054 452 15

374 475 475 517 εἶναι
496 476 569 530 τὴν
591 477 793 524 ἐξουσίαν,
826 476 896 517 καὶ
919 477 980 522 ὡς
1002 477 1306 531 ἀργυρωνήτῳ,
1339 478 1376 518 εἰ
1403 478 1605 532 βούλεται,
1637 480 1870 534 κεχρῆσθαι

337 550 359 585 7
374 546 500 598 αὐτῷ.
562 545 720 590 τούτοις
742 545 901 598 ἐκείνην
922 544 992 585 καὶ
1015 545 1153 590 ἄλλως
1179 546 1398 600 εὐάγωγον
1431 545 1562 588 οὖσαν
1593 548 1869 602 καταγοητεύ-

327 616 358 651 Β
374 628 516 659 σαντες
545 612 616 654 καὶ
638 613 966 661 καταθέλξαντες
986 617 1070 659 τοῖς
1090 614 1323 668 μειλίγμασι
1345 614 1501 656 συλῶσι
1521 615 1592 656 καὶ
1612 620 1685 657 τοῦ
1709 617 1870 658 ἑαυτῶν

337 685 537 723 8ποιοῡσι
575 682 827 735 θελήματος.
890 680 961 722 καὶ
994 682 1252 736 ἐγχειρίζεται
1283 682 1329 723 τὸ
1362 687 1574 737 σκῆπτρον
1604 689 1666 738 τῷ
1695 683 1906 738 Μχαὴλό

373 750 444 791 καὶ
476 750 683 791 ἀναδεῖται
713 754 762 804 τῇ
791 749 983 804 βασιλικῇ
1006 750 1187 804 στεφάνῃ
1211 750 1235 792 ὁ
1256 751 1406 805 ταύτης
1428 751 1607 805 ἀνάξιος,
1641 753 1691 793 οὗ
1712 752 1871 806 μᾶλλον

374 818 420 858 ἐκ
465 819 624 872 γένους,
671 818 802 859 καίτοι
845 818 994 859 τούτου
1035 819 1175 873 τυχὼν
1214 819 1533 873 ὃυσγενεστάτου
1571 820 1642 861 καὶ
1679 821 1871 875 ἀφανοῦς

376 885 477 940 (τῶν
509 885 588 941 γὰρ
622 885 695 932 τὰς
731 891 835 941 νῆας
871 887 1230 928 καταπιττούντων
1268 887 1321 942 ἧν
1353 888 1469 942 αὐτῷ
1500 888 1524 929 ὁ
1555 887 1724 943 πατήρ),
1769 889 1870 931 ὅσον

338 958 360 993 9
374 954 421 996 ἐκ
443 955 614 1009 τρόπων
635 954 876 1009 κακότητος.
939 955 991 1010 ἦν
1013 955 1092 1010 γὰρ
1114 956 1298 1002 ὕπουλος
1317 955 1396 1010 μὲν
1415 956 1490 1010 τὴν
1511 957 1697 1011 γνώμην,
1731 957 1868 1011 ἀγνώ-

372 1038 470 1077 μων
493 1023 632 1077 δὲτὴν
654 1022 798 1077 ψυχὴν
827 1023 898 1064 καὶ
930 1023 1152 1077 ἀχάριστος
1182 1024 1253 1065 καὶ
1282 1025 1386 1079 μήτε
1418 1026 1653 1079 συγγενείας
1682 1024 1870 1079 ’θεσμοὺς
1886 1031 1930 1066 10

315 1095 360 1130 10
372 1092 476 1146 μήτε
508 1091 645 1145 φιλίας
677 1091 940 1146 αἰδούμενος.
1002 1091 1055 1146 ἦν
1088 1093 1134 1134 δέ
1166 1093 1205 1133 οἱ
1235 1093 1307 1134 καὶ
1337 1095 1362 1148 ἡ
1390 1093 1548 1147 γλῶττα
1569 1092 1678 1147 πρὸς
1696 1092 1745 1134 τὰ
1766 1094 1868 1148 βου-

373 1160 556 1214 λεύματα
587 1165 660 1215 τῆς
690 1165 833 1215 ψυχῆς
864 1161 1127 1215 ἀσύμφωνος
1158 1162 1228 1203 καὶ
1258 1162 1511 1216 ἀσύμβατος,
1544 1162 1646 1203 ἄλλα
1668 1161 1727 1203 ε’νὶ
1747 1162 1870 1216 φρεσὶ

315 1233 357 1267 11
373 1229 579 1278 κεύθοντι,
624 1230 726 1270 ἄλλα
767 1230 811 1271 ὂὲ
850 1230 1017 1284 λέγοντι,
1064 1229 1134 1271 καὶ
1174 1230 1240 1271 ἐπὶ
1277 1231 1448 1285 τούτοις,
1493 1233 1605 1284 εἴπερ
1642 1247 1700 1277 τις
1730 1231 1867 1285 ἄλλος,

331 1298 587 1352 Οβάσκανος
618 1298 642 1338 ὁ
675 1297 782 1352 ἀνὴρ
816 1298 1108 1353 δουλοπρεπής
1138 1315 1180 1340 τε
1210 1298 1325 1353 παρὰ
1357 1299 1429 1346 τὰς
1459 1303 1544 1341 τῶν
1575 1303 1736 1354 καιρῶν
1768 1299 1866 1341 δυσ-

373 1366 517 1412 κολίας
550 1365 621 1407 καὶ
653 1366 929 1421 ἀνελεύθερος
963 1367 1170 1421 ὃύσοργός
1200 1384 1241 1409 τε
1273 1368 1343 1409 καὶ
1374 1368 1665 1422 εὐμετάβολος,
1710 1369 1790 1410 οῦκ
1823 1368 1868 1416 ἓξ
1885 1374 1928 1409 15

374 1434 505 1489 ὀργῆς
526 1435 632 1489 ῥᾷον
653 1435 1016 1489 μεταβαλλόμενος
1048 1437 1104 1481 εἰς
1134 1436 1359 1491 πρᾳότητα,
1393 1434 1478 1477 ἀλλ’
1513 1437 1560 1477 ἔκ
1591 1437 1869 1491 χρηστοτέρας

314 1507 360 1542 12
376 1502 608 1548 διαθέσεως
651 1504 708 1549 εἷς
744 1507 867 1557 μῖσος
905 1503 952 1545 ἐκ
990 1508 1063 1545 τοῦ
1100 1505 1296 1559 τυχόντος
1325 1505 1676 1559 μεταφερόμενος.
1737 1505 1761 1546 ὁ
1791 1505 1870 1559 μὲν

374 1569 450 1611 οὗν
479 1575 665 1617 τοιοῦτος
696 1572 759 1613 ὢν
791 1572 857 1613 ἐπὶ
885 1571 957 1614 τὸν
988 1573 1119 1621 ἄξονα
1150 1577 1222 1628 τῆς
1252 1574 1460 1628 βασιλείας
1491 1574 1693 1628 ἀνάγεται,
1730 1579 1792 1627 τῷ
1823 1574 1868 1615 δὲ

372 1717 395 1753 5
407 1717 600 1764 ἀνάρρησις
613 1719 662 1758 εἰς
673 1719 815 1765 βασιλέα
827 1724 889 1755 τοῦ
898 1720 1087 1766 Καίσαρος,
1101 1720 1162 1757 καὶ
1177 1722 1267 1763 (om.
1278 1721 1323 1765 E)
1335 1721 1406 1760 οἷος
1419 1721 1462 1767 ἦν
1471 1721 1509 1756 τὸ
1519 1720 1636 1767 ἦθοςὸ
1644 1722 1691 1757 Μ
1689 1735 1699 1756 ι
1701 1721 1792 1767 χαήλ
1803 1720 1866 1758 CE

444 1855 467 1890 2
491 1856 733 1902 ἀργυρωνήτῳ
752 1855 814 1899 (O)
833 1857 949 1893 Psell.
969 1869 1006 1903 p.
1023 1858 1079 1903 78,
1096 1858 1140 1893 17
1158 1857 1224 1903 Di,
1251 1857 1491 1904 ἀργυροξνήτω
1506 1858 1671 1904 A(Ewp)
1745 1858 1767 1894 5
1790 1873 1866 1894 ποι·

445 1908 510 1938 ῶσι
538 1904 573 1938 D
730 1910 780 1949 τῷ
804 1905 935 1951 μιχαὴλ
962 1905 999 1940 τὸ
1024 1911 1201 1951 σκῆπτρον
1227 1906 1322 1952 Ewp
1480 1907 1501 1942 7
1527 1907 1659 1951 ὃυςγεν.
1685 1906 1803 1952 τυχὼν
1828 1906 1864 1941 D

444 1952 514 1986 8.9
539 1953 866 1997 ὅσον-κακότητος
893 1963 969 1988 om.
987 1953 1022 1987 D
1121 1954 1142 1988 9
1167 1953 1231 1998 μὲν
1259 1964 1334 1989 om.
1353 1953 1410 1988 Di
1435 1954 1574 1989 Haasii
1601 1955 1864 1989 annotatione

445 1999 497 2033 ad
523 2010 581 2034 vs.
610 2000 655 2034 12
681 2001 908 2045 pertinente
935 2011 1147 2046 perperam
1175 2002 1254 2036 huc
1279 2002 1407 2036 relata
1544 2002 1586 2036 11
1613 2002 1753 2046 γλῶσσα
1780 2001 1816 2036 D

447 2047 492 2081 12
517 2047 715 2093 ἀσύμβατος
737 2049 742 2091 Ι
764 2048 824 2083 καὶ
849 2048 1026 2094 ἀσύμφων
1051 2048 1087 2083 D
1163 2053 1257 2084 ante
1274 2049 1323 2084 ε’νὶ
1342 2050 1434 2084 add.
1451 2049 1515 2093 μὲν
1533 2050 1689 2094 prDi
1760 2050 1810 2084 ἑνὶ
1828 2049 1863 2083 D

446 2095 491 2129 13
516 2095 795 2140 ἄλλα-λέγοντι]
824 2097 874 2131 ef.
899 2096 1060 2132 Homer.
1087 2096 1129 2131 Il.
1156 2096 1213 2131 IX
1237 2097 1307 2131 313
1418 2098 1472 2132 13.
1500 2097 1545 2131 14
1568 2098 1746 2142 βάσκανος
1771 2100 1865 2132 ante

444 2142 547 2181 ἄλλος
565 2142 593 2179 C
693 2142 737 2177 14
760 2143 856 2189 παρὰ
874 2142 956 2188 AR,
972 2143 1052 2189 περὶ
1071 2154 1122 2180 eX
1138 2143 1234 2189 παρὰ
1252 2148 1345 2180 mut.
1365 2144 1462 2190 Bwp
1562 2145 1606 2179 18
1627 2144 1701 2189 οὗν]
1721 2144 1760 2180 δὲ
1776 2143 1863 2190 W*p

373 2285 546 2320 botenus
582 2285 795 2321 dumtaxat
827 2296 967 2331 regem
998 2287 1098 2331 fore,
1137 2287 1207 2322 sed
1240 2297 1363 2332 penes
1389 2287 1496 2322 illam
1531 2288 1664 2322 omnia
1694 2287 1750 2322 ita
1776 2296 1864 2323 esse

373 2333 522 2376 futura,
561 2336 606 2368 ut
632 2335 758 2378 possit
782 2335 842 2369 uti
867 2333 1062 2370 Michaele
1087 2345 1168 2370 non
1197 2345 1313 2370 secus
1339 2345 1387 2370 ac
1412 2336 1611 2380 mancipio
1639 2344 1734 2370 aere
1760 2337 1799 2370 et
1824 2335 1864 2368 li-

338 2379 447 2415 7bra
474 2383 618 2426 empto.
681 2381 753 2416 His
779 2382 900 2417 rebus
925 2382 1044 2426 illam,
1075 2392 1147 2427 per
1173 2392 1216 2417 sc
1243 2393 1405 2428 quoque
1431 2383 1601 2426 facilem,
1635 2382 1864 2428 praestig-iis

374 2437 423 2462 ac
459 2428 664 2464 blanditiis
696 2429 902 2464 delinitam
932 2430 988 2464 ita
1021 2433 1227 2475 ceperunt,
1266 2435 1311 2466 ut
1345 2433 1450 2466 esset
1481 2431 1521 2464 in
1551 2431 1730 2475 ipsorum
1756 2432 1864 2475 pote-

337 2475 359 2509 8
374 2478 488 2511 state.
539 2475 683 2521 Itaque
708 2476 904 2511 MICHAEL
930 2479 1132 2522 sceptrum
1160 2478 1306 2522 accipit
1331 2481 1370 2512 et
1394 2478 1508 2522 regia
1535 2488 1685 2512 corona
1708 2477 1864 2512 redimi-

373 2526 450 2567 tur,
477 2533 559 2568 qua
577 2527 665 2559 erat
682 2524 886 2570 indignus,
914 2534 997 2560 non
1015 2527 1096 2559 tam
1117 2525 1168 2560 ob
1187 2535 1319 2570 genus
1338 2526 1570 2560 vilissimum
1590 2528 1629 2560 et
1648 2525 1864 2560 obscurum

373 2573 503 2615 (pater
529 2571 635 2606 enim
662 2572 748 2606 eius
773 2581 901 2607 naves
927 2572 1063 2617 picare
1090 2572 1270 2617 solebat),
1310 2582 1430 2618 quam
1459 2573 1508 2607 ob
1535 2582 1691 2607 morum
1721 2573 1864 2617 impro-

337 2617 550 2653 9bitate1n.
600 2618 697 2653 Erat
730 2620 837 2654 enim
870 2620 1035 2665 ingenio
1077 2619 1260 2664 subdolo,
1299 2621 1432 2654 animo
1459 2620 1597 2664 iniquo
1626 2623 1664 2654 et
1690 2620 1863 2665 ingrato,

314 2665 359 2699 10
373 2675 506 2710 neque
533 2667 789 2711 cognationis
825 2676 960 2712 neque
986 2667 1187 2702 amicitiae
1212 2668 1302 2702 iura
1332 2677 1536 2710 reverens,
1576 2668 1716 2712 lingua
1742 2677 1863 2712 porro

373 2713 425 2747 ab
452 2714 574 2747 animi
602 2715 802 2749 sententia
829 2714 1090 2750 dissentiente
1116 2724 1165 2749 ac
1191 2714 1457 2759 discrepante,
1492 2715 1570 2749 alia
1596 2720 1748 2760 tegere,
1785 2714 1864 2749 alia

315 2759 356 2793 11
374 2760 508 2795 dicere
535 2760 686 2796 solitus.
737 2760 800 2795 Ad
827 2772 876 2796 ea
907 2762 1130 2797 accedebat
1159 2762 1374 2807 singularis
1405 2762 1645 2806 invidentia3
1679 2762 1864 2807 tempori-

372 2807 448 2842 bus
475 2808 700 2843 difficilibus
727 2809 883 2844 servilis
911 2812 998 2844 erat
1024 2812 1063 2844 et
1088 2809 1304 2853 illiberalis,
1342 2810 1562 2844 iracundus
1589 2813 1627 2844 et
1650 2810 1863 2852 mutabilis,

373 2855 430 2889 sic
455 2858 601 2899 tamen,
639 2859 685 2890 ut
711 2866 734 2890 a
761 2857 1045 2892 benevolentia
1072 2857 1229 2891 facilius
1255 2857 1399 2901 quavis
1427 2857 1476 2891 de
1509 2867 1631 2891 eausa
1665 2857 1717 2891 ad
1747 2856 1864 2891 male-

314 2901 359 2935 12
373 2902 590 2937 volentiam
618 2903 848 2948 declinaret,
876 2914 997 2949 quam
1023 2904 1075 2938 ab
1092 2904 1305 2938 iracundia
1330 2904 1383 2938 ad
1409 2905 1670 2939 clementiam.
1722 2904 1864 2946 Quam-

373 2949 433 2983 vis
459 2953 594 2984 autem
628 2951 717 2986 talis
750 2954 865 2995 esset,
905 2951 957 2986 ad
982 2951 1263 2997 gubernacula
1289 2952 1406 2997 regni
1438 2952 1629 2996 ascendit,
1669 2962 1774 2997 quae
1800 2961 1864 2986 res
