2054 3282
206 221 419 264 PVGNAE
437 221 542 263 CVM
559 221 738 263 PERSIS
757 221 975 263 FACTAE.
1019 220 1300 263 CHAGANVS
1317 219 1578 262 VINCITVR.
1636 219 1708 260 209

206 348 342 404 μόνας
386 352 460 391 τοῦ
503 349 598 391 υἱοῦ
642 349 771 391 αὐτοῦ
816 348 1134 391 Κωνσταντίνου
1177 347 1460 390 καταλελοίπει
1505 345 1578 388 καὶ
1622 349 1708 388 τῶν

206 420 364 460 κοινῶν
405 417 668 472 πραγμάτων
707 416 917 472 διὀικητάς
955 417 1195 472 ἀποδημῶν
1233 416 1258 458 ὁ
1295 414 1559 471 Ἡράκλειος)
1604 415 1707 457 ἕτοι-

205 486 442 541 μασάμενοι
457 487 623 541 πλῆθος
639 487 810 541 ἀνδρῶν
832 487 1034 541 γενναίων
1054 485 1160 528 κατὰ
1182 489 1268 528 τῶν
1287 485 1523 540 βαρβάρων
1545 484 1706 539 ἀφρον-

206 555 464 603 τιστούντων,
496 555 559 602 ὡς
587 555 648 610 μὴ
679 555 889 609 παρόντος
910 555 1229 610 στρατεύματος,
1262 553 1599 609 ἀπροσδοκήτως
1620 553 1706 601 ἑξέ-

170 631 383 679 5πεμψαν
427 624 498 666 καὶ
543 623 700 670 πολλὰς
746 625 887 666 αὐτῶν
932 624 1119 678 χιλιάδας
1166 623 1420 679 διέφθειραν.
1483 623 1524 664 οῖ
1571 621 1618 663 δέ
1663 636 1708 676 γε
1722 624 1744 660 3
1770 623 1801 659 Β

205 693 537 748 περιλειφθέντες
573 693 760 747 αἰσχρῶς
796 693 1021 747 φεύγοντες
1058 693 1101 739 εἷς
1137 693 1225 747 ἤθη
1265 691 1314 733 τὰ
1352 692 1514 734 ἑαυτῶν
1557 690 1708 733 ὑπενό-

207 775 371 816 στησαν.

327 828 573 884 Ἡράκλειος
595 830 641 872 δὲ
661 830 782 872 πάλιν
799 831 930 885 ἑτέρῳ
946 830 1136 885 σατράπῃ
1153 829 1256 884 μετὰ
1274 829 1493 884 τριάκοντα
1510 827 1710 884 χιλιάδων
1722 831 1745 866 4

208 895 299 941 κατ’
340 899 470 941 αὐτοῦ
506 899 741 954 πεμφθέντι
778 899 894 953 παρὰ
935 898 1139 953 Χοσρόου
1183 899 1405 953 συμμίξας,
1450 897 1522 939 καὶ
1563 901 1710 939 τοῦτον

149 975 197 1011 10
209 967 412 1022 ἐτρέψατο
443 968 514 1010 καὶ
543 967 641 1014 τοὺς
670 968 758 1022 μετ’
792 968 921 1009 αὐτοῦ
954 967 1104 1022 σχεδόν
1132 983 1166 1008 τι
1187 967 1345 1013 πάντας
1362 966 1467 1008 ’Ἁιδι
1487 965 1709 1020 προΐαψεν.

209 1036 250 1078 οἱ
288 1036 336 1078 δέ
371 1053 416 1091 γε
452 1037 784 1092 περιλειφθέντες
826 1037 1164 1090 ὑποστρέψαντες
1206 1036 1277 1077 καὶ
1319 1035 1368 1076 τὰ
1413 1034 1746 1089 συμβεβηκόταῖ)
1769 1035 1937 1073 Wlllsss)

207 1108 293 1151 τοῖς
323 1105 564 1159 ὄμογενέσιν
595 1105 910 1160 ἀπηγγελκότες,
955 1105 1026 1146 καὶ
1063 1104 1216 1160 πρῴην
1256 1103 1322 1146 διὰ
1354 1104 1503 1158 μίσους
1534 1103 1712 1157 ἄγοντας

142 1207 146 1210 .
207 1172 280 1215 τὸν
310 1173 514 1229 Χοσρόην
552 1174 713 1228 μᾶλλον
750 1173 903 1220 αὐτοὺς
933 1178 1065 1228 μισεῖν
1097 1173 1224 1215 αὐτὸν
1255 1173 1518 1228 ἕξηρέθισαν.
1579 1170 1746 1226 Ἡρά-(ὶ

209 1242 345 1289 κλειος
389 1242 434 1284 δὲ
472 1243 544 1284 καὶ
581 1244 638 1289 εἷς
673 1242 748 1298 τὴν
788 1243 995 1296 ἐνδοτέρω
1028 1241 1218 1296 ΙΙερσίδα
1251 1241 1435 1296 εἰσέβαλε
1466 1240 1537 1282 καὶ
1567 1240 1640 1286 τάς
1670 1256 1712 1281 τε

152 1318 197 1354 15
209 1311 349 1357 πόλεις
379 1311 559 1366 καθῄρει
590 1311 661 1353 καὶ
691 1310 740 1352 τὰ
771 1312 918 1366 τεμένη
951 1315 1024 1352 τοῦ
1056 1310 1208 1365 ΙῙυρός
1239 1311 1357 1364 αὐτῷ
1387 1315 1448 1364 τῷ
1485 1309 1712 1364 τιμωμένῳ

210 1377 311 1434 παρ’
335 1380 475 1426 αὐτοῖς
500 1380 803 1435 συνδιέφθειρε.
865 1379 1026 1434 μαθὼν
1058 1379 1103 1420 δὲ
1135 1379 1428 1434 ἀνῃρημένους
1459 1379 1534 1424 οὓς
1565 1377 1712 1418 ἔστειλε
1727 1382 1747 1417 7

209 1449 478 1504 πρεσβευτάς,
523 1449 715 1504 ὠργίσθη
758 1448 829 1490 καὶ
867 1449 947 1490 οὐκ
985 1448 1170 1502 ἐφείδετο
1208 1448 1395 1502 ἀναιρῶν
1431 1463 1472 1488 τε
1503 1446 1574 1487 καὶ
1604 1450 1756 1499 uoq-C

209 1518 356 1559 πολῶν
387 1517 458 1559 καὶ
489 1518 793 1572 καταστρέφων
823 1516 872 1558 τὰ
905 1517 948 1558 ἓν
979 1517 1111 1558 ποσίν.
1174 1517 1198 1557 ὁ
1228 1517 1368 1571 μέντοι
1391 1515 1607 1570 Χοσρόης,
1639 1518 1749 1555 τοῦὸ

211 1585 418 1641 βασιλέως
448 1585 522 1640 τὴν
546 1585 736 1641 Περσίδα
768 1586 1016 1641 ληιζομένου
1048 1585 1119 1626 καὶ
1150 1585 1490 1640 κατατρέχοντος,
1522 1584 1579 1630 εἷς
1600 1584 1713 1638 Κτη-

212 1749 236 1785 8
260 1749 324 1785 ὅσα
349 1750 370 1784 ὅ
393 1749 603 1795 Ἡράκλειος
629 1755 699 1788 τοῒς
726 1748 821 1792 (τοὺς
847 1749 892 1793 Ε)
919 1750 1076 1795 Πέρσαις
1100 1750 1303 1795 μαχόμενος
1328 1748 1573 1793 κατώρθωσεν
1599 1746 1662 1784 ΟΕ

285 1901 303 1936 1
333 1903 588 1938 κωνσταντίνου
608 1912 684 1938 om.
698 1901 727 1939 C
825 1903 848 1939 2
872 1903 1071 1948 ἀποδημῶν
1088 1904 1108 1938 ὁ
1120 1902 1331 1948 Ἡράκλειος
1350 1912 1426 1938 om.
1442 1901 1491 1948 p*
1589 1900 1612 1935 4
1629 1914 1716 1946 παρ-

285 1951 382 1989 όντος
409 1948 576 1996 prDz'‚
601 1952 784 1996 παρόντως
809 1950 845 1986 Α
978 1952 1012 1986 6.
1041 1951 1082 1986 11
1109 1950 1394 1996 περιλειφθέντες
1420 1949 1589 1995 prDz',
1615 1963 1715 1993 περι-

306 1998 479 2044 ηφθέντες
505 1996 552 2042 A,
579 2009 616 2033 v.
644 1998 697 2034 ad
723 1998 814 2034 XIV
841 1999 896 2044 15,
922 1999 945 2034 5
1053 1999 1076 2034 6
1101 2000 1150 2038 εἰς
1176 1997 1233 2034 Da·
1258 1998 1394 2033 invitis
1422 1997 1570 2043 Apr,
1598 2008 1636 2032 v.
1663 1996 1715 2032 ad

325 2045 376 2081 lv
404 2046 460 2091 12,
488 2045 533 2081 14
630 2046 676 2081 10
700 2046 770 2082 ἄΐὸι
791 2045 985 2093 C(wpDi),
1015 2058 1052 2082 v.
1071 2047 1186 2082 Hom.
1207 2046 1249 2081 ΙΙ.
1277 2046 1293 2080 I
1319 2047 1342 2081 3
1489 2045 1534 2080 12
1558 2046 1661 2090 μίσος
1680 2044 1715 2078 Ι)

334 2094 476 2139 ἄγοντες
493 2093 590 2140 Ewp
690 2094 735 2130 13
759 2095 980 2140 ἐξῃρέθησαν
997 2094 1044 2137 D,
1073 2105 1174 2130 corr.
1194 2094 1262 2132 Dw
1363 2093 1407 2128 15
1431 2093 1529 2129 αὐτῶ
1546 2092 1593 2137 Α,
1619 2093 1716 2128 αὐτῶ

286 2146 336 2176 τῶ
363 2141 393 2176 E
419 2141 456 2176 Β
464 2142 538 2186 -W‚
563 2141 659 2187 αὐτῷ·
684 2142 811 2188 ἐκείνῳ
836 2149 886 2188 τῷ
914 2141 1070 2188 prDz·
1170 2143 1215 2178 19
1240 2142 1540 2187 καταστρέφοντος
1567 2140 1602 2175 D

217 2285 322 2321 enim
358 2284 498 2320 ambos
523 2284 737 2320 Heraclius
764 2285 976 2322 discedens
1014 2285 1084 2321 filii
1124 2285 1187 2321 sui
1214 2284 1468 2322 Constantini
1507 2286 1716 2320 curatores

217 2336 255 2368 et
272 2332 525 2378 publicarum
540 2343 674 2368 rerum
690 2333 1037 2369 administratores
1051 2333 1286 2379 reliquerat)
1304 2332 1449 2368 multos
1468 2333 1577 2368 viros
1592 2333 1717 2367 fortes

218 2381 258 2416 in
285 2380 493 2424 barbaros,
519 2384 564 2415 ut
582 2380 751 2416 absente
766 2381 949 2417 exercitu
967 2391 1142 2425 securos,
1169 2391 1220 2416 ex
1236 2381 1454 2427 improviso
1468 2380 1718 2415 immiserunt

219 2437 442 2473 eorumque
480 2429 606 2464 multa
643 2429 753 2464 milia
779 2429 1026 2465 occiderunt.
1077 2429 1152 2471 Qui
1179 2430 1430 2475 superfuere,
1469 2428 1577 2474 turpi
1616 2428 1753 2473 sug-213

220 2486 263 2511 se
290 2477 328 2510 in
355 2485 450 2510 suas
476 2475 594 2512 sedes
620 2481 873 2523 receperunt.

339 2522 550 2559 Heraclius
588 2524 722 2560 denuo
761 2525 883 2560 alium
928 2525 1131 2570 quendam
1170 2527 1376 2569 satrapam
1419 2533 1509 2559 eum
1549 2523 1754 2569 triginta4

220 2571 423 2607 hominum
451 2572 612 2607 milibus
639 2576 779 2608 contra
805 2583 847 2608 se
874 2573 1037 2608 missum
1065 2583 1089 2607 a
1115 2571 1292 2608 Cliosroe
1319 2571 1553 2617 profligavit
1585 2575 1623 2606 et
1650 2571 1717 2605 ini-

219 2618 307 2654 lites
334 2619 420 2654 eius
451 2629 581 2664 paene
621 2630 759 2656 omnes
785 2620 888 2656 Oreo
928 2620 1096 2656 demisit.
1149 2620 1244 2655 Eius
1282 2619 1485 2655 exercitus
1521 2618 1753 2664 reliquiaefi

219 2675 409 2702 reversae
425 2666 587 2702 domum
603 2669 789 2703 nuntiata
804 2669 919 2704 clade
946 2678 1041 2704 suos
1060 2668 1278 2714 populares
1304 2668 1381 2702 iam
1403 2670 1497 2702 ante
1514 2665 1718 2702 chosroae

220 2714 400 2749 infensos
438 2714 491 2749 ad
518 2715 647 2750 maius
673 2716 794 2751 etiam
821 2717 984 2762 tyranni
1024 2715 1159 2751 odium
1187 2715 1454 2751 concitarunt.
1504 2714 1753 2750 HeracliusG

221 2772 318 2797 vero
334 2762 453 2797 etiam
481 2762 521 2797 in
538 2762 714 2798 Pei-siam
731 2764 961 2799 interiorem
977 2763 1217 2809 penetravit,
1245 2762 1367 2798 urbes
1387 2763 1543 2807 evertit,
1569 2762 1718 2807 templa

219 2818 304 2844 una
330 2819 420 2844 cuin
447 2809 549 2855 lgm,
576 2811 644 2856 qui
672 2811 724 2846 ab
751 2812 825 2846 illis
845 2812 1001 2855 colitur,
1029 2810 1196 2855 ‹lelevit3
1223 2811 1472 2856 cognitaque
1491 2810 1754 2855 legatorum?

221 2866 386 2892 suorum
414 2857 540 2892 caede
566 2858 693 2894 iratus
720 2861 827 2896 ferro
865 2863 987 2905 atque
1015 2858 1202 2894 incendio
1231 2858 1271 2893 in
1299 2859 1421 2893 obvia
1449 2858 1583 2892 munia
1609 2868 1719 2901 gras-

221 2908 333 2940 satus
363 2909 433 2940 est».
485 2904 584 2940 Cum
611 2911 745 2942 autem
781 2918 850 2943 rex
880 2908 1109 2942 incursione
1151 2908 1257 2941 sacta
1284 2905 1488 2941 Persidem
1517 2905 1756 2950 ‹lin-iper‹·t,8

295 2975 450 3003 Zonarne
473 2976 621 3011 Epieome
643 2976 702 3007 111.
1476 2966 1515 2999 ll
