2066 3230
354 233 424 274 718·
734 235 916 276 zoNAR.
944 234 1075 274 EPIT.
1102 234 1234 276 xvm
1262 238 1316 285 18,
1342 234 1470 276 4-12.

317 364 341 398 4
468 359 521 401 Ὀ
550 361 690 414 μέντοι
721 360 998 414 Βοτανειάτης
1037 361 1083 401 ἐκ
1125 361 1346 416 διαφόρων
1385 364 1518 416 γενῶν
1557 361 1693 415 ἓαυτῳ
1730 376 1846 416 περι-

352 428 636 482 ποιησάμενος
656 428 843 482 τάγματα
866 428 936 469 καὶ
961 428 1179 483 Τούρκους
1199 430 1558 484 προσηταιρίσατο,
1591 427 1654 472 ὧν
1675 430 1848 485 ἐξῆρχεν

354 495 378 536 ὁ
413 495 724 550 Κουτλουμοῦς,
768 500 854 537 τῶν
884 496 1000 551 παρὰ
1032 497 1219 551 Πέρσαις
1249 499 1469 553 τυγχάνων
1498 502 1756 553 περιφανῶν,
1799 499 1848 545 ὃς

353 569 414 618 τῷ
451 565 666 618 σουλτάνῳ
698 564 803 606 κατὰ
836 566 955 619 γένος
985 567 1217 620 προσήκων
1247 567 1341 621 περὶ
1371 571 1443 622 τῆς
1474 567 1608 621 ἀρχῆς
1638 568 1755 621 αὐτῷ
1786 567 1846 608 δι-

318 633 538 686 5εφέρετο,
584 633 654 673 καὶ
684 632 793 687 πρὸς
823 634 1035 687 πολέμους
1066 634 1147 689 ἤδη
1185 639 1338 689 χωρεῖν
1378 635 1665 689 ἡτοιμάζοντο.
1725 639 1884 676 τοῦτοὸ

352 705 413 753 τῷ
443 701 601 754 χαλιφᾷ
632 701 833 754 ἀγγελθὲν
867 700 1007 756 (οὗτος
1039 702 1084 744 δὲ
1114 700 1214 758 παρ’
1240 703 1379 749 αὐτοῖς
1409 703 1755 758 ὑπερβαλλόντως
1783 719 1846 744 τε-

352 769 526 822 τίμηται,
572 769 634 814 ὡς
673 770 719 810 ἐκ
759 774 832 811 τοῦ
873 771 1019 823 γένους
1049 772 1122 810 τοῦ
1155 769 1414 823 Μουχούμετ
1444 769 1700 823 κατάγεσθαι
1729 784 1846 823 νομι-

353 836 545 891 ζόμενος)
592 838 649 883 εἰς
688 838 872 892 ἀγωνίαν
910 838 1102 892 ἐνέβαλεν
1142 839 1206 879 ἵνα
1243 837 1303 892 μὴ
1341 835 1441 892 παρ’
1475 838 1615 883 αὐτοῖς
1646 837 1848 892 ἐμφύλιος

318 906 515 959 6γένηται
557 906 754 960 πόλεμος.
818 907 963 948 αὐτίκα
1001 907 1139 948 τοίνυν
1175 907 1213 947 εἰ
1246 906 1317 947 καὶ
1347 911 1420 961 τῆς
1451 906 1604 952 οἰκείας
1637 906 1848 961 διατριβῆς

303 981 339 1015 D
352 973 412 1028 μὴ
446 974 593 1022 ἐξιέναι
622 980 684 1029 τῷ
715 975 875 1030 χαλιφᾷ
905 975 1014 1030 μηδὲ
1038 975 1298 1030 δημοσιεύειν
1318 974 1564 1029 νενόμισται,
1596 975 1752 1021 ἐκεῖνος
1772 978 1846 1016 τοῦ
1862 983 1907 1018 10

354 1043 483 1088 ἔθους
513 1044 841 1098 καταφρονήσας
872 1045 991 1092 ἔξεισι
1017 1044 1087 1085 καὶ
1109 1045 1241 1085 ἄπεισι
1262 1043 1371 1099 πρὸς
1390 1043 1487 1090 τοὺς
1507 1043 1600 1098 περὶ
1620 1048 1694 1099 τῆς
1714 1044 1848 1098 ἀρχῆς

354 1111 638 1165 ἄντερίζοντας
653 1113 723 1153 καὶ
744 1113 878 1154 πείθει
898 1113 1072 1159 τούτους
1092 1117 1164 1167 τῆς
1184 1112 1262 1167 μὲν
1283 1112 1424 1167 μάχης
1445 1113 1687 1167 ἆφεξεσθαι,
1708 1111 1780 1154 τὸν
1802 1111 1847 1154 δὲ

353 1180 529 1221 σουλτὰν
561 1181 667 1234 ε’χειν
704 1181 781 1235 μὲν
819 1181 893 1236 τὴν
931 1182 1086 1222 οικείαν
1126 1181 1261 1236 ἀρχὴν
1299 1181 1705 1236 ἅνακρωτηρίαστον,
1749 1196 1846 1222 συν-
2038 1107 2055 1246 Ξ

354 1248 540 1303 ἅρασθαι
573 1249 618 1290 δὲ
648 1254 709 1303 τῷ
740 1253 930 1304 συγγενεῖ
955 1250 1175 1298 παντοίως,
1208 1250 1253 1291 ἕν
1283 1251 1524 1304 κατασχέσει
1546 1250 1738 1304 γενέσθαι
1759 1249 1846 1304 χώ-
1862 1254 1897 1289 D
1916 1255 1968 1291 IV
1986 1247 2058 1316 221

318 1324 339 1360 7
353 1333 432 1371 ρας
448 1317 688 1372 Ῥωμαϊκης
718 1319 790 1359 και
819 1319 971 1373 ταύτης
1002 1319 1154 1373 ἄρχειν
1217 1318 1282 1359 ἐπὶ
1303 1318 1462 1364 τούτοις
1484 1334 1722 1372 γενομενων
1743 1318 1846 1359 ἕκεί-
1864 1325 1908 1360 15
2035 1305 2055 1351 -4

353 1401 440 1432 νοις
471 1386 736 1440 συμβάσεων,
769 1387 794 1429 ὁ
816 1388 1121 1442 Κουτλουμοῦς
1153 1388 1209 1433 εἷς
1235 1386 1310 1441 τὴν
1330 1386 1414 1428 ὑπὸ
1431 1387 1667 1441 Ῥωμαίους
1688 1387 1847 1440 ἐγένετο
2042 1387 2056 1422 4

318 1455 424 1497 8καὶ
453 1455 543 1496 τότε
580 1460 641 1509 τῴ
675 1455 925 1510 Βοτανειάτῃ
966 1455 1318 1510 συνεστρατεύετο.
1381 1456 1493 1510 ἔχων
1536 1454 1612 1497 οὖν
1656 1454 1847 1510 στρατιὰν
2050 1428 2066 1511 1

355 1585 375 1619 1
401 1586 451 1619 ὅτι
478 1584 589 1629 (ὅπως
607 1585 716 1669 {hof
735 1586 884 1631 Τοῦρκοι
911 1585 970 1625 τὰς
991 1584 1193 1631 Ῥωμαϊκὰς
1218 1585 1389 1630 κατέσχον
1414 1585 1534 1643 χώρας
1559 1585 1596 1620 ἓν
1621 1590 1664 1631 τῇ
1688 1584 1762 1630 ἓῴᾳ
1787 1598 1847 1620 και
2049 1591 2066 1635 -q

354 1633 581 1678 ᾠκειώσαντο
2065 1645 2066 1648 ’

426 1749 446 1783 1
471 1749 705 1794 ποιησάμενος
730 1748 761 1784 Β
890 1750 912 1785 3
938 1750 1178 1795 κουτλουμοῢς
1203 1748 1239 1784 Α
1265 1749 1423 1795 Scylitz.
1451 1761 1488 1795 p.
1516 1749 1596 1794 732,
1623 1749 1655 1794 6,
1681 1749 1847 1784 κουτλου-

423 1797 512 1842 μούς
530 1796 699 1843 prDz'‚
725 1797 967 1842 κουλτουμοὺς
986 1797 1015 1833 C
1110 1798 1134 1832 4
1159 1797 1307 1833 σουλτὰν
1326 1797 1435 1843 pr,
1461 1798 1608 1832 σουλτᾶν
1626 1797 1658 1832 Ε
1744 1811 1846 1842 προς-

425 1845 528 1890 ήκων
554 1844 722 1890 prDz'‚
748 1851 927 1890 προςῆκον
944 1844 980 1880 A
1077 1846 1098 1881 5
1124 1846 1326 1891 ἡτοιμάζετο
1345 1846 1376 1880 Ε
1473 1847 1495 1881 6
1520 1844 1736 1891 ἀπαγγελθὲν
1750 1845 1845 1890 Ewp

471 1893 762 1938 ὑπερβαλλόντως
776 1893 944 1938 Ιὶννρῦέ,
963 1894 1230 1939 ὑπερβαλόντως
1244 1892 1328 1938 AD,
1348 1897 1499 1929 rectam
1519 1895 1689 1928 sormam
1708 1903 1845 1928 omnes

425 1941 515 1975 libri
543 1941 736 1976 exhibent
764 1940 896 1976 XVIII
923 1942 979 1986 20,
1008 1942 1026 1976 1
1113 1943 1269 1986 τετίμητο
1292 1941 1377 1986 ΨἾ)
1405 1942 1541 1976 invitis
1567 1939 1638 1975 AR
1737 1940 1758 1975 7
1783 1954 1846 1985 μα-

423 1987 555 2033 χουμὲτ
581 1989 678 2034 Ewp
800 1988 822 2023 8
849 1992 939 2034 post
964 1989 1070 2034 ἄγων.
1097 1989 1188 2024 add.
1215 1990 1349 2023 ἐκεῖνον
1376 1988 1405 2024 C
1524 1988 1689 2034 ἀνέβαλεν
1714 1987 1750 2023 D

426 2037 471 2070 10
496 2037 651 2081 Χαλυφᾷ
678 2034 726 2082 p*
825 2036 870 2070 12
895 2037 1113 2082 ἀποσχέσθαι
1133 2036 1172 2079 C,
1200 2037 1271 2072 sed
1298 2047 1334 2072 V.
1362 2036 1414 2071 ad
1439 2036 1530 2072 XIV
1556 2036 1589 2081 5,
1609 2036 1632 2071 2
1730 2036 1774 2070 13
1799 2036 1847 2070 οῖ-

424 2085 524 2118 κειάν
544 2095 619 2119 om.
633 2084 669 2118 D
766 2084 1057 2129 ἀκρωτηρίαστον
1076 2084 1115 2129 C,
1136 2095 1236 2119 corr.
1253 2084 1313 2122 Cw
1413 2084 1458 2119 14
1483 2083 1521 2119 δὲ
1540 2086 1629 2129 post
1648 2083 1844 2129 συγγενεῖΒ

470 2132 611 2170 πάντως
636 2131 707 2166 BD
806 2132 850 2167 16
876 2133 1117 2177 κουτλουμοῦς
1130 2131 1177 2176 A,
1203 2131 1445 2177 κουτλουμοὺς
1471 2129 1655 2177 BsswpDi‚
1681 2131 1846 2166 κουτουλ-

423 2179 513 2273 ιι’ἔοὺς
539 2179 599 2262 Οἰῧ
610 2178 788 2225 Ιτλουμοὺς
813 2179 861 2224 D,
886 2179 1104 2225 κουτλουμὸς
1131 2180 1173 2224 Ε,
1201 2191 1237 2215 V.
1265 2180 1318 2215 ad
1344 2190 1402 2215 VS.
1429 2180 1451 2215 3
1586 2180 1630 2215 17
1655 2180 1730 2214 τότε
1755 2181 1846 2224 post

451 2241 542 2262 Οϊαν.

316 2335 341 2371 4
474 2333 660 2371 Ceterum
686 2334 920 2371 Botaniates
946 2335 1176 2381 legionibus
1203 2345 1225 2371 e
1252 2335 1421 2371 diversis
1447 2335 1638 2380 gentibus
1664 2333 1846 2369 conflatis

354 2383 474 2418 etiam
500 2382 656 2418 Turcos
683 2383 758 2418 sibi
785 2383 1025 2428 conciliavit,
1052 2393 1224 2429 quorum
1252 2383 1336 2418 dux
1363 2386 1449 2418 erat
1475 2382 1695 2426 Cuxlumus,
1721 2381 1846 2417 Persa

353 2430 527 2474 illustris,
556 2431 625 2475 qui
651 2441 742 2466 cum
768 2431 939 2475 sultano,
971 2431 1036 2466 cui
1059 2441 1212 2476 genere
1238 2434 1324 2466 erat
1350 2431 1614 2476 propinquus,
1641 2430 1691 2465 de
1717 2440 1844 2474 regno

317 2478 339 2513 5
355 2479 643 2523 contendebat3
668 2479 831 2524 iamque
858 2478 911 2513 ad
937 2489 1049 2513 arma
1067 2489 1131 2514 res
1149 2479 1370 2524 spectabat.
1419 2478 1465 2513 Id
1484 2477 1703 2522 chaliphae,
1730 2478 1845 2512 cuius

354 2526 464 2570 apud
499 2526 586 2560 illos
624 2526 802 2561 maxima
839 2529 899 2562 est
933 2527 1165 2571 auctoritas,
1202 2529 1247 2561 ut
1282 2527 1350 2571 qui
1377 2536 1401 2560 a
1426 2525 1680 2561 Muchumeto
1714 2527 1846 2560 ortum

354 2583 513 2608 sumere
554 2576 730 2618 putetur,
781 2583 976 2619 magnum
1020 2574 1198 2609 dolorem
1248 2574 1389 2618 attulit,
1440 2573 1548 2618 quod
1590 2574 1695 2608 inter
1735 2573 1846 2618 ipsos

317 2620 458 2655 6bella
484 2621 618 2655 civilia
645 2623 779 2656 essent
806 2622 970 2656 oritura.
1022 2621 1215 2662 Quamvis
1241 2622 1366 2666 igitur
1391 2621 1512 2656 moris
1538 2631 1620 2656 non
1647 2625 1762 2664 esset,
1800 2623 1846 2655 ut

354 2678 427 2703 suo
455 2668 542 2703 loco
570 2668 788 2704 excederet
815 2671 854 2704 et
879 2669 921 2703 in
947 2669 1110 2714 publico
1137 2672 1380 2713 versaretur,
1411 2671 1546 2703 tamen
1572 2669 1638 2703 ille
1662 2668 1844 2703 instituto

353 2715 539 2761 neglecto
566 2715 619 2750 ad
645 2726 714 2751 eos
741 2716 835 2760 abit,
873 2717 942 2761 qui
969 2716 1018 2751 de
1043 2727 1173 2762 regno
1199 2716 1423 2762 litigabant,
1460 2716 1590 2760 iisque
1616 2715 1845 2761 persuadet,

353 2766 399 2798 ut
438 2764 582 2798 omisso
626 2763 731 2799 bello
775 2764 959 2799 sultanus
1000 2764 1271 2809 principatum
1311 2773 1429 2798 suum
1467 2766 1604 2798 teneat
1640 2764 1845 2808 integrum

355 2814 614 2856 cognatoque
644 2811 751 2846 omni
778 2821 855 2857 ope
880 2815 1042 2856 praesto
1070 2812 1131 2856 sit,
1156 2814 1202 2847 ut
1219 2811 1410 2846 Romanis
1428 2811 1647 2856 provinciis
1668 2810 1846 2846 subactis

318 2859 338 2894 7
353 2859 532 2904 imperet.
596 2858 751 2900 Quibus
788 2859 1046 2905 pactionibus
1083 2859 1250 2894 firmatis
1289 2857 1497 2894 Cutlumus
1533 2858 1755 2894 Romanam
1791 2858 1845 2892 ‹ii-

318 2906 503 2942 8tionem
530 2907 738 2952 ingressus
764 2905 1004 2943 Botaniatae
1032 2916 1196 2953 operam
1221 2909 1357 2951 navat,
1398 2907 1466 2952 qui
1498 2907 1613 2942 iustis
1640 2906 1764 2952 copiis
1789 2905 1845 2940 in-
