2054 3282
324 209 394 246 568
687 209 867 246 ZONAR.
895 208 1025 243 EPIT.
1053 208 1162 243 XVII
1189 208 1222 251 9,
1249 208 1400 253 30—10‚
1426 208 1459 244 3.

264 334 307 370 31
325 330 348 372 ὁ
379 329 571 385 βασιλεὺς
609 329 1007 383 ἀποσκευασάμενος
1045 328 1323 382 συρρήγνυται
1359 333 1444 375 τοῖς
1469 328 1704 383 Ἂβασγοῖς·
1749 328 1820 372 καὶ

323 399 464 453 μάχης
503 399 675 452 ἰσχυρᾶς
713 398 937 451 γενομένης
974 397 1122 437 ἔπεσον
1151 396 1297 438 πολλοὶ
1327 398 1637 452 ἀμφοτέρωθεν
1667 397 1739 439 καὶ
1769 398 1821 453 ἦν

326 466 554 520 ἰσόρροπος
576 467 599 506 ὁ
623 466 753 519 ἀγών,
786 464 853 505 εἶτ’
877 463 1002 510 αὖθις
1023 466 1303 519 κροτηθέντος
1332 466 1520 519 πολέμου
1552 470 1697 508 νικῶσι
1717 466 1820 508 Ῥω-

265 540 312 574 32
326 539 453 589 μαῒοι.
515 534 586 575 καὶ
618 534 640 575 ὃ
672 537 757 574 τῶν
782 533 1003 587 Ἀβασγῶν
1033 533 1206 587 ἡγεμὼν
1227 533 1270 573 Γ
1265 534 1440 588 εώργιος
1461 535 1518 580 εἶς
1545 534 1594 575 τὰ
1625 539 1698 590 τῆς
1712 534 1820 589 Ἰβη-

327 603 418 657 ρίας
452 603 614 656 ἀπέδρα
645 602 861 656 βαθύτερα
893 601 963 642 καὶ
993 601 1096 655 μετὰ
1125 601 1263 656 βραχὺ
1286 601 1470 648 σπονδὰς
1491 603 1661 657 αἰτήσας
1681 603 1857 658 ἕξέστηῑ)

326 676 388 725 τῷ
417 671 578 725 βασιλεῖ
602 671 749 724 χώρας
771 669 930 724 ὁπόσης
952 670 975 710 ὁ
998 670 1274 724 αὐτοκράτωρ
1297 670 1502 725 ἐβούλετο,
1534 672 1590 717 εἷς
1621 671 1822 726 ὁμηρείαν

326 739 560 793 παρασχὼν
591 738 865 792 Παγκράτιον
895 737 966 779 τὸν
997 737 1088 779 υἱὸν
1125 739 1265 787 αὐτοῦ,
1309 739 1380 780 καὶ
1410 743 1536 780 ταῦτα
1569 738 1767 786 διανύσας
1797 738 1822 780 ὁ

326 806 517 862 βασιλεὺς
549 808 831 855 ἒπανέζευξεν.

205 881 241 915 D
268 880 314 915 33
438 875 520 916 “Hv
553 875 597 917 δὲ
630 874 696 916 διὰ
727 875 898 929 μελέτης
930 875 1047 929 αὐτῷ
1076 875 1147 917 καὶ
1176 874 1285 929 πρὸς
1309 875 1502 917 Σικελίαν
1533 876 1702 929 ἀπᾶραι,
1734 874 1820 917 ἀλλ’

330 945 409 985 οὐκ
441 945 497 989 εἷς
529 944 653 998 ἔργον
685 944 802 998 αὐτῷ
831 945 993 998 προέβη
1025 943 1071 985 τὸ
1103 944 1334 998 βούλευμα·
1367 945 1448 999 ἤδη
1478 944 1557 998 γὰρ
1579 945 1696 998 αὐτῷ
1715 943 1823 998 πρὸς
1838 949 1883 984 10

269 1015 316 1051 34
328 1013 443 1058 τέλος
474 1013 702 1067 κατήντησε
737 1012 784 1053 τὸ
822 1013 1029 1067 βιώσιμον
1067 1012 1138 1053 καὶ
1177 1013 1453 1067 ἐνοσηλεύετο.
1514 1012 1598 1066 πρὸ
1641 1013 1824 1067 βραχέος
2047 1064 2050 1066 q

331 1081 376 1122 δὲ
397 1084 470 1122 τοῦ
494 1080 621 1122 αὐτὸν
643 1081 819 1122 ἐκλιπεῖν
840 1081 864 1122 ὁ
885 1081 1143 1135 πατριάρχης
1164 1080 1402 1128 Εὐστάθιος
1423 1082 1609 1135 θνήσκει,
1640 1080 1824 1136 προστὰς
1837 1084 1872 1119 D
1892 1084 1946 1121 IV
1965 1084 2009 1120 12
2035 1098 2038 1139 ζ

271 1153 317 1188 35
329 1154 402 1204 τῆς
440 1148 661 1203 ἐκκλησίας
696 1153 782 1191 τῶν
820 1150 1073 1204 ὂρθοδόξων
1115 1147 1177 1191 ἔπ’
1217 1151 1318 1191 ἔτεσι
1354 1166 1442 1191 *aean
1504 1154 1577 1191 τοῦ
1619 1150 1824 1204 βασιλέως

332 1217 377 1259 δὲ
416 1221 640 1264 νοσοῦντος
671 1217 851 1266 Ἀλέξιος
888 1218 912 1259 ὁ
948 1218 1037 1259 τότε
1075 1217 1148 1272 τὴν
1186 1218 1440 1272 προστασίαν
1484 1220 1595 1273 ἔχων
1636 1222 1709 1272 τῆς
1749 1221 1823 1259 τοῦ

330 1286 539 1328 Στουδίου
570 1290 706 1341 μονῆς
736 1285 844 1339 πρὸς
879 1285 950 1327 τὸν
986 1286 1156 1340 βασιλέα
1195 1287 1379 1341 ἀφίκετο,
1423 1286 1497 1341 τὴν
1536 1286 1650 1341 ἱερὰν
1687 1286 1824 1340 κάραν
1839 1287 1884 1323 15

331 1457 356 1492 4
379 1457 582 1501 ἕκστρατεία
607 1456 696 1492 κατὰ
726 1461 797 1492 τῶν
818 1457 970 1503 Ἰβήρων
1001 1457 1062 1492 καὶ
1095 1458 1176 1502 νίκη
1209 1457 1286 1492 κατ’
1313 1457 1430 1493 αὐτῶν
1456 1458 1497 1502 Ε,
1536 1459 1617 1504 νίκη
1639 1458 1826 1503 “Ρωμαι’ων
2036 1487 2046 1500 ς

333 1504 421 1540 κατὰ
445 1509 515 1540 τῶν
537 1505 690 1551 Ἰβήρων
716 1504 745 1541 C
844 1506 886 1539 11
912 1505 989 1550 περὶ
1013 1509 1240 1550 πατριαρχῶν
1267 1504 1329 1541 CE

407 1665 426 1699 1
454 1670 523 1704 τοῖς
545 1665 794 1711 Ἀβασγοῒς-3
820 1664 880 1700 εἶτ’
906 1665 1012 1705 αὖθις
1039 1676 1114 1701 om.
1140 1666 1176 1700 D
1310 1667 1332 1701 3
1357 1669 1450 1702 ante
1476 1666 1709 1712 κροτηθέντος
1735 1667 1827 1702 add.

407 1712 466 1747 καὶ
490 1712 526 1747 D
639 1718 699 1748 τοῦ
723 1714 877 1758 πολέμου
903 1713 939 1747 D
1059 1714 1082 1748 4
1107 1714 1331 1759 ἡγεμονεύων
1357 1713 1385 1749 C
1507 1717 1601 1750 ante
1626 1715 1666 1749 Γ.
1693 1714 1783 1749 add.
1811 1715 1832 1749 ὁ

407 1760 506 1806 pr
604 1760 626 1795 6
650 1760 810 1806 ἐβούλετο
831 1763 924 1796 ante
942 1762 962 1796 ὁ
979 1761 1008 1797 C
1105 1762 1255 1805 ὁμηρίαν
1272 1762 1367 1807 Ewp
1455 1762 1475 1797 7
1502 1762 1664 1801 διανύσας
1683 1761 1828 1808 AEwp,

407 1807 666 1852 κατωρθωκὼς
693 1807 724 1843 Ο
837 1808 859 1843 9
884 1809 1013 1853 ἂπάραι
1034 1808 1119 1851 AD,
1144 1809 1272 1853 ἀπᾶραι
1299 1808 1457 1854 prDi
1566 1809 1609 1844 11
1636 1810 1830 1855 κατήντησε

409 1856 606 1900 (κατήντισε
632 1856 678 1898 Ε)
704 1855 741 1890 τὸ
763 1856 937 1901 βιώσιμον
962 1856 1106 1902 AEwp,
1133 1857 1347 1901 κατήντησεν
1372 1857 1394 1902 ἡ
1421 1856 1496 1902 ζωὴ
1525 1857 1555 1892 O
1668 1858 1830 1903 βραχέως

408 1914 471 1948 wp
498 1903 635 1938 invitis
660 1902 731 1938 AR
845 1904 889 1938 12
914 1905 1062 1949 θνήσκει
1091 1908 1184 1939 ante
1209 1906 1230 1939 ὁ
1256 1904 1286 1939 O
1407 1904 1575 1949 προστὰς]
1602 1905 1689 1949 πρὸς
1715 1905 1774 1944 τὰς
1801 1905 1830 1941 C

411 1951 455 1985 13
479 1951 669 1995 ἐκκλησίας
697 1954 791 1986 ante
818 1951 871 1985 ἐπ’
899 1951 930 1986 O
1051 1952 1136 1986 ἔτεσι
1236 1980 1243 1986 .
1269 1956 1330 1986 τοῦ
1356 1950 1401 1995 Α,
1428 1953 1515 1987 ἔτεσι
1543 1979 1671 1987 ......
1698 1958 1758 1988 τοῦ
1784 1952 1830 1995 R,

409 1999 495 2033 ἔτεσι
521 1998 678 2042 τέσσαρσι
703 2003 765 2034 τοῦ
791 1998 822 2032 Β
850 2002 888 2034 et
914 2009 1020 2034 unus
1047 1999 1076 2033 P
1092 2000 1192 2043 Duc,
1219 2000 1295 2034 nisi
1322 2001 1425 2034 forte
1444 1999 1687 2046 Dueangius
1708 2010 1831 2035 anno-

409 2046 601 2082 tationem
627 2046 760 2081 Wolfii
793 2046 845 2081 ad
877 2047 1022 2081 librum
1050 2046 1079 2081 Β
1113 2048 1379 2092 pertinentem
1412 2048 1601 2092 repetivit
1638 2047 1690 2092 (v.
1717 2058 1830 2093 prae-

409 2097 522 2129 terea
547 2093 640 2128 bibl.
667 2104 805 2139 graec.
831 2094 932 2129 med.
960 2095 1052 2129 aevi
1073 2095 1133 2129 ed.
1153 2094 1297 2130 Sathas
1317 2095 1393 2130 vol.
1409 2094 1482 2130 VII
1500 2106 1536 2140 p.
1554 2095 1632 2139 159,
1647 2096 1694 2139 3),
1722 2096 1830 2131 ἔτεσιν

408 2141 521 2176 ὀκτώ·
550 2146 612 2176 τοῦ
638 2139 880 2186 DwapDi3
907 2142 1160 2177 Eustathium
1186 2152 1258 2187 per
1285 2152 1357 2177 sex
1379 2153 1507 2178 annos
1526 2146 1565 2178 et
1583 2153 1654 2178 sex
1672 2153 1830 2178 menses

409 2189 603 2224 ecelesiae
630 2189 855 2234 praefuisse
882 2189 999 2224 docet
1027 2188 1195 2225 Gedeon
1218 2203 1404 2234 πατριαρχ.
1429 2191 1572 2229 πίνακες
1597 2201 1634 2235 p.
1649 2190 1730 2226 317.
1768 2189 1830 2226 De

408 2237 697 2282 supplementis
724 2236 907 2272 codicum
934 2247 971 2272 v.
999 2237 1051 2272 ad
1078 2237 1170 2272 XVI
1195 2237 1228 2281 4,
1256 2237 1301 2272 29
1328 2241 1366 2272 et
1392 2237 1503 2273 XVII
1529 2238 1560 2282 2,
1587 2237 1633 2273 32

2051 2059 2054 2067 .
2048 2016 2051 2023 <
2047 1998 2049 2001 -
2050 1969 2054 1985 ,ι
2037 1890 2054 1952 'ax-mv.
2039 1816 2054 1879 :xs-
2036 1666 2054 1804 μέθιεν-πη
2037 1630 2054 1653 fs

277 2395 320 2430 31
337 2407 411 2432 rex
443 2397 659 2432 defunctus
692 2407 783 2432 eum
807 2395 982 2443 Abasgis
1013 2397 1276 2443 congreditur
1306 2397 1522 2443 validaque
1555 2408 1695 2443 pugna
1727 2409 1829 2434 eom-

337 2445 458 2479 missa
496 2446 535 2479 et
572 2444 706 2480 multis
743 2445 946 2490 utrimque
985 2446 1124 2487 eaesis,
1162 2455 1292 2490 aequo
1331 2445 1457 2480 Marte
1495 2449 1720 2490 pugnatum
1760 2449 1830 2482 est.

277 2490 324 2525 32
338 2491 416 2528 Sed
436 2491 561 2527 altero
578 2492 730 2537 proelio
746 2491 914 2527 Romani
933 2493 1128 2537 vicerunt,
1148 2492 1487 2538 Abasgoi-umque
1505 2493 1692 2538 princeps
1708 2492 1830 2529 Geor-

338 2540 430 2585 gius
455 2540 497 2574 in
523 2538 682 2575 Iberiae
706 2540 900 2575 interiora
931 2541 1112 2586 profugit
1143 2551 1218 2576 nee
1243 2540 1366 2575 multo
1394 2543 1483 2585 post
1509 2540 1686 2575 indutias
1711 2544 1831 2586 rogat

338 2590 577 2632 tantumque
607 2587 695 2633 agri
724 2588 955 2632 imperatori
983 2588 1099 2631 cedit,
1142 2591 1337 2632 quantum
1363 2588 1396 2622 is
1423 2588 1710 2632 postulaverat,
1749 2588 1828 2623 filio

338 2634 552 2669 Pauci-atio
574 2634 714 2670 obside
733 2635 839 2669 dato.
865 2635 937 2670 His
955 2635 1076 2670 rebus
1095 2645 1287 2680 prospere
1306 2635 1430 2680 gestis
1449 2645 1521 2670 rex
1542 2638 1673 2670 eastra
1691 2636 1828 2671 movit.

278 2681 324 2715 33
433 2681 649 2717 Praeterea
675 2692 766 2717 euni
792 2682 964 2717 Basilius
1001 2683 1040 2717 iu
1078 2683 1210 2718 animo
1246 2682 1411 2717 haberet
1443 2683 1640 2727 proficisci
1670 2683 1710 2717 in
1737 2681 1830 2719 Sici-

278 2728 441 2772 341iam‚
482 2730 567 2764 eius
606 2729 815 2764 consilium
849 2731 989 2765 morbo
1026 2730 1138 2764 fatali
1170 2730 1438 2774 interruptum
1470 2733 1538 2764 est.
1590 2729 1668 2765 Sed
1694 2730 1828 2775 paullo

338 2779 432 2811 ante
464 2777 550 2811 eius
584 2777 736 2812 obitum
772 2778 1000 2822 patriarcha
1032 2777 1264 2812 Eustathius
1298 2778 1477 2821 moritur,
1516 2788 1606 2812 eum
1645 2777 1829 2812 orthodo-

277 2822 324 2857 35
337 2833 482 2858 xorum
509 2824 702 2860 ecelesiae
721 2835 848 2860 annos
866 2836 943 2858 *ηε*
961 2825 1213 2870 praefuisset.
1265 2824 1361 2860 Cum
1389 2827 1524 2860 autem
1544 2824 1723 2868 Alexius,
1748 2835 1827 2860 mo-

337 2871 501 2906 nasterii
517 2870 645 2907 studii
664 2873 862 2918 princeps,
886 2873 975 2918 regi
990 2873 1217 2918 aegrotanti
1235 2882 1393 2908 sacrum
1413 2875 1535 2918 eaput
1549 2872 1828 2908 Praeeursoris
