2054 3282
374 244 445 280 480
761 240 940 279 ZONAR.
968 240 1098 277 EPIT.
1125 238 1216 277 XVI
1242 239 1300 284 20,
1327 239 1476 277 10-19.

318 369 363 403 10
486 365 635 411 “Οπως
672 365 750 447 μὲν
791 362 866 404 οὖν
904 362 1038 417 μηδὲν
1076 362 1192 415 αὐτῷ
1227 363 1529 416 προσήκουσαν
1558 362 1633 418 τὴν
1663 363 1871 417 βασιλείαν

376 433 399 473 ὁ
421 433 487 474 ‘Pa
465 432 639 487 ωμαιὸς
665 433 744 486 ἓσι]
747 431 951 485 ετερίσατο
983 429 1053 470 καὶ
1084 429 1182 475 τοὺς
1213 430 1342 470 αὐτοῦ
1373 431 1526 476 παῖδας
1556 447 1626 485 της
1658 431 1872 513 βασιλικῆς

376 501 529 554 ἠξίωσε
560 517 679 555 τιμης
710 516 751 540 τε
782 499 853 541 καὶ
883 498 1074 551 κλήσεως
1105 497 1175 538 καὶ
1202 498 1322 543 ὅπως
1343 498 1491 539 ἑαυτὸν
1512 498 1582 539 καὶ
1602 498 1699 544 τοὺς
1719 499 1873 545 παῖδας

330 571 459 609 Βτῶν
496 569 716 622 πρωτείων
760 567 924 621 ἠξίωσε,
967 565 1038 606 τὸν
1079 563 1115 606 δ’
1150 566 1294 620 ἐγγενῆ
1332 571 1404 621 τῆς
1434 567 1641 621 βασιλείας
1673 567 1872 622 διάδοχον

375 636 690 677 Κωνσταντῖνον
721 634 950 675 πολλοστὸν
990 634 1111 674 ἔθετο
1149 634 1319 675 πάντων
1357 635 1634 689 ὗποβιβάσας,
1677 635 1759 690 ἤδη
1798 641 1907 690 μοιὸ

317 703 678 757 11προϊστόρήται.
741 704 830 757 ἥκει
872 702 916 743 δὲ
953 706 1030 743 νῦν
1067 702 1091 742 ὁ
1122 702 1246 756 λόγος
1283 703 1547 757 προσθήσων
1582 703 1653 744 καὶ
1689 703 1738 744 τὰ
1776 704 1872 759 ἑξῆς

373 771 442 812 καὶ
476 772 624 818 δείξων
655 771 716 815 ὡς
747 772 828 811 κᾶν
859 770 1119 824 βραδύτερον
1161 772 1263 816 ἴσως
1298 772 1447 824 μέτεισι
1486 771 1582 816 τοὺς
1625 771 1872 818 ἀδικοῦντας

373 840 398 892 ἡ
431 839 623 892 πρόνοια,
655 839 876 893 μετανοίας
908 839 1048 883 αὐτοῖς
1081 839 1356 893 ἕπιμετροῢσα
1389 840 1550 893 καιρόν,
1588 839 1690 881 ἀλλά
1723 856 1767 894 γε
1797 844 1870 882 τοῦ

373 911 510 947 κακοῦ
541 907 600 961 μὴ
636 907 924 961 ἀπεχομένους
951 908 1101 961 μέτεισι
1123 907 1308 961 σχολαίῳ
1329 907 1428 948 ποδὶ
1449 907 1519 948 καὶ
1542 908 1660 953 δίκας
1681 908 1869 962 εἰσπράτ-

315 981 488 1016 12τεται.
550 977 650 1029 ἤνυε
680 976 758 1029 μὲν
785 974 860 1016 οὖν
882 976 906 1016 ὁ
928 975 1146 1030 Ῥωμανὸς
1178 977 1402 1030 αὗταρχῶν
1433 977 1619 1018 εἰκοστὸν
1650 977 1721 1019 καὶ
1751 978 1871 1019 ἕκτον
1886 980 1932 1016 10

329 1049 357 1085 C
373 1044 578 1085 ἐνιαυτόν·
612 1044 636 1084 ὁ
659 1044 704 1084 δὲ
728 1044 1053 1098 Κωνσταντῖνος,
1088 1046 1208 1090 ὅπως
1233 1046 1370 1099 ἑαυτῷ
1391 1045 1465 1100 τὴν
1485 1046 1694 1099 βασιλείαν
1716 1046 1869 1087 ἐπανα-

372 1112 567 1166 σώσηται,
602 1112 667 1153 διὰ
690 1112 845 1157 παντὸς
867 1114 1038 1166 ἔστρεφε
1060 1114 1165 1154 κατὰ
1194 1117 1307 1161 νοῦν,
1339 1114 1409 1155 καὶ
1431 1115 1496 1154 ἵνα
1518 1113 1564 1154 τὸ
1587 1113 1733 1168 ἐφετὸν
1754 1115 1872 1168 αὐτῷ

373 1180 657 1235 διαπράξηται,
692 1181 743 1221 δι’
777 1182 931 1235 ἑτέρων
963 1182 1156 1235 ἐπεγείρει
1187 1186 1248 1235 τῷ
1267 1182 1391 1235 πατρὶ
1412 1182 1508 1228 τοὺς
1528 1181 1644 1227 υῖοὺς
1665 1184 1691 1237 ἢ
1712 1182 1871 1236 μᾶλλον

314 1255 358 1289 13
371 1248 442 1290 τὸν
485 1250 556 1290 ἕνα
600 1249 672 1290 τὸν
702 1249 933 1303 Στέφανον.
1008 1250 1032 1290 ὁ
1077 1250 1156 1304 γὰρ
1206 1250 1516 1295 Κωνσταντῒνος
1559 1251 1871 1305 σταθηροτέρας

313 1323 357 1358 14
371 1317 589 1372 τυγχάνων
628 1317 783 1372 φρενὸς
822 1317 896 1371 τὴν
926 1319 1171 1373 προσβολὴν
1203 1320 1254 1359 οὗ
1285 1320 1541 1373 προσήκατο.
1605 1319 1629 1359 ὁ
1663 1319 1707 1360 δὲ
1737 1334 1868 1372 προσ·
1886 1322 1930 1357 15

371 1386 679 1440 εταιρισάμενος
709 1386 779 1428 καὶ
812 1387 963 1431 ἄλλους
995 1387 1168 1427 ἐπέθετο
1199 1392 1261 1440 τῷ
1291 1388 1413 1442 πατρὶ
1445 1387 1516 1428 καὶ
1547 1387 1771 1442 κατασχὼν
1793 1388 1867 1429 αὕ-

371 1454 442 1495 τόν
474 1455 518 1496 ἒν
548 1459 597 1509 τῇ
628 1455 746 1509 νήσῳ
777 1460 826 1510 τῇ
858 1455 1016 1510 [Ioum]
1049 1456 1271 1510 περιώρισε
1302 1456 1371 1496 καὶ
1404 1456 1632 1510 ἀπέκειρεν,
1666 1454 1792 1501 αὐτὸς
1824 1456 1869 1498 δὲ

369 1527 441 1578 τῆς
477 1523 692 1578 βασιλικῆς
731 1524 1028 1578 ἀντεποιήσατο
1069 1524 1315 1578 διοικήσεως
1352 1523 1427 1565 σὺν
1469 1529 1530 1578 τῷ
1574 1526 1756 1578 γαμβρῷ
1798 1524 1868 1566 καὶ

371 1665 392 1700 7
419 1664 577 1710 φοβερὸν
602 1665 640 1700 τὸ
665 1665 760 1711 ῥημα
788 1665 817 1700 Β
997 1666 1042 1700 10
1067 1666 1271 1710 καθαίρεσις
1296 1665 1336 1700 ἔκ
1363 1671 1423 1710 τῆς
1448 1666 1624 1711 βασιλείας
1651 1665 1706 1708 (ἔκ
1732 1680 1761 1701 τ.
1786 1667 1866 1711 βασ.

370 1713 584 1786 καθαίρεσις
601 1713 646 1755 Ε)
670 1715 813 1758 εῬωμω
815 1718 856 1748 οῢ
883 1719 943 1748 τοῦ
971 1715 1147 1759 Λακαπην
1149 1718 1190 1748 οῦ
1217 1713 1279 1749 CF]
1440 1715 1575 1751 δίκαιος
1598 1713 1638 1755 εἶ,
1668 1714 1780 1758 κύριε,
1807 1713 1867 1748 καὶ

370 1783 487 1822 εὔθεῑς
506 1759 577 1826 (εἰ)Θ
600 1784 640 1828 Ε,
656 1784 765 1823 εὐθὺς
780 1785 820 1830 C,
834 1785 967 1820 εὐθεῖαι
986 1786 1034 1821 Π
1030 1796 1064 1828 0,
1080 1796 1180 1820 σοι-’.ι
1197 1784 1265 1828 Di)
1283 1786 1321 1820 αἱ
1332 1786 1464 1830 κρίσεις
1481 1799 1545 1820 σου
1560 1785 1634 1830 CE,
1649 1796 1686 1820 v.
1702 1797 1738 1832 p.
1752 1786 1830 1842 1397'
1843 1785 1866 1820 3

443 1922 475 1956 1.
490 1922 512 1957 2
538 1923 559 1956 ὁ
575 1921 738 1967 ρωμανὸς
756 1926 850 1957 ante
869 1922 931 1968 τὴν
949 1922 980 1957 Ο
1077 1923 1099 1957 3
1126 1926 1216 1968 post
1233 1923 1328 1960 ὅπως
1347 1922 1438 1957 add.
1457 1922 1517 1958 καὶ
1535 1923 1632 1968 pr
1721 1922 1744 1957 4
1770 1926 1864 1957 ante

442 1974 513 2004 τῶν
537 1970 628 2005 add.
655 1970 715 2005 καὶ
742 1970 777 2004 D
874 1971 896 2005 5
923 1974 1016 2005 ante
1042 1984 1171 2005 κωνστ.
1199 1970 1290 2005 add.
1317 1970 1374 2005 τὸν
1398 1969 1559 2015 BCEwp
1656 1971 1679 2005 8
1703 1971 1809 2015 αὐτῆς
1835 1970 1865 2006 C

443 2017 464 2051 9
488 2018 570 2052 ποδὶ
597 2044 726 2053 ......
753 2018 860 2062 εἶςπρ.
888 2018 935 2060 D,
962 2019 1034 2053 lac.
1055 2018 1183 2063 suppl.
1203 2018 1270 2056 Dw
1370 2019 1424 2053 10.
1447 2019 1482 2052 ll
1514 2018 1670 2052 ε’νιαυτόν
1687 2018 1746 2052 καὶ
1765 2019 1865 2052 ἕκτον

444 2065 540 2110 Ewp
640 2066 684 2100 13
708 2067 797 2110 πρά
786 2067 878 2125 ἷηται
902 2066 945 2124 E„
1029 2066 1073 2100 14
1091 2065 1149 2100 τὸν
1168 2066 1336 2100 alterum
1357 2077 1432 2100 0111.
1452 2065 1481 2100 C
1581 2067 1623 2100 15
1639 2065 1811 2111 ὑπάρχων
1829 2065 1864 2100 D

490 2112 529 2147 δὲ
555 2123 630 2148 om.
659 2113 741 2159 w*p
769 2112 1042 2158 (“ve1·’0’Wo
1069 2114 1151 2155 lat.)

313 2242 358 2277 10
492 2243 838 2286 Quemadmodum
865 2244 1071 2280 Romanus
1097 2246 1182 2280 sine
1209 2245 1290 2280 ullo
1318 2245 1421 2279 iusto
1449 2244 1563 2279 titulo
1590 2254 1761 2289 regnum
1788 2244 1863 2278 sibi

372 2291 588 2326 vindicarit
626 2296 665 2327 et
704 2303 798 2327 suos
836 2292 984 2327 liberos
1023 2294 1136 2338 regio
1177 2293 1328 2328 honore
1361 2296 1400 2326 et
1432 2293 1593 2326 nomine
1629 2293 1780 2326 ornarit
1813 2295 1862 2335 et,

371 2340 553 2385 principe
593 2340 681 2374 loco
721 2350 810 2374 cum
847 2341 930 2375 suis
969 2343 1178 2385 occupate,
1216 2341 1397 2374 nativum
1437 2340 1551 2384 regni
1590 2349 1861 2374 successorem

372 2387 676 2422 Constantinum
712 2388 821 2422 nullo
855 2398 984 2433 paene
1011 2397 1179 2422 numero
1205 2388 1384 2422 habitum
1412 2388 1516 2421 infra
1544 2390 1699 2421 ceteros
1725 2397 1862 2421 omnes

313 2433 589 2478 llcolloemfft,
629 2436 706 2469 iam
742 2438 801 2470 est
836 2445 860 2470 a
886 2446 949 2470 me
982 2437 1221 2480 expositum.
1271 2434 1387 2470 Nunc
1426 2438 1560 2469 cetera
1600 2434 1861 2479 exsequenda

372 2485 476 2526 sunt
502 2486 547 2517 ut
575 2483 715 2517 ostend
720 2487 822 2527 atur,
850 2484 1003 2518 etiamsi
1033 2483 1289 2528 providentia
1315 2482 1471 2516 tardius
1497 2481 1664 2516 invadat
1682 2482 1860 2525 iniurios‚

372 2539 563 2564 concesso
592 2531 864 2575 paenitentiae
891 2531 1033 2576 spatio,
1060 2534 1207 2574 tamen,
1234 2531 1264 2565 si
1292 2530 1481 2564 malitiam
1512 2530 1725 2572 tenuerint,
1754 2529 1860 2564 lento

313 2575 358 2610 12
373 2577 504 2611 ‹an-adu
538 2587 608 2612 eos
640 2579 801 2623 assequi
834 2581 873 2613 et
908 2588 1061 2623 poenas
1093 2579 1270 2622 exigere.
1331 2577 1534 2611 Romanus
1561 2577 1685 2621 igitur
1711 2586 1860 2611 annum

372 2625 450 2659 iam
477 2628 635 2659 sextum
663 2629 702 2660 et
729 2626 963 2661 vicesimum
990 2626 1264 2671 imperitabam
1295 2604 1598 2660 Constantinus?
1608 2627 1755 2667 autem,
1781 2633 1862 2669 qua

372 2672 528 2707 ratione
555 2683 726 2718 regnum
753 2676 1026 2718 recuperaret,
1061 2674 1239 2707 animum
1266 2673 1306 2706 in
1334 2682 1471 2706 omnes
1498 2672 1688 2706 versabat
1713 2678 1860 2717 partes,

370 2722 498 2764 utque
525 2721 607 2754 voti
636 2730 799 2766 compos
826 2722 950 2764 fiel-‚et
975 2730 1048 2765 per
1073 2720 1173 2755 alios
1200 2723 1314 2754 contr
1317 2729 1340 2753 a
1367 2723 1518 2764 patrem
1549 2719 1648 2753 filios
1676 2720 1860 2761 concitat,

314 2765 359 2799 13
372 2767 436 2801 vel
469 2768 602 2811 potius
634 2777 759 2802 unum
787 2767 1045 2813 Stephanum.
1096 2767 1236 2812 Neque
1263 2767 1366 2801 onim
1394 2766 1679 2802 Constantinus
1709 2767 1861 2801 maiore

315 2813 359 2846 14
373 2815 495 2848 animi
535 2816 761 2849 constantia
800 2815 1007 2860 praeditus
1038 2815 1345 2860 instigatoribus
1384 2815 1699 2859 obtemperabat.
1749 2812 1861 2848 Alter

373 2871 471 2895 vero
499 2862 616 2896 sociis
643 2863 776 2897 ascitis
803 2872 1023 2908 aggressus
1048 2866 1108 2897 est
1134 2866 1287 2908 patrem
1321 2871 1494 2906 eumque
1530 2861 1858 2906 comprehensum

374 2910 413 2943 et
438 2909 479 2942 in
506 2909 676 2943 insulam
703 2909 852 2945 Proten
878 2910 1101 2955 relegatum
1130 2909 1288 2945 tonderi
1321 2910 1452 2954 iussit3
1491 2910 1576 2954 ipse
1613 2918 1703 2944 cum
1739 2908 1860 2943 affine
