1968 3302
386 189 781 230 CONSTANTINVS
806 188 1021 228 MAGNVS
1047 189 1227 227 RERVM
1252 187 1494 228 POTITVR.
1669 191 1692 228 5

185 313 245 370 μὴ
285 314 466 370 ἐνοχλεῖν
502 318 750 370 χριστιανοῖς
787 314 1091 370 ἕπισκήψαντα,
1138 313 1199 369 μὴ
1237 314 1379 368 μέντοι
1418 314 1492 361 τὰς
1523 314 1693 362 ἐντολὰς

185 388 360 439 τηρῆσαι
399 384 541 438 αὐτόν,
589 384 692 426 ἀλλὰ
730 385 921 440 λυττῆσαι
957 383 1063 426 κατὰ
1103 387 1364 438 χριστιανῶν,
1412 383 1537 426 οὐδὲν
1569 383 1691 439 ἦττον

185 456 271 495 τῶν
308 453 393 507 πρὸ
433 454 575 502 αὐτοῦ,
623 455 661 495 εἷ
692 454 752 509 μὴ
793 454 865 496 καὶ
906 453 1078 508 μᾶλλον.
1139 456 1280 495 πᾶσαν
1325 452 1405 508 γὰρ
1449 453 1690 508 ὑπερβολὴν
1704 457 1751 492 9-0

184 523 434 578 ὖπερελάσαι
465 523 700 578 ὠμότητος·
747 522 856 578 πρὸς
887 523 1029 569 ἄλλαις
1061 519 1098 564 δ’
1132 522 1276 570 αἰτίαις
1306 525 1393 564 τῶν
1423 522 1532 577 πρὸς
1563 523 1874 578 ἄλλή-ΡΙΙὸΑ

148 591 285 639 ὅλους
316 593 539 647 διαφορῶν
568 591 641 634 καὶ
671 592 824 647 ταύτην
856 592 1062 646 γενέσθαι.

303 660 491 716 Κινήσας
522 659 598 703 οὖν
629 660 735 703 κατὰ
757 661 970 704 Λικιννίου
1001 661 1076 717 τὴν
1104 661 1296 717 στρατιὰν
1325 662 1350 704 ὁ
1372 661 1690 709 Κωνσταντῖνος
1703 665 1749 701 21

183 729 255 771 καὶ
274 730 474 777 πολλάκις
495 731 614 785 αὐτῷ
634 730 880 785 συμβαλών,
912 731 1028 777 τέλος
1048 736 1154 786 νικᾷ.
1207 730 1291 773 εἶτα
1314 731 1530 773 σπένδεται
1551 731 1688 785 τούτῳ

185 797 252 840 διὰ
283 799 357 854 τὴν
388 799 589 854 ἀδελφήν,
622 799 694 841 καὶ
725 799 799 854 τὴν
830 800 966 855 ἀρχὴν
998 800 1127 842 αὐτὸν
1159 801 1239 843 οὐκ
1271 801 1476 855 ἀφείλετο,
1510 797 1597 842 ἀλλ’
1622 800 1688 842 ἐπὶ

183 869 416 924 συνθήκαις
447 868 573 916 αὖθις
604 870 733 924 αὐτῆς
764 870 882 924 αὐτῷ
912 870 1237 925 παρεχώρησεν·
1286 871 1311 912 ὁ
1344 869 1389 912 δὲ
1421 870 1592 916 ἄπιστος
1624 870 1688 911 ὢν

123 940 169 977 10
182 937 262 979 οὒκ
294 938 468 993 ἐτήρησε
498 938 572 985 τὰς
603 939 846 994 συμβάσεις·
880 939 983 981 ὅθεν
1015 939 1086 981 καὶ
1116 939 1239 981 πάλιν
1270 940 1388 994 αὐτῷ
1410 939 1435 981 ὁ
1457 939 1686 981 Κωνσταν-
1701 942 1748 978 22

180 1011 290 1054 τῒνος
333 1008 565 1063 ἐπολέμησε
610 1008 682 1050 καὶ
725 1010 899 1064 νικήσας
938 1009 1016 1051 εἷλε
1055 1008 1101 1050 τό
1140 1025 1182 1050 τε
1220 1009 1453 1058 Βυζάντιον
1496 1008 1568 1050 καὶ
1612 1008 1688 1064 τὴν

180 1075 462 1131 Χρυσόπολιν.
525 1078 550 1119 ὁ
583 1078 630 1120 δέ
661 1094 706 1132 γε
737 1077 947 1125 Λικίννιος
978 1080 1035 1125 εἰς
1064 1077 1357 1133 Νικομήδειαν
1389 1079 1532 1133 ἔφυγε,
1566 1078 1684 1133 καὶὴ

181 1146 341 1201 ἀδελφὴ
374 1151 448 1189 τοῦ
470 1147 790 1189 Κωνσταντίνου
822 1147 1120 1202 προσελθοῦσα
1154 1147 1272 1201 αὐτῷ
1303 1147 1441 1189 ἐδέετο
1473 1147 1579 1202 ὑπὲρ
1611 1151 1686 1189 τοῦ

181 1215 338 1270 ἀνδρὸς
375 1217 610 1271 τηρηθῆναι
649 1217 768 1271 αὐτῷ
803 1216 878 1271 τὴν
915 1217 1062 1271 ἀρχήν.
1125 1216 1188 1262 ὥς
1220 1216 1266 1258 δὲ
1296 1215 1406 1271 πρὸς
1443 1220 1566 1258 τοῦτο
1605 1216 1685 1258 οὒκ
1700 1219 1746 1255 23

121 1287 166 1323 15
180 1285 331 1340 ἔσχηκε
367 1285 439 1327 τὸν
476 1285 662 1340 ἀδελφὸν
698 1285 992 1335 κατανεύοντα,
1040 1285 1135 1339 περὶ
1170 1290 1244 1340 τῆς
1279 1286 1440 1327 ἐκείνου
1473 1285 1685 1340 σωτηρίας

178 1358 365 1409 προσῆγε
396 1354 470 1409 τὴν
502 1354 658 1409 δέησιν·
690 1354 762 1396 καὶ
793 1355 927 1396 ἔπεισε
947 1354 1020 1396 τὸν
1041 1354 1269 1409 ὁμαίμονα.
1331 1354 1544 1409 πρόσεισιν
1566 1355 1685 1408 αὐτῷ
1698 1357 1729 1393 Β

21 1425 80 1462 111
96 1423 204 1465 1755
234 1422 444 1470 Λικίννιος
475 1424 519 1465 ἕν
550 1424 729 1479 σχήματι
760 1423 975 1478 ἰδιωτικῷ,
1007 1422 1080 1465 καὶ
1110 1424 1168 1470 εἷς
1201 1421 1513 1478 Θεσσαλονίκην
1545 1423 1683 1465 ε’νδια-

165 1576 225 1615 ,10
253 1577 303 1612 ὅτι
336 1576 425 1612 κατὰ
450 1577 634 1613 Λικιννίου
667 1578 850 1623 (λικίννιον
875 1577 921 1620 Ε)
954 1576 1211 1622 ἐκστρατεύσας
1242 1578 1263 1611 ὁ
1285 1576 1394 1622 μέγας
1420 1577 1687 1617 Κωνσταντῒνος

176 1624 439 1709 εἷνίκηρτεν·ΟεΙιΞ,ο
471 1626 510 1661 δὲ
542 1626 617 1671 (καί
642 1626 692 1665 εἰς
718 1626 764 1668 Ε)
800 1625 1064 1672 Θεσσαλονίκην
1102 1625 1208 1662 αὐτὸν
1246 1625 1458 1671 περιώρισεν
1497 1625 1586 1662 ἔνθα
1625 1625 1687 1662 καὶ

178 1674 338 1719 ανῃρεθη

250 1818 267 1853 1
295 1818 559 1864 ἐπισκήψαντος
584 1818 655 1854 DE
752 1818 776 1854 4
801 1818 888 1864 ὑπὲρ
906 1819 1026 1864 ἐλάσαι
1055 1817 1098 1864 Α,
1127 1819 1347 1865 ὓπερήλασεν
1374 1819 1484 1861 W(?)
1583 1819 1686 1865 ἀλλή-

248 1866 323 1902 λων
349 1865 383 1901 Α
545 1867 567 1902 6
592 1867 742 1913 νικήσας
768 1867 816 1910 D,
843 1878 946 1903 col'r.
973 1867 1044 1906 Dw
1212 1870 1303 1913 post
1328 1867 1421 1903 κατὰ
1447 1867 1540 1903 add.
1567 1873 1628 1903 τοῦ
1655 1868 1686 1903 Ε

249 1915 272 1949 8
297 1915 394 1959 αὐτῷ·
422 1915 452 1950 Ε
725 1915 747 1951 9
773 1915 879 1954 αὖθις
904 1916 1030 1960 ταύτης
1055 1916 1153 1951 αὐτῶ
1179 1915 1352 1962 BC(wp)‚
1391 1915 1499 1955 αὖθις
1524 1916 1622 1961 αὐτῷ
1650 1916 1685 1951 D

252 1963 297 1997 10
321 1963 342 1998 ὅ
365 1969 622 2003 κωνσταντῖνος
639 1964 737 1999 αὐτῶ
758 1963 889 2009 R(wp)
989 1964 1031 1998 11
1059 1964 1171 1999 εἵλετο
1197 1979 1233 1999 τε
1257 1965 1293 2010 β.
1321 1964 1363 2008 Ε,
1390 1963 1461 1999 εἷλε
1484 1965 1560 1999 τότε
1585 1964 1623 1999 τὸ
1648 1966 1684 2010 β.

250 2010 353 2056 pr
368 2009 425 2046 Di
535 2011 581 2046 13
606 2017 667 2047 τοῦ
695 2013 805 2054 (ante
831 2012 986 2054 Κώνστ.)
1015 2023 1090 2048 om.
1117 2011 1153 2046 D
1261 2012 1359 2056 αὐτῷ
1386 2011 1433 2057 A,
1460 2017 1510 2047 τῶ
1536 2012 1686 2058 ἀδελφώ

251 2058 381 2105 R(wp)
449 2059 493 2094 16
519 2062 610 2105 post
622 2061 776 2105 πρόςεισι
792 2060 879 2102 (Sic)
894 2060 987 2096 add.
1001 2061 1118 2096 τοίνυν
1132 2060 1231 2106 pr
1309 2061 1353 2096 17
1379 2061 1572 2107 διατρίβειν
1585 2060 1685 2107 pr

178 2216 395 2262 profligato
423 2225 552 2261 regno
579 2216 684 2251 illius
712 2216 907 2252 donatum
935 2227 1023 2252 esse
1057 2227 1105 2252 ea
1137 2217 1388 2261 condicione,
1421 2220 1467 2253 ut
1498 2227 1551 2253 ne
1578 2216 1686 2254 Chri-

178 2264 330 2299 stianos
358 2263 546 2299 violaret:
579 2275 661 2309 qua
693 2264 801 2299 illum
834 2265 1022 2310 neglecta
1047 2275 1130 2300 non
1157 2265 1289 2300 minus
1317 2276 1365 2300 ac
1391 2266 1527 2311 potius
1553 2266 1685 2311 magis

179 2322 300 2357 quam
328 2312 561 2347 decessores
588 2313 629 2348 in
644 2311 893 2348 Christianos
919 2313 1143 2357 insaniisse,
1171 2313 1281 2348 nullo
1308 2316 1517 2349 extremae
1544 2314 1685 2349 crude·
1698 2313 1745 2348 20

178 2360 300 2396 litatis
333 2370 486 2406 genere
521 2361 818 2406 praetermisso.
869 2359 933 2396 Ad
968 2361 1068 2396 alias
1104 2371 1201 2397 vero
1242 2361 1504 2397 dissensionis
1543 2371 1685 2397 eorum

179 2418 324 2444 causas
350 2409 470 2444 etiam
498 2408 602 2444 hanc
629 2410 860 2445 accessisse.

297 2456 473 2492 Proinde
510 2455 799 2493 Constantinus
839 2457 960 2492 ducto
1000 2460 1142 2492 contra
1180 2457 1380 2493 Licinium
1421 2458 1605 2492 exercitu
1645 2460 1684 2493 et
1698 2458 1742 2493 21

178 2514 301 2550 saepe
329 2505 548 2540 commissis
577 2505 739 2550 proeliis
767 2505 943 2551 denique
975 2506 1111 2540 vincit.
1163 2504 1242 2542 Sed
1271 2517 1362 2541 eum
1388 2509 1555 2551 propter
1573 2516 1684 2541 soro-

178 2563 263 2588 rem
290 2552 594 2588 reconciliatum
621 2563 671 2588 ex
698 2554 866 2599 imperio
895 2564 975 2588 non
1004 2554 1159 2599 expulit
1189 2554 1259 2589 sed
1288 2554 1407 2589 certis
1441 2553 1684 2589 condicioni-

178 2601 255 2635 bus
280 2601 424 2636 iterum
458 2601 498 2636 in
525 2611 698 2647 regnum
725 2602 900 2637 reduxit.
952 2600 1004 2636 At
1031 2602 1085 2636 illi
1120 2612 1222 2645 cum,
1257 2605 1302 2637 ut
1337 2602 1456 2636 homo
1492 2601 1682 2647 perfidus,
1697 2603 1744 2638 22

178 2649 307 2694 pactis
326 2659 407 2684 non
427 2649 611 2691 stetisset,
640 2649 775 2685 denuo
796 2649 1086 2686 Constantinus
1109 2649 1257 2685 bellum
1285 2650 1419 2685 intulit
1445 2653 1485 2684 et
1511 2650 1683 2685 victoria

178 2700 386 2742 reportata
413 2697 519 2742 cepit
545 2701 583 2732 et
604 2697 845 2742 Byzantium
873 2701 912 2733 et
939 2697 1230 2743 Chrysopolim.
1283 2697 1463 2733 Licinius
1494 2707 1592 2733 vero
1620 2697 1683 2733 Ni·

178 2744 400 2779 comediam
430 2746 547 2790 sugit.
586 2744 689 2780 Turn
717 2756 832 2781 soror
859 2745 1168 2781 Constantinum
1196 2748 1326 2790 rogat,
1353 2749 1397 2781 ut
1424 2747 1569 2781 marito
1597 2746 1683 2781 red-

179 2791 249 2827 dat
274 2793 503 2838 imperium:
538 2803 617 2838 quo
651 2804 732 2828 uon
760 2794 974 2839 impetrato
1003 2805 1026 2828 a
1054 2795 1180 2829 fratre
1208 2794 1378 2829 salutem
1406 2794 1511 2829 illius
1539 2797 1684 2830 exorat
1697 2792 1743 2825 ‘23

178 2843 219 2875 et
252 2841 293 2875 in
328 2851 441 2875 suam
478 2841 718 2876 sententiam
755 2841 958 2887 perduxit.
1009 2841 1189 2876 Licinius
1224 2842 1385 2887 privato
1421 2842 1563 2877 habitu
1599 2842 1684 2877 adit

179 2898 270 2924 eum
298 2899 346 2924 ac
371 2888 685 2925 Thessalonicae
714 2891 913 2936 privatam
942 2890 1064 2927 vitam
1093 2900 1218 2936 agere
1243 2890 1419 2926 iubetur.
1471 2890 1520 2926 Et
1545 2891 1577 2926 is
1604 2890 1684 2927 illic
1698 2888 1745 2923 24
