2054 3282
375 227 676 275 COPRON‘YMI
703 225 1033 272 CRVDELITAS
1057 226 1112 271 m
1137 223 1503 271 ORTHODOXOS.
1616 224 1689 270 275

191 429 324 471 ἄθεον
370 428 531 483 ἐκείνην
577 426 797 482 ἐβεβαίουν
843 426 1025 481 γραφήν,
1078 426 1155 480 ζῆν
1200 425 1347 466 εἶῶντο
1392 423 1464 466 καὶ
1510 424 1690 470 ἀπαθεῖς

23 508 61 536 ,a
107 502 176 540 351
191 497 373 552 ἀφεῖντο,
419 496 511 538 ὅσοι
543 495 589 538 δὲ
618 494 678 550 μὴ
718 494 948 543 ἐπείθοντο,
990 497 1160 548 πικραῖς
1201 492 1395 535 κολάσεσι
1433 491 1506 534 καὶ
1541 493 1691 547 βιαίοις

191 565 391 612 θανάτοις
419 568 494 607 τοῦ
526 565 603 619 ζῆν
640 563 936 617 ἐστερίσκοντο.
999 562 1066 604 ὅτε
1097 561 1168 604 καὶ
1199 562 1224 604 ὁ
1253 562 1387 616 μέγας
1417 561 1462 602 ἐν
1493 561 1692 616 ἀσκηταῖς
1706 565 1750 601 17

156 633 264 676 ὅκαὶ
294 634 339 676 ἐν
369 632 570 687 ἀθληταῖς
599 631 849 686 περιβόητος
878 631 1112 685 Στέφανος,
1146 630 1207 686 μὴ
1239 629 1423 677 πεισθεὶς
1453 630 1503 672 ὃν
1533 629 1692 676 ἐκεῖνος

191 702 327 744 ἐκάλει
357 701 489 756 τόμον
520 700 727 749 δέξασθαί
752 715 795 742 τε
825 699 897 741 καὶ
927 700 1171 754 βεβαιῶσαι,
1215 698 1348 741 πολλὰ
1384 698 1544 741 παθὼν
1575 698 1692 745 τέλος

190 770 375 826 ἀνῄρητο
406 769 582 824 ἀπηνῶς
611 768 682 810 καὶ
713 768 948 823 συρόμενος
979 768 1026 810 ἐκ
1057 772 1130 823 τῆς
1153 771 1228 809 τοῦ
1248 767 1507 822 πραιτωρίου
1528 768 1693 822 εἱρκτῆς

191 839 288 894 ἄχρι
316 841 403 880 τῶν
433 836 647 892 Πελαγίου
685 837 774 878 ἐκεῖ
804 836 908 891 μετὰ
946 839 1033 878 τῶν
1069 837 1334 891 κατακρίτων
1370 837 1536 892 ἐρρίφη,
1581 836 1691 878 ὅπου

190 908 361 962 τέμενος
395 906 448 962 ἦν
484 909 559 948 τοῦ
602 905 818 960 μάρτυρος
856 904 1084 959 Πελαγίου,
1129 906 1153 946 ὃ
1190 905 1390 946 καθελὼν
1428 905 1454 947 ὁ
1489 904 1693 960 μισόθεος

133 982 180 1018 10
192 975 264 1018 καὶ
293 975 460 1030 βόθρον
490 974 647 1028 ὀρύξας
677 973 919 1028 βαθύτατον
949 974 1039 1015 ἐκεῖ
1063 973 1161 1020 τοὺς
1184 974 1440 1020 καταδίκους
1461 974 1691 1028 ῥιπτεῖσθαι

190 1044 430 1099 προσέταξε.
491 1042 673 1089 πολλοὺς
705 1042 751 1084 δὲ
781 1042 852 1084 καὶ
872 1045 958 1084 τῶν
979 1042 1024 1083 ἐν
1044 1042 1146 1084 τέλει
1166 1042 1238 1083 καὶ
1258 1045 1344 1084 τῶν
1363 1047 1436 1097 τῆς
1457 1042 1691 1097 συγκλήτου
1707 1047 1752 1084 18

192 1181 325 1236 ὅρκον
355 1181 404 1222 ἐκ
434 1180 606 1222 πάντων
637 1178 822 1234 ἀπῄτησε
857 1179 917 1233 μή
956 1194 1044 1220 τινα
1082 1180 1209 1233 σέβας
1249 1180 1387 1234 νέμειν
1428 1184 1517 1226 ταῖς
1560 1179 1693 1226 θείαις

192 1249 359 1302 εἰκόσιν,
392 1248 494 1291 ἀλλὰ
523 1248 594 1290 καὶ
615 1248 661 1296 ἐξ
681 1248 810 1289 αὐτοῦ
833 1247 1168 1301 Κωνσταντίνου,
1200 1248 1250 1289 ὃν
1281 1246 1407 1294 αὐτὸς
1436 1252 1509 1303 τῆς
1540 1247 1691 1303 ἐκκλη-

134 1323 180 1360 15
193 1318 284 1364 σίας
313 1318 555 1371 προέστησε,
586 1316 660 1359 τὸν
690 1316 822 1371 ὅρκον
851 1320 1000 1358 τοῦτον
1030 1315 1227 1371 ἀπῄτησε,
1262 1316 1334 1358 καὶ
1365 1317 1413 1362 ὃς
1444 1317 1488 1358 ἐν
1517 1321 1579 1371 τῷ
1609 1317 1691 1371 ἄμ-

192 1388 299 1442 βωνι
329 1385 492 1440 ἀναβὰς
522 1386 679 1440 ὤμοσε.

312 1453 432 1496 Κατὰ
470 1452 737 1508 Βουλγάρων
781 1453 826 1495 δὲ
868 1452 972 1508 μετὰ
1016 1452 1166 1495 στόλου
1209 1453 1369 1495 πολλοῦ
1409 1453 1597 1501 ἐξελθὼν
1636 1454 1693 1500 εἰς
1707 1459 1752 1495 19

194 1573 214 1608 1
240 1573 304 1608 ὅσα
328 1572 435 1608 ἐποίει
460 1572 481 1607 ὅ
501 1571 749 1617 Κοπρώνυμος
775 1571 1018 1617 (κοπρώνιμος
1036 1571 1082 1614 Ε)
1107 1571 1198 1607 κατὰ
1223 1575 1294 1606 τῶν
1317 1570 1368 1617 μὴ
1393 1571 1613 1607 πεισθέντων
1637 1573 1693 1618 βε·-

190 1622 342 1667 βαιῶσαι
367 1619 430 1666 τὴν
455 1619 544 1655 κατὰ
569 1624 640 1655 τῶν
664 1620 775 1665 ἁγίων
799 1620 950 1655 εἰκόνων
976 1619 1185 1666 συγγραφήν
1210 1618 1273 1656 CE
1453 1619 1499 1655 17
1524 1621 1576 1655 ὅτι
1603 1618 1693 1655 κατὰ

192 1668 412 1714 Βουλγάρων
436 1667 688 1712 ἐκστρατεύσας
713 1668 892 1713 ἄπρακτος
916 1667 1109 1714 ἐπανῆλθε·
1140 1667 1361 1713 (ἐπανῆλθεν.
1383 1666 1430 1711 Ε)
1456 1667 1516 1703 καὶ
1542 1670 1633 1710 (om.
1661 1667 1693 1702 E

192 1726 300 1753 novo
328 1718 570 1762 argumento
596 1716 773 1762 incepto)
803 1716 858 1751 οἷα
883 1715 973 1751 κατὰ
998 1720 1070 1751 τῶν
1093 1720 1263 1761 μοναχῶν
1288 1715 1395 1751 ἐποίει
1421 1715 1481 1751 καὶ
1506 1714 1598 1751 κατὰ
1622 1720 1693 1750 τῶν

193 1764 285 1810 (om.
311 1762 356 1806 C)
380 1763 564 1809 ἀρχόντων
590 1762 653 1799 CE

265 1883 299 1920 3.
324 1882 349 1919 4
370 1887 512 1928 πικροῖς
536 1882 701 1923 θανάτοις
721 1883 783 1919 καὶ
798 1884 929 1930 βίαιαις
947 1883 1034 1930 (sic)
1052 1883 1217 1919 κολάσεσι
1242 1882 1290 1928 D,
1317 1882 1475 1919 acerbis
1493 1882 1692 1919 mortibus

266 1934 306 1967 et
330 1931 538 1966 atrocibus
564 1931 791 1977 suppliciis:
824 1932 891 1968 Wo
917 1932 983 1967 lat.
1080 1931 1115 1967 4.
1133 1931 1156 1967 5
1180 1931 1288 1977 μέγας
1312 1931 1350 1967 ἒν
1375 1931 1543 1977 ἀσκηταῒς
1569 1931 1630 1966 καὶ
1655 1930 1693 1966 ἕν

264 1979 434 2025 ἀθληταῖς
457 1978 678 2025 περιβόητος]
706 1978 768 2015 De
794 1979 972 2015 chiasmo
998 1990 1035 2015 V.
1065 1979 1117 2015 ad
1142 1978 1239 2015 XIII
1265 1979 1298 2024 2,
1325 1979 1347 2015 6
1509 1979 1532 2015 5
1557 1979 1693 2018 ἐκεῖνος

267 2037 343 2063 om.
357 2025 425 2063 CD
498 2027 521 2061 9
537 2026 696 2072 μισάγιος
710 2026 742 2063 Ο
761 2027 828 2063 Wo
841 2027 908 2063 lat.
983 2027 1030 2063 10
1045 2028 1279 2073 κατακρίτους
1297 2026 1329 2064 Ο
1404 2027 1447 2062 11
1466 2027 1504 2062 ἐν
1524 2027 1610 2062 τέλει
1633 2026 1694 2062 καὶ

265 2073 612 2111 τῶνοῐῐι.ΟΠῙοΙαίῦ.
687 2074 733 2110 13
744 2075 906 2120 νέμεινσέ
929 2074 1009 2115 αςΒ
1083 2075 1237 2122 ἅγίαιςΟ
1313 2075 1358 2111 14
1370 2074 1693 2121 ταῖςέκκλησίαιςΒ

267 2122 313 2159 15
336 2122 551 2168 προέστησεν
576 2122 685 2168 Ewp,
711 2132 749 2158 V.
776 2122 829 2158 ad
854 2122 892 2159 X
913 2123 951 2159 II
978 2124 1010 2169 l,
1037 2122 1060 2159 5

197 2251 359 2288 cunque
393 2241 519 2288 igitur
555 2241 792 2278 immanitati
831 2243 918 2279 eius
944 2247 1054 2279 metu
1092 2246 1298 2279 cesserant
1332 2245 1372 2278 et
1397 2242 1560 2288 impiam
1587 2241 1694 2277 illam

196 2291 437 2336 scripturam
464 2289 760 2334 confirmarant,
788 2292 929 2327 vivere
955 2292 1056 2326 citra
1081 2301 1232 2326 noxam
1251 2290 1501 2334 sinebantur,
1528 2290 1694 2335 quicun-

197 2347 276 2384 que
301 2347 400 2373 vero
418 2337 616 2383 refragati
644 2341 770 2382 erant,
797 2339 956 2375 acerbis
970 2338 1178 2384 suppliciis
1205 2341 1245 2374 et
1263 2338 1470 2374 atrocibus
1496 2337 1695 2373 mortibus

197 2386 282 2422 vita
308 2385 588 2432 privabantur.
640 2385 728 2427 Quo
746 2390 927 2432 tempore
944 2396 1119 2432 magnus
1133 2389 1290 2422 ascetes
1316 2389 1356 2421 et
1370 2385 1521 2421 athleta
1535 2385 1695 2421 celeber
1711 2385 1755 2421 17

197 2432 428 2480 Stephanus
457 2433 695 2478 acceptione
729 2437 770 2468 et
797 2434 1093 2480 subscriptione
1119 2434 1215 2470 tomi
1243 2433 1347 2469 illius
1373 2435 1572 2477 recusata,
1606 2436 1696 2478 post

197 2481 322 2517 multa
336 2484 536 2516 tormenta
550 2480 768 2517 crudeliter
787 2483 943 2518 occisus
969 2486 1009 2518 et
1035 2492 1057 2518 e
1076 2482 1268 2528 praetorii
1287 2490 1452 2517 carcere
1466 2484 1696 2527 protractus

197 2538 328 2575 usque
346 2528 398 2564 ad
413 2527 623 2574 Pelagium
642 2529 736 2564 illuc
761 2539 851 2565 cum
867 2529 1146 2566 condemnatis
1172 2533 1232 2565 est
1247 2529 1468 2575 proiectum
1493 2538 1587 2564 nam
1614 2538 1695 2574 quo

198 2577 286 2613 loco
305 2575 460 2622 Pelagii
478 2579 583 2611 mart
614 2576 668 2611 ris
685 2577 808 2613 aedes
833 2578 977 2621 fuerat,
1005 2588 1053 2613 eo
1081 2577 1250 2613 deorum
1278 2587 1371 2612 osor
1396 2577 1463 2612 illa
1490 2576 1696 2612 destructa

198 2629 239 2660 et
273 2624 383 2660 fossa
417 2586 732 2669 profundissima
765 2626 874 2661 facta
908 2625 1199 2661 condemnatos
1232 2625 1338 2660 abici
1373 2625 1498 2660 iussit.
1550 2622 1696 2659 Multos
1716 2624 1756 2659 18

198 2671 319 2707 etiam
345 2671 607 2717 magistratus
640 2675 680 2707 et
705 2678 914 2709 senatores
953 2674 1004 2709 ob
1044 2682 1252 2708 sacrarum
1290 2672 1513 2718 imaginum
1544 2671 1696 2707 cultum

198 2718 396 2765 supplicio
422 2718 558 2754 affecit
583 2722 623 2755 et
652 2719 932 2757 iusiurandum
952 2721 1004 2756 ab
1024 2721 1212 2757 omnibus
1229 2721 1379 2766 exegit.
1404 2729 1456 2755 ne
1481 2719 1571 2764 quis
1598 2718 1693 2754 divi·

198 2776 272 2802 nas
298 2766 496 2811 imagines
514 2771 792 2812 veneraretur,
818 2768 1007 2814 idemque
1030 2768 1310 2804 iusiurandum
1339 2768 1391 2803 ab
1417 2767 1505 2813 ipso
1532 2776 1697 2813 quoque

199 2813 475 2858 Constantino,
502 2823 621 2859 quem
637 2815 832 2853 ecclesiae
846 2818 933 2864 ipse
952 2819 1216 2863 praefecerat,
1243 2815 1475 2862 postulavit,
1503 2814 1612 2860 quod
1631 2814 1696 2850 ille

199 2862 240 2898 in
266 2861 440 2898 ambone
464 2865 576 2897 stans
601 2862 763 2900 iuravit.

317 2908 417 2947 Cum
452 2908 581 2946 classe
613 2920 765 2959 magna
801 2916 943 2949 contra
980 2911 1182 2960 Bulgaros
1208 2910 1449 2948 Anchialum
1488 2911 1696 2959 profectus
1711 2910 1756 2948 19

191 359 283 403 ὅσοι
312 358 391 415 μὲν
421 357 499 402 οὖν
529 357 660 413 φόβῳ
689 361 763 412 τῆς
793 357 954 399 ἐκείνου
984 355 1222 412 θηριωὸίας
1251 355 1492 398 ὗπέκυπτον
1522 353 1594 397 καὶ
1614 353 1689 410 τὴν
1703 358 1749 394 16
1773 357 1811 394 D

191 1112 349 1168 βουλῆς
392 1110 459 1154 διὰ
502 1111 577 1166 τὴν
618 1110 741 1165 τιμὴν
781 1114 868 1152 τῶν
911 1111 1044 1165 ἁγίων
1080 1110 1259 1152 εἰκόνων
1296 1111 1584 1165 ἐτιμωρήσατο
1620 1110 1907 1153 καὶΡΙΙΙΙΙΑ
