1968 3302
267 216 336 255 118
664 216 846 257 ZONAR.
873 218 1005 256 EPIT.
1031 218 1129 256 XIII
1154 217 1210 265 25,
1238 217 1366 257 7-23.

264 411 466 466 ὑμέτερον
496 411 591 465 περὶ
621 415 693 466 τῆς
723 411 900 457 πίστεως
932 410 1148 466 φρόνημα,
1194 411 1450 466 γραφήσεται
1487 411 1532 454 δὲ
1563 411 1634 454 καὶ
1662 409 1764 467 παρ’

166 478 202 515 D
229 479 390 535 9ἡμῶν
420 479 467 522 τὸ
499 481 717 535 ἡμέτερονο
750 479 821 520 καὶ
852 480 987 534 ἄμφω
1019 479 1079 521 τὼ
1105 480 1224 535 τόμω
1247 481 1291 522 ἒν
1311 485 1361 536 τῇ
1382 481 1557 536 λάρνακι
1578 481 1767 536 τεθήτων

263 553 337 604 τῆς
378 549 661 603 πανευφήμου
704 548 921 602 μάρτυρος
958 548 1201 604 Εὗφημίας,
1246 549 1317 591 καὶ
1355 550 1482 604 ταύτῃ
1521 550 1596 604 τὴν
1633 550 1768 604 κρίσιν

206 617 252 653 10
266 618 410 660 δοτέον
430 621 516 659 τῶν
537 618 686 671 ὀρθῶν
707 617 778 658 καὶ
801 617 1070 672 διαστρόφων
1093 618 1427 673 δογματιστῶν”.
1490 620 1614 673 ἤρεσε
1639 621 1766 660 ταῦτα
1780 620 1802 656 5

265 686 336 728 καὶ
366 691 451 733 τοῖς
483 687 714 741 αἳρετικοῖς,
747 685 819 727 καὶ
850 687 890 728 οἳ
918 686 1038 741 τόμοι
1061 688 1318 742 γεγράφαται
1339 687 1411 730 καὶ
1432 687 1456 730 ὁ
1477 687 1628 730 κλείων
1648 687 1769 734 λίθος

263 755 338 810 τὴν
373 755 563 810 λάρνακα
604 755 759 809 αἴρεται
795 755 866 796 καὶ
903 757 944 797 οἳ
980 756 1128 811 χάρται
1164 761 1226 811 τῷ
1266 757 1408 811 στήθει
1446 761 1518 812 τῆς
1553 755 1769 811 μάρτυρος

264 824 507 865 ἐπιτίθενται
528 823 600 865 καὶ
621 824 646 865 ὁ
667 824 787 870 λίθος
808 823 933 871 αὖθις
954 829 1004 880 τῇ
1031 825 1206 879 λάρνακι
1238 826 1501 880 ἕπενήνεκται
1531 825 1602 867 καὶ
1630 840 1767 880 σφρα-

205 893 248 928 11
265 893 413 947 γίζεται
452 889 523 934 ὑπ’
563 893 724 947 ἀμφοῖν
760 898 845 935 τοῖν
884 898 1044 948 μεροῖν.
1106 894 1152 936 τὸ
1186 891 1223 936 δ’
1263 895 1454 936 ἐντεῦθεν
1485 895 1631 936 ἱκεσίαι
1659 892 1770 948 πρὸς

263 960 367 1003 θεὸν
404 961 474 1003 καὶ
516 961 678 1016 δεήσεις
714 962 932 1017 παννύχιοι
970 963 1244 1018 ἀποκαλύψαι
1275 963 1333 1009 τίς
1364 963 1481 1018 αὐτῷ
1511 966 1596 1004 τῶν
1628 962 1769 1011 δοξῶν
1784 964 1830 1000 10

205 1030 250 1066 12
263 1030 529 1084 καταθύμιος
559 1030 631 1072 καὶ
664 1030 723 1076 τίς
755 1031 991 1086 ἀποβλητέα
1026 1032 1154 1074 δοκεῖ.
1217 1032 1287 1074 καὶ
1317 1031 1421 1087 μετὰ
1449 1032 1585 1087 τρίτην
1606 1031 1770 1086 ἡμέραν

56 1098 88 1135 Ρ
102 1099 140 1135 ΙΙ
153 1098 200 1135 48
215 1098 249 1136 Α
264 1099 545 1154 συνέρχονται,
576 1099 686 1154 μηδὲ
717 1103 791 1141 τοῦ
822 1100 1028 1154 βασιλέως
1060 1101 1399 1156 ἀπολειφθέντος,
1438 1100 1509 1142 καὶ
1540 1101 1770 1155 ἅνοιγείσης

205 1169 249 1204 13
263 1172 335 1222 τῆς
365 1167 578 1223 λάρνακος
613 1166 714 1223 (τῶν
745 1169 1001 1223 θαυμασίων
1026 1185 1117 1224 σου,
1150 1169 1299 1225 κύριε),
1333 1170 1488 1224 εὑρέθη
1522 1169 1546 1211 ὁ
1576 1168 1655 1224 μὲν
1684 1171 1770 1210 τῶν

208 1237 251 1272 14
264 1237 484 1292 αἱρετικῶν
514 1236 645 1291 τόμος
681 1238 724 1279 ἒν
755 1242 840 1284 τοῖς
870 1238 968 1279 ποσὶ
998 1244 1071 1294 τῆς
1100 1239 1316 1293 μάρτυρος
1347 1239 1549 1293 κείμενος,
1590 1238 1615 1280 ὁ
1647 1237 1694 1279 δέ
1725 1253 1770 1292 γε

264 1304 410 1351 λοιπὸς
441 1309 491 1360 τῇ
524 1306 639 1360 δεξιᾷ
670 1306 822 1361 ταύτης
852 1307 956 1362 χειρὶ
987 1308 1278 1362 κατεχόμενος,
1323 1309 1375 1363 ἣν
1407 1308 1578 1349 ἐκτεῖναι
1614 1307 1820 1361 λέγεταιΙ)
1839 1296 1968 1357 111245]

265 1374 375 1429 πρὸς
404 1373 476 1416 τὸν
507 1375 678 1430 βασιλέα
711 1375 782 1417 καὶ
811 1375 883 1418 τὸν
914 1377 1188 1432 πατριάρχην,
1221 1376 1293 1418 τὸν
1323 1377 1454 1431 τόμον
1479 1377 1620 1422 αὐτοῖς
1640 1375 1769 1430 ἕγχει-
1963 1381 1965 1384 ⁴

208 1444 252 1481 15
266 1444 454 1499 ρίζουσα.
518 1445 558 1485 οἱ
593 1444 672 1498 μὲν
710 1443 786 1486 οὖν
822 1444 869 1486 τὸ
907 1445 1044 1499 ὀρθὸν
1081 1446 1381 1501 πρεσβεύοντες
1418 1445 1556 1499 δόγμα
1588 1443 1696 1500 ἦσαν
1726 1444 1771 1485 ἓν

66 1512 190 1549 WIII
204 1512 252 1550 40
265 1512 445 1568 κρότοις,
491 1514 532 1555 οἳ
563 1513 608 1555 δὲ
644 1513 804 1561 τούτοις
835 1514 1170 1570 ἑτερογνώμονες
1202 1517 1488 1570 κατηφιῶντες
1518 1513 1590 1555 καὶ
1621 1512 1771 1559 σκότος

1957 180 1962 198 ἔ

1947 294 1968 340 ,ι

229 342 413 384 ὅτούτου
454 341 667 397 διάκρισιν,
711 341 782 384 καὶ
820 342 1025 397 γραφήτω
1064 341 1142 396 μὲν
1177 339 1278 397 παρ’
1319 342 1443 397 ὑμῶν
1482 342 1526 385 ἒν
1563 341 1684 398 τόμῳ
1719 339 1766 386 τὸ
1947 332 1968 762 ¹

264 1680 286 1716 5
311 1679 390 1726 περὶ
415 1685 476 1716 τοῦ
507 1680 696 1726 γενομένου
730 1681 911 1726 θαύματος
941 1681 1038 1726 παρὰ
1071 1687 1131 1728 τῆς
1163 1683 1262 1728 ἁγίας
1292 1682 1470 1727 μάρτυρος
1496 1680 1690 1727 Εὖφημίας
1715 1679 1770 1715 ἐπὶ

264 1735 306 1775 τῇ
330 1730 444 1775 κρίσει
469 1733 541 1764 τῶν
566 1730 687 1775 τόμων
713 1734 773 1775 τῆς
797 1730 947 1769 πίστεως
975 1729 1037 1766 ΟΕ

338 1893 361 1930 2
385 1894 603 1941 γραφήσεται
630 1893 670 1930 δὲ
696 1905 771 1931 om.
798 1895 830 1930 E
944 1895 967 1930 3
992 1895 1162 1941 ὑμέτερον
1187 1895 1268 1940 ED,
1298 1905 1398 1931 corr.
1425 1894 1495 1933 Dw
1611 1891 1771 1939 τεθήτων

339 1976 507 2025 prDi‚
533 1979 739 2023 τεθηκότων
757 1977 804 2022 Α,
830 1978 1002 2024 τεθήτω*
1030 1981 1063 2019 (ν
1090 1982 1150 2015 est
1177 1982 1351 2023 erasum)
1378 1979 1410 2015 E
1507 1978 1529 2014 6
1556 1954 1770 2023 γεγράφανται

339 2025 375 2061 D
485 2026 506 2062 7
532 2032 575 2071 τῇ
599 2026 745 2072 λάρνακι
772 2026 808 2062 D
932 2027 978 2062 10
1005 2027 1064 2062 τὸν
1088 2027 1173 2062 θεὸν
1201 2027 1297 2073 pr
1422 2026 1465 2062 11
1491 2025 1554 2072 τὴν
1579 2026 1696 2071 τρίτην
1722 2024 1769 2068 D,

338 2085 376 2110 V.
402 2074 454 2110 ad
480 2074 578 2110 XIII
603 2075 660 2117 23,
687 2075 710 2110 8
809 2075 853 2110 16
877 2075 1141 2121 ἕγχειρίζουσαν
1166 2074 1202 2110 D

169 2229 203 2266 7·
229 2229 547 2280 Spermittenda‚
573 2234 607 2269 si
629 2234 772 2280 placet,
800 2234 876 2270 deo
903 2235 980 2270 hac
1006 2234 1056 2270 de
1082 2245 1126 2270 re
1154 2235 1409 2279 diiudicati03
1436 2233 1639 2270 scribatur
1659 2243 1684 2268 a
1702 2244 1769 2270 vo·

265 2282 327 2318 bis
355 2282 399 2317 in
424 2282 527 2318 libro
553 2284 692 2318 vestra
719 2282 770 2318 de
795 2283 875 2318 fide
901 2283 1114 2327 sententia,
1147 2283 1347 2318 scribetur
1374 2285 1509 2317 autem
1536 2284 1576 2317 et
1601 2291 1626 2316 a
1651 2282 1769 2317 nobis

227 2326 423 2375 9nostra3
462 2332 587 2376 atque
617 2333 793 2376 uterque
824 2331 926 2366 liber
955 2331 997 2365 in
1025 2330 1249 2366 conditorio
1278 2330 1495 2365 collocetur
1522 2329 1769 2364 clarissimae

265 2378 371 2413 illius
396 2378 587 2423 martyris
612 2378 874 2423 Euphemiae,
910 2379 974 2413 eui
1003 2378 1197 2413 iudicium
1225 2378 1403 2413 dandum
1431 2378 1480 2413 sit
1507 2377 1556 2412 de
1583 2377 1703 2412 rectis
1730 2379 1769 2412 et

207 2422 253 2458 10
266 2426 470 2471 perversis
497 2425 700 2471 dogmatis
727 2425 1047 2461 defensoribus.”
1097 2426 1210 2468 Quae
1245 2436 1335 2460 cum
1362 2425 1574 2460 haereticis
1605 2434 1768 2470 quoque

265 2473 524 2519 placuissent,
563 2473 655 2508 libri
687 2474 826 2519 scripti
859 2473 1004 2519 lapide,
1045 2474 1113 2519 qui
1141 2473 1358 2508 claudebat
1385 2472 1666 2516 conditorium,
1706 2482 1768 2507 re-

265 2524 373 2556 moto
400 2521 556 2567 pectori
583 2522 772 2566 martyris
804 2522 1087 2567 imponuntur3
1126 2524 1212 2556 tum
1244 2520 1347 2566 lapis
1379 2521 1525 2555 iterum
1559 2520 1601 2555 in
1634 2519 1768 2555 condi-

206 2566 411 2604 utorium
444 2568 579 2604 illatus
614 2569 856 2615 obsignatur
886 2569 937 2604 ab
969 2572 1143 2614 utraque
1177 2571 1303 2614 parte.
1355 2568 1512 2603 Deinde
1544 2568 1646 2602 fiunt
1677 2578 1768 2613 sup-

267 2615 506 2661 plicationes
523 2616 588 2652 dei
607 2619 646 2652 et
664 2626 805 2661 preces
823 2619 1060 2660 nocturnae,
1078 2620 1123 2651 ut
1143 2616 1320 2662 detegat,
1349 2626 1454 2662 quae
1473 2615 1549 2651 sibi
1567 2615 1767 2650 sententia

206 2661 252 2696 12
267 2666 471 2709 exoptata,
492 2674 598 2709 quae
615 2664 823 2700 reicienda
841 2664 1040 2700 videatur.
1087 2664 1183 2699 Post
1201 2664 1363 2699 tertium
1383 2664 1487 2699 diem
1507 2663 1766 2706 conveniunt,

265 2721 318 2746 ne
343 2721 443 2757 rege
470 2711 633 2757 quidem
660 2712 811 2757 relicto,
838 2714 878 2748 et
903 2715 1044 2757 aperto
1067 2712 1291 2747 conditorio
1319 2714 1357 2753 (o
1376 2710 1572 2746 miracula
1590 2713 1671 2754 tua,
1700 2710 1766 2745 do-

206 2756 252 2792 13
265 2757 388 2803 mine)
419 2759 610 2795 inventus
637 2762 697 2795 est
722 2759 1020 2795 haereticorum
1045 2759 1148 2794 liber
1172 2759 1224 2794 ad
1251 2759 1375 2804 pedes
1401 2758 1590 2803 martyris
1615 2758 1765 2801 iacens,

206 2804 253 2839 14
266 2805 368 2841 alter
395 2805 540 2842 dextra
573 2808 659 2843 eius
688 2817 824 2852 manu,
866 2817 988 2853 quam
1021 2807 1253 2842 extendisse
1288 2806 1435 2841 dicitur
1468 2806 1519 2840 ad
1552 2815 1692 2850 regem
1727 2808 1766 2840 et

207 2852 252 2888 15
266 2854 538 2899 patriarcham
574 2857 614 2890 et
644 2854 792 2890 librum
822 2855 1065 2901 porrexisse.
1116 2854 1259 2899 Itaque
1286 2855 1384 2889 recti
1411 2853 1613 2898 dogmatis
1639 2855 1765 2887 secta-

265 2904 374 2938 tores
407 2901 656 2948 plauserunt,
696 2903 922 2939 adversarii
952 2905 1087 2939 autem
1117 2901 1277 2938 demissi
1304 2904 1342 2937 et
1369 2901 1543 2948 caligine
1569 2910 1667 2946 prae
1693 2910 1764 2947 pu-
