1968 3302
571 216 881 262 PVLCHERIA.
931 214 1305 258 CHRYSAPHIVS.
1618 214 1688 257 109

313 345 449 394 Οὗτος
469 349 494 390 ὃ
515 348 734 403 εἰρημένος
753 345 1007 402 Χρυσάφιος
1027 348 1099 399 τῆς
1121 343 1312 390 εὐκολίας
1333 347 1406 385 τοῦ
1431 347 1687 399 κρατοῦντος
1703 346 1746 381 15

187 420 472 471 κατατρυφῶν
502 417 660 458 ἔπεισεν
691 415 830 468 αὐτόν,
863 413 935 455 καὶ
959 413 1034 468 τὴν
1053 412 1294 468 βασίλισσαν
1314 412 1532 454 Εὗδοκίαν
1552 428 1685 467 προσ-

189 485 374 539 ειληφὼς
404 485 618 539 συνεργόν,
658 484 731 538 τὴν
762 482 1028 537 Πουλχερίαν
1059 486 1131 537 τῆς
1161 485 1246 523 τῶν
1275 481 1539 535 πραγμάτων
1569 497 1686 535 μετε-

188 558 346 608 νεγκεῖν
383 554 640 607 διοικήσεως.
702 552 774 593 καὶ
804 553 830 606 ἡ
861 551 940 606 μὲν
970 554 1055 592 τῶν
1086 550 1335 605 ἀνακτόρων
1367 550 1686 604 ὑποχωρήσασα
1701 553 1746 588 16

153 619 291 665 5καθ’
330 622 480 676 ἑαυτὴν
516 622 587 676 ἔζη
619 637 662 662 τε
692 620 764 662 καὶ
795 621 839 661 ἐν
869 625 930 674 τῷ
956 619 1160 674 Ἑβδόμῳ
1191 619 1409 674 ἡσύχαζεν.
1471 619 1498 660 ὁ
1532 618 1577 660 δὲ
1607 619 1686 673 βα·
1701 622 1746 658 17

188 690 321 736 σιλεὺς
351 691 408 736 εἷς
439 689 587 731 ἑαυτὸν
618 689 700 743 ὀψὲ
731 689 802 730 καὶ
831 689 952 743 μόλις
983 688 1125 730 ἐλθὼν
1155 688 1226 730 καὶ
1256 687 1330 742 τὴν
1361 686 1467 728 κατὰ
1498 691 1572 728 τοῦ
1603 703 1685 741 μα-

187 759 359 813 καρίτου
382 758 622 813 Φλαβιανοῦ
643 757 888 812 μιαιφονίαν
909 757 1263 811 ἀναλογισάμενος
1293 756 1364 798 καὶ
1394 755 1444 796 τὰ
1475 755 1582 797 κατὰ
1613 755 1688 810 τὴν

186 826 453 882 Πουλχερίαν
483 827 555 868 καὶ
589 826 760 868 πάντων
800 827 928 867 αἴτιον
964 825 1036 867 τὸν
1071 825 1253 880 βέβηλον
1290 826 1447 866 ἐκεῖνον
1484 825 1688 879 εὐνοῦχον

187 896 339 951 εὑρών,
372 896 429 941 εἷς
452 895 613 936 δίκαιον
633 892 723 936 κατ’
748 894 877 936 αὐτοῦ
909 899 1074 936 κινεῖται
1105 894 1248 948 θυμὸν
1273 893 1344 935 καὶ
1364 897 1438 935 τοῦ
1459 893 1538 948 μὲν
1558 893 1686 947 ὓπερ·
1701 900 1747 935 18

131 974 175 1009 10
188 965 308 1019 ορίαν
349 964 683 1018 καταψηφίζεται
725 963 796 1004 καὶ
841 963 1011 1018 δημεύει
1053 963 1127 1017 τὴν
1166 963 1311 1004 οὐσίαν
1348 963 1492 1016 αὐτοῦ,
1535 962 1610 1016 τὴν
1642 962 1688 1003 δὲ

187 1033 375 1088 ἀδελφὴν
412 1032 801 1088 μετακαλεσάμενος
839 1032 1094 1086 συγγνώμην
1129 1033 1214 1086 ᾔτει
1251 1031 1322 1072 καὶ
1357 1031 1431 1085 τὴν
1462 1035 1547 1072 τῶν
1577 1037 1731 1086 πρα-Β

187 1102 360 1156 γμάτων
392 1102 593 1156 διοίκησιν
624 1099 749 1146 αὖθις
780 1101 886 1155 αὐτῇ
918 1100 1171 1155 ἐνεχείρισεν.

298 1169 379 1212 Ἠν
411 1170 457 1212 δὲ
487 1171 513 1224 ἡ
545 1168 787 1224 Πουλχερία
820 1169 1093 1223 συνετωτάτη,
1127 1169 1198 1210 καὶ
1228 1168 1361 1210 πολλὰ
1392 1172 1479 1210 τῶν
1510 1169 1686 1210 ἒλαττω-
1703 1176 1747 1211 19

184 1239 333 1294 μάτων
369 1242 442 1280 τοῦ
481 1238 668 1292 ἀδελφοῦ
704 1238 753 1279 τὰ
784 1238 863 1293 μὲν
894 1238 1165 1292 ἒπηνώρθου,
1210 1237 1259 1278 τὰ
1305 1237 1350 1279 δὲ
1393 1238 1686 1279 συνεκάλυπτε.

128 1318 172 1353 15
185 1308 342 1362 λέγεται
378 1312 479 1362 γοῦν
517 1308 790 1362 ἀπροσέκτως
826 1306 898 1349 τὸν
933 1307 1103 1362 βασιλέα
1140 1310 1287 1348 τοῦτον
1324 1307 1688 1361 ὑποσημαίνεσθαι
1700 1314 1747 1349 20

186 1375 259 1422 τὰς
295 1377 476 1431 γραφάς.
543 1377 569 1430 ἡ
609 1376 655 1417 δὲ
691 1377 867 1431 παρῄνει
903 1377 1021 1430 αὐτῷ
1058 1376 1118 1431 μὴ
1156 1379 1241 1417 πᾶν
1276 1375 1323 1417 τὸ
1365 1375 1687 1430 προσαγόμενον
1700 1383 1745 1418 21

185 1447 397 1501 βεβαιοῦν,
430 1445 532 1487 ἀλλὰ
563 1445 612 1486 τὰ
645 1446 912 1500 γεγραμμένα
943 1444 1357 1500 προεπισκέπτεσθαι.
1420 1445 1444 1486 ὅ
1477 1445 1522 1486 δὲ
1555 1445 1684 1500 διεβε-
1700 1451 1746 1486 22

186 1516 358 1570 βαιοῦτο
394 1515 492 1569 μήτι
528 1514 645 1569 παρά
681 1530 755 1555 του
793 1515 1140 1569 κακουργεῖσθαι’
1186 1514 1336 1555 εἰδέναι
1367 1514 1448 1568 γὰρ
1480 1513 1606 1560 αὐτὸς
1636 1514 1685 1555 τὰ
1699 1520 1869 1558 W11137

0 1593 87 1630 ’,ΙΙΙ
102 1593 173 1630 243
187 1583 435 1639 γραφόμενα
458 1583 757 1638 ἀπισχυρίζετο.
819 1584 876 1630 εἰς
901 1583 1069 1638 ἔλεγχον
1099 1583 1236 1624 τοίνυν
1266 1588 1338 1638 τῆς
1368 1583 1545 1638 νωθρᾶς
1576 1583 1686 1638 γνώ-
1701 1590 1747 1626 23

188 1690 212 1725 4
237 1691 286 1725 ὅτι
313 1689 375 1736 τὴν
392 1690 617 1735 Πουλχεριάν
633 1690 820 1735 μετέστησε
843 1695 903 1735 τῆς
921 1689 1131 1735 διοικήσεως
1148 1690 1169 1724 ὅ
1188 1689 1379 1728 Θεοδόσιος
1404 1689 1467 1726 GE
1566 1689 1611 1724 12
1637 1691 1687 1725 ὅτι

185 1738 293 1777 αὖθις
320 1744 361 1784 τῇ
385 1738 524 1783 ἀδελφῇ
549 1737 612 1783 τὴν
637 1738 816 1783 διοίκησιν
840 1738 1046 1783 ἐνεχείρισεν
1073 1738 1305 1783 (ἐνεχείρησεν
1318 1737 1364 1779 Ε)
1393 1736 1456 1773 CE
1558 1738 1601 1773 19
1626 1739 1687 1774 καὶ

187 1786 262 1828 (καὶ
289 1797 365 1822 om.
392 1785 437 1830 C)
463 1787 561 1824 ὅπως
585 1786 607 1831 ἦ
633 1786 839 1831 Πουλχερία
864 1786 1018 1832 ἐβελτίου
1044 1785 1102 1821 τὸν
1127 1786 1283 1831 ἀδελφάν
1309 1785 1372 1822 CE

258 1891 276 1926 1
304 1892 418 1930 οὕτως
443 1891 475 1926 Ε
608 1890 640 1926 2.
669 1891 691 1926 3
716 1890 874 1937 εἰληφὼς
900 1891 931 1926 Ε
1069 1891 1101 1926 3.
1128 1891 1151 1926 4
1177 1891 1389 1936 διοικήσεως
1411 1897 1630 1937 μετενεγκεῖν
1657 1891 1686 1928 C

256 1939 279 1974 5
303 1953 338 1974 τε
365 1949 440 1975 om.
457 1938 555 1984 pr
649 1940 671 1973 6
697 1938 786 1975 κατὰ
813 1949 888 1975 orn.
905 1938 968 1975 ΟΕ
1051 1940 1232 1984 μακαρίου
1246 1938 1460 1986 BSprDi
1548 1940 1592 1975 12
1617 1940 1687 1975 ἑνε-

256 1989 419 2032 χείρησεν
432 1986 534 2032 pr
610 1987 654 2022 16
679 1987 784 2022 αὐτὸν
797 1986 896 2032 pr
973 1987 1016 2023 17
1041 1988 1404 2032 προςεπισκέπτεσθαι
1421 1987 1456 2022 D
1532 1987 1577 2023 18
1601 1988 1684 2034 μήτι

257 2033 426 2081 prDi,
450 2035 539 2079 μήτε
555 2036 591 2070 Α
688 2035 966 2080 κακουργεῖσθαι
989 2036 1084 2080 παρά
1109 2049 1169 2070 του
1197 2035 1294 2082 pr
1395 2037 1449 2071 18.
1470 2035 1514 2071 19
1540 2036 1686 2081 ἀπισχυ-

257 2084 369 2128 ρίζετο
395 2082 434 2118 τὰ
459 2085 666 2128 γραφόμενα
691 2082 802 2129 Βῐνρ,
828 2083 1072 2129 ἀπισχυρίζετο
1098 2083 1140 2119 τὰ
1163 2084 1333 2130 λεγόμενα
1359 2083 1388 2120 C

304 2189 415 2226 Idem
443 2189 716 2235 chrysaphius
742 2190 936 2236 principis
961 2191 1195 2227 facilitatem
1222 2191 1395 2227 illudens
1421 2191 1603 2227 Eudocia
1629 2203 1686 2228 re·
1703 2191 1747 2227 15

186 2238 284 2284 gina
319 2238 512 2273 adiuncta
546 2238 744 2273 adiutrice
780 2237 1008 2274 Theodosio
1044 2240 1256 2288 persuasit,
1298 2243 1343 2275 ut
1377 2239 1630 2275 Pulcheriam
1663 2251 1686 2275 a

186 2286 310 2322 rebus
342 2286 533 2331 gerendis
565 2290 785 2321 amoveret.
835 2285 897 2321 Ita
930 2286 997 2321 illa
1029 2287 1123 2322 aula
1162 2288 1302 2322 relicta
1333 2288 1534 2333 privatam
1561 2289 1685 2323 vitam
1702 2288 1746 2322 16

186 2334 339 2380 agebat
371 2338 410 2369 et
444 2335 485 2368 in
517 2333 728 2369 Hebdomo
767 2334 1013 2379 quiescebat.
1065 2333 1145 2370 Sed
1184 2346 1256 2371 rex
1292 2346 1383 2370 cum
1421 2336 1474 2371 ad
1512 2346 1555 2371 se
1595 2346 1685 2371 sero
1705 2336 1746 2371 17

187 2392 394 2427 aegreque
428 2381 612 2417 rediisset
651 2385 690 2416 et
723 2382 831 2417 beati
862 2381 1046 2417 Flaviani
1082 2383 1340 2428 parricidium
1375 2394 1423 2418 ac
1448 2383 1686 2419 Pulcheriae

187 2440 252 2465 res
278 2440 414 2465 secum
441 2433 679 2475 reputasset,
715 2431 821 2464 iusta
847 2430 1036 2465 incitatus
1062 2430 1123 2465 ira
1150 2435 1291 2469 contra
1318 2431 1549 2466 eunuchum
1575 2431 1684 2466 illum
1704 2432 1747 2467 18

187 2478 400 2523 impurum,
435 2487 554 2523 quem
582 2478 759 2513 omnium
787 2488 920 2512 rerum
947 2478 1161 2513 invenerat
1187 2482 1406 2523 auctorem,
1446 2489 1536 2514 eum
1565 2479 1685 2514 exilio

188 2525 308 2560 afficit
334 2526 504 2570 eiusque
531 2535 629 2571 opes
659 2526 861 2568 confiscat,
889 2536 1069 2561 sororem
1097 2529 1231 2561 autem
1254 2528 1465 2562 revocavit
1484 2528 1603 2572 eique
1621 2537 1686 2562 ve-

187 2573 255 2608 nia
282 2574 495 2618 impetrata
521 2583 655 2608 rerum
683 2573 1071 2609 administrationem
1099 2574 1233 2609 denuo
1260 2574 1481 2609 mandavit.

308 2621 404 2656 Erat
441 2624 576 2656 autem
616 2621 829 2656 Pulcheria
866 2622 1010 2657 mulier
1048 2622 1373 2667 prudentissima,
1416 2632 1521 2667 quae
1560 2623 1686 2658 multa
1702 2623 1746 2658 19

189 2669 325 2704 fratris
352 2674 487 2704 errata
513 2669 658 2715 partim
686 2669 928 2714 corrigebat,
962 2670 1105 2715 partim
1136 2670 1366 2715 obtegebat.
1418 2669 1478 2705 Ita
1505 2670 1685 2706 Theodo-
1700 2671 1747 2706 20

188 2717 302 2759 aium,
330 2727 448 2762 quem
474 2717 772 2752 inconsiderate
798 2717 940 2752 litteris
966 2718 1252 2763 subscripsisse
1279 2717 1428 2762 dicunt,
1458 2718 1525 2753 illa
1552 2719 1742 2754 admo-21

189 2764 322 2808 nebat,
349 2775 411 2809 ne,
438 2774 709 2810 quaecunque
736 2765 990 2810 afferrentur,
1017 2770 1106 2800 rata
1131 2767 1295 2810 faceret,
1322 2765 1394 2801 sed
1419 2766 1573 2802 litteras
1591 2772 1686 2802 ante

189 2812 476 2848 consideraret.
538 2811 616 2848 Sed
649 2813 714 2848 ille
745 2813 971 2848 affirmabat
1009 2813 1105 2848 nihil
1147 2814 1282 2848 damni
1315 2824 1340 2848 a
1372 2824 1576 2860 quoquam
1610 2814 1684 2849 sibi
1699 2814 1746 2849 22

188 2860 346 2904 inferri3
380 2870 472 2895 nam
499 2870 542 2896 se
568 2861 699 2907 ipsum
726 2871 856 2906 nosse,
888 2871 993 2907 quae
1019 2862 1161 2897 litteris
1187 2862 1376 2907 inessent,
1410 2862 1684 2898 asseverabat.

187 2906 251 2944 Ad
281 2908 603 2945 convincendum
637 2909 762 2956 igitur
795 2919 961 2956 segnem
996 2910 1133 2945 fratris
1166 2910 1345 2946 animum
1370 2910 1583 2946 Pulcheria
1620 2909 1745 2946 (ex-23
