2066 3230
352 247 423 286 738
718 243 898 284 ZONAR.
926 241 1056 281 EPIT.
1083 239 1214 279 XVIII
1240 239 1296 288 22,
1325 238 1476 278 19-31.

146 376 339 415 W111237
354 370 576 424 ὀνομάτων
599 367 847 422 ἒπινενόητο,
880 366 928 407 τὰ
959 365 1162 419 ὗπέρτιμα
1194 364 1303 418 λέγω
1335 363 1406 404 και
1435 362 1484 404 τὰ
1516 362 1742 416 ὓπέρπλεα,
1772 359 1844 403 καὶ

355 439 497 480 ἄλλοτε
528 438 642 479 ἄλλοι
679 437 825 491 τρόποι
865 436 1071 489 ἕπηρειῶν
1109 432 1215 474 κατὰ
1254 435 1339 473 τῶν
1375 431 1582 486 ὑπηκόων
1620 430 1894 485 εἶσήγοντο,1)
1912 431 1966 468 IV
1983 419 2066 469 24&

297 514 344 548 20
356 507 426 549 καὶ
465 506 554 561 ἱερὰ
594 503 629 547 6²
664 505 881 559 ἇφῃρηντο
914 504 961 544 ἐκ
992 502 1124 543 θείων
1155 505 1284 542 ναῶν.
1348 499 1470 546 οὗτος
1501 500 1525 541 ὁ
1555 498 1746 554 βασιλεὺς
1776 498 1847 540 και
2058 494 2065 505 ’

355 575 402 617 τὸ
438 575 621 629 νόμισμα
661 572 1037 626 κεκιβδηλευμένον
1073 569 1188 623 παρὰ
1226 572 1311 610 τῶν
1353 568 1438 623 πρὸ
1481 568 1610 610 αὐτοῦ
1654 566 1848 622 εὑρηκὼς

357 644 535 698 χάλκεον
572 643 703 689 ἔθετο,
747 639 786 694 ᾦ
819 641 875 686 εἰς
905 639 953 680 τὰ
985 644 1057 694 τῆς
1093 638 1300 693 βασιλείας
1339 638 1538 692 ἐκέχρητο
1578 636 1884 690 ἀναλώματα,5

357 711 453 757 τοὺς
486 711 532 751 δέ
563 726 607 764 γε
639 710 802 763 φόρους
835 707 900 749 διὰ
937 709 1147 762 χρυσίνων
1187 707 1379 760 δοκίμων
1417 706 1661 759 εἰσέπραττε,
1703 707 1764 758 πῇ
1803 703 1850 744 δέ

359 796 404 834 γε
435 779 505 820 καὶ
546 776 596 819 δι’
630 778 796 831 ἑτέρων,
840 777 1050 831 χρυσίνων
1089 775 1166 830 μὲν
1202 775 1423 828 κάκείνων,
1468 771 1554 815 ἀλλ’
1588 772 1848 827 ἠμιχρύσων,

238 855 274 889 D
300 854 344 889 21
360 849 440 889 ἔστι
473 847 510 888 δ’
544 844 594 887 οὗ
633 846 703 887 καὶ
736 845 802 886 διὰ
833 849 919 886 τῶν
955 845 1149 899 χαλκέων
1188 842 1484 897 ἐδασμοφόρει.
1546 842 1648 883 ὅθεν
1689 841 1850 896 χαλκοῦ

362 915 561 969 δεόμενος
598 914 788 959 πλείονος
817 912 914 958 τοὺς
945 911 1124 967 ὀβολοὺς
1166 912 1223 957 εἷς
1261 911 1444 965 νόμισμα
1481 909 1745 964 μετετύπωσε
1780 907 1855 950 καί

359 999 446 1024 τινα
483 986 568 1024 τῶν
601 982 817 1036 δημοσίων
848 982 999 1035 ἔργων,
1031 984 1116 1022 τῶν
1146 979 1538 1035 χαλκουργημάτων
1569 978 1691 1033 φημί,
1723 993 1850 1019 κατα·
1866 985 1912 1021 10

361 1052 523 1097 σπάσας
554 1052 610 1096 εἷς
642 1055 845 1105 στατῆρας
876 1051 1085 1103 συνέκοψε
1116 1048 1187 1090 καὶ
1218 1049 1314 1094 νέας
1347 1048 1523 1094 δεκάτας
1554 1048 1766 1089 ἒκαίνισεν.

301 1129 348 1164 22
473 1120 682 1174 Ἐγείνατο
714 1119 758 1160 δὲ
783 1119 1011 1173 θυγάτριον
1033 1119 1058 1172 ἡ
1081 1117 1305 1171 Αὐγούστα
1326 1122 1387 1171 τῷ
1407 1117 1576 1172 βασιλεῖ,
1609 1116 1713 1170 ὅπερ
1726 1114 1852 1157 Ἄννα

362 1189 598 1244 ὠνομάσθη
645 1188 710 1229 διὰ
754 1187 828 1242 τὴν
867 1187 1180 1241 πατρομήτορα,
1225 1186 1292 1240 ἐφ’
1324 1184 1353 1240 ᾗ
1389 1185 1460 1227 τὸν
1502 1189 1575 1240 τῆς
1616 1184 1854 1240 βασιλίσσης

361 1259 536 1313 Μαρίας
568 1257 660 1299 υἱὸν
690 1257 1008 1298 Κωνσταντῖνον
1043 1260 1116 1310 τῆς
1155 1256 1200 1303 ἒξ
1225 1255 1412 1296 Ἀλανῶν
1443 1254 1467 1295 ὁ
1498 1253 1689 1309 βασιλεὺς
1727 1253 1852 1307 ἐμνη-

303 1335 349 1370 23
363 1328 577 1369 στεύσατο·
617 1326 775 1367 ἐκείνου
809 1323 846 1366 δ’
881 1324 946 1366 ἐπὶ
976 1329 1025 1379 τῇ
1056 1324 1252 1378 μνηστείᾳ
1283 1323 1357 1378 τὴν
1388 1322 1505 1378 ζωὴν
1535 1321 1853 1370 καταλύσαντος,
1869 1331 1915 1366 15

365 1397 427 1442 ὡς
458 1396 595 1450 ὡραία
628 1394 766 1448 γάμου
799 1394 824 1448 ἡ
857 1393 1048 1447 θυγάτηρ
1081 1392 1257 1446 ἐγεγόνει
1287 1397 1348 1446 τῷ
1379 1392 1534 1439 ἄνακτι,
1566 1390 1750 1445 νυμφίον
1771 1390 1853 1431 ἕτε-

363 1480 439 1519 ρον
471 1463 534 1505 ἔπ’
568 1464 672 1517 αὐτῇ
705 1462 948 1516 εἶσῳκίσατο
979 1461 1050 1502 τὸν
1080 1461 1211 1515 μείζω
1243 1463 1328 1501 τῶν
1359 1461 1464 1501 υἱῶν
1494 1459 1750 1514 Νικηφόρου
1781 1462 1855 1500 τοῦ

365 1532 608 1588 Βρυεννίου,
653 1532 701 1572 ὃν
733 1531 756 1572 ὁ
793 1530 917 1584 λόγος
954 1530 1169 1584 προέφηνε
1207 1532 1256 1584 τῇ
1295 1528 1503 1583 τυραννίδι
1542 1528 1855 1583 ἐπιχειρήσαντα

365 1695 388 1730 3
411 1694 491 1739 περὶ
516 1698 586 1729 τῶν
613 1695 704 1735 (om.
730 1693 775 1732 Ε)
801 1692 1029 1738 νομισμάτων
1056 1692 1282 1737 (νομίσματος
1308 1691 1354 1736 Ε)
1382 1690 1445 1727 ΟΕ
1613 1690 1658 1726 12
1682 1690 1762 1736 περὶ
1786 1694 1857 1726 τῶν

365 1743 572 1788 ’θυγατέρων
597 1747 657 1776 τοῦ
683 1741 854 1787 βασιλέως
879 1741 938 1775 καὶ
964 1745 1034 1775 τῶν
1059 1741 1148 1775 υἱῶν
1173 1754 1232 1774 και
1258 1744 1327 1774 τῶν
1345 1739 1400 1774 ἐπὶ
1418 1739 1611 1784 θυγατράσι
1630 1740 1800 1785 γαμβρῶν
1827 1738 1856 1775 C

440 1898 459 1933 1
485 1898 596 1943 λέγων
621 1898 657 1933 D
795 1897 817 1932 2
841 1898 1014 1943 ὑπηκόων
1039 1896 1173 1942 AEwp
1203 1895 1316 1942 Glyc.
1343 1896 1483 1942 Ρ.62Ο,
1512 1895 1566 1940 15,
1593 1895 1798 1941 ἀνθρώπων
1824 1893 1855 1930 Ο

438 1946 460 1980 3
486 1945 525 1980 δὲ
550 1945 582 1981 O
702 1945 735 1981 3.
762 1945 785 1980 4
810 1959 869 1981 και
895 1945 933 1980 τὸ
957 1946 1110 1989 νόμισμα
1137 1955 1211 1979 om.
1239 1944 1268 1980 C
1399 1944 1424 1979 4
1448 1944 1781 1989 κεκιβδηλευμένων
1807 1941 1855 1988 Ρ*

439 1994 461 2028 6
487 1994 646 2038 δοκίμων
670 1998 815 2038 χρυσῶν
841 1993 877 2027 D
975 1994 997 2028 8
1022 1992 1077 2037 οὗ]
1105 1992 1168 2027 οὗν
1192 1992 1222 2026 Β
1318 1992 1482 2037 χάλκεων
1507 1992 1543 2026 D
1642 1992 1687 2026 12
1715 1989 1857 2037 Jyslvaw

440 2040 469 2076 C
567 2042 612 2076 13
636 2041 658 2086 ἧ
685 2041 731 2085 A,
758 2040 788 2075 ὦ
815 2040 943 2086 R(Wp)
1072 2041 1115 2075 16
1141 2040 1162 2085 ἦ
1189 2040 1348 2085 θυγάτηρ
1376 2043 1469 2075 ante
1495 2040 1608 2085 ὡραῖα
1634 2040 1715 2083 (Sic,
1741 2042 1787 2074 ut
1811 2037 1856 2082 B)

439 2089 480 2123 in
506 2099 634 2134 marg.
661 2089 789 2134 suppl.
817 2088 846 2124 C
957 2089 1001 2124 17
1026 2088 1123 2132 αὐτῷ
1149 2086 1206 2122 1)ι’
1230 2088 1367 2123 invitis
1394 2086 1528 2133 Apr
1638 2087 1696 2122 τὸν
1721 2086 1796 2122 υἱὸν
1822 2085 1858 2120 D

486 2139 684 2182 νικηφόρον
708 2137 740 2171 Ε
852 2135 927 2181 τοῦ]
953 2141 1024 2171 τῶν
1050 2135 1098 2182 Ρ*
1213 2136 1258 2171 18
1282 2137 1464 2181 βρυεννίου
1491 2133 1660 2182 prDi,
1684 2135 1859 2181 βριεννιόυ

440 2184 483 2230 Ε,
508 2186 672 2230 βρυενίου
698 2183 766 2220 AC
862 2183 1054 2230 προέφηνε]
1081 2183 1214 2220 XVIII
1241 2183 1296 2228 19,
1324 2183 1346 2218 2

369 2346 599 2383 nominibus
634 2347 874 2392 excogitatis
909 2357 958 2382 ea
988 2346 1215 2392 hypertima
1245 2349 1284 2382 et
1309 2346 1530 2392 hyperplea
1556 2346 1796 2382 dicebantur
1822 2350 1861 2383 et

372 2396 471 2430 alias
498 2395 564 2429 alii
591 2395 853 2430 vexationum
880 2394 989 2430 modi
1015 2395 1334 2440 reperiebantur,
1362 2394 1432 2429 sed
1457 2399 1495 2430 et
1522 2394 1692 2430 donaria
1719 2405 1742 2430 e
1767 2398 1861 2430 tem-

312 2443 359 2478 20
372 2443 447 2488 plis
473 2443 775 2477 auferebantur.
826 2442 901 2477 Hic
926 2452 1000 2477 rex
1028 2453 1118 2476 cum
1144 2442 1313 2477 solidum
1342 2453 1366 2476 a
1393 2442 1672 2477 decessoribus
1694 2443 1776 2478 suis
1795 2443 1862 2478 ad-

371 2491 588 2525 ulteratum
614 2491 868 2535 repperisset,
907 2493 1079 2525 aeneum
1104 2490 1209 2533 feeit,
1247 2499 1326 2534 quo
1354 2490 1394 2524 in
1420 2491 1538 2535 regni
1564 2491 1753 2535 expensis
1778 2493 1862 2525 ute-

372 2541 500 2582 retur-3
538 2539 578 2572 in
610 2538 879 2583 vectigalibus
912 2547 1009 2572 vero
1042 2537 1191 2582 probos
1223 2547 1369 2572 aureos
1401 2538 1602 2582 exigebat,
1642 2537 1860 2582 aliquando

313 2586 357 2621 21
374 2586 495 2621 etiam
526 2595 710 2620 nummos
742 2586 1000 2630 semia-ureos,
1038 2585 1241 2620 interdum
1274 2587 1434 2620 aeneos.
1485 2584 1582 2620 Cum
1615 2585 1741 2630 igitur
1767 2595 1862 2620 aere

372 2633 585 2678 indigeret,
623 2643 675 2668 ex
714 2633 842 2668 obolis
879 2643 1064 2668 nummos
1103 2633 1197 2667 fecit
1235 2635 1274 2667 et
1309 2643 1432 2677 opera
1464 2632 1665 2677 quaedam
1700 2633 1863 2677 publica

374 2683 503 2715 aenea
530 2680 739 2725 destruxit,
777 2685 822 2715 ut
852 2684 1021 2716 stateres
1052 2680 1146 2715 inde
1177 2680 1344 2715 cuderet
1369 2689 1579 2724 novasque
1606 2680 1782 2715 decimas
1807 2681 1862 2715 in-

375 2729 570 2764 stitueret.

315 2776 362 2811 22
492 2776 643 2820 Puella,
670 2786 789 2821 quam
808 2774 996 2821 Augusta
1014 2778 1239 2822 pepererat,
1265 2773 1383 2810 Anna
1402 2777 1462 2810 est
1479 2774 1681 2820 appellata
1699 2778 1863 2820 propter

315 2824 362 2859 23
376 2826 508 2859 aviam
536 2828 576 2859 et
600 2824 801 2869 desponsa
827 2823 1101 2868 Constantino,
1127 2823 1207 2858 filio
1233 2823 1402 2868 reginae
1421 2822 1573 2858 Mariae
1590 2821 1755 2867 Alanae,
1783 2832 1862 2867 quo

376 2875 470 2907 ante
495 2873 657 2917 nuptias
682 2874 841 2906 mortuo
869 2871 1038 2906 eandem
1064 2872 1144 2906 iam
1170 2871 1348 2906 nubilem
1374 2870 1453 2905 filio
1476 2872 1576 2904 natu
1594 2870 1735 2905 maiori
1752 2869 1864 2906 Nice-

377 2919 491 2965 phori
510 2919 713 2965 Bryennii,
741 2929 859 2965 quem
878 2929 1002 2965 supra
1021 2919 1195 2955 diximus
1214 2919 1265 2954 ob
1283 2927 1455 2964 regnum
1481 2918 1713 2953 affectatum
1739 2918 1863 2961 fuisse
