2054 3282
12 3166 21 3177 -
4 3151 6 3154 ’
8 3135 11 3138 “
7 3077 19 3120 ³⁴*
7 2951 23 3066 '’mvn'‘
23 2883 25 2885 ,
8 2749 32 2822 fisi*
7 2703 21 2732 ’Ὗ
11 2687 14 2693 “
6 2646 17 2654 ²

706 252 995 291 TVMVLTVS.
1023 251 1298 289 HYPATIVS.
1687 250 1754 288 155

251 378 589 434 περιποιούμενα.
651 378 740 420 τότε
781 378 919 419 τοίνυν
957 377 982 419 ὁ
1024 375 1216 431 βασιλεὺς
1258 375 1413 430 ἑτέρως
1455 374 1756 428 καταστορέσαι
1768 373 1816 410 20

252 448 326 504 τὴν
347 448 487 491 στάσιν
509 448 764 503 διανενόητο’
797 446 868 489 καὶ
890 445 1084 489 ἀνελθὼν
1105 446 1162 492 εἷς
1191 444 1239 488 τὸ
1269 445 1453 499 θέατρον
1485 444 1756 499 διαλεχθῆναι
1769 444 1814 479 21

252 522 337 564 τοῖς
377 517 527 573 δήμοις
562 517 825 573 βεβούλευτο,
869 516 940 558 καὶ
974 516 1150 570 πέμψας
1186 515 1275 557 ἐκεῖ
1300 514 1347 556 τὸ
1380 513 1608 569 δημοτικὸν
1638 529 1756 568 μετε-

253 587 446 629 στέλλετο.
507 586 554 629 τὸ
587 584 624 628 δ’
658 587 738 629 οὐκ
777 586 958 641 ἠνείχετο
995 585 1257 640 προσελθεῖν,
1302 583 1406 626 ἀλλὰ
1450 584 1522 625 καὶ
1565 583 1757 638 ἀλλήλοις
1770 583 1817 619 22

217 659 240 695 5
253 657 582 712 παρεκελεύοντο
603 657 874 712 φυλάξασθαι
894 655 940 698 τὸ
963 655 1194 710 ῖππήλατον
1224 654 1420 708 θέατρον,
1454 654 1519 694 ἵνα
1544 652 1604 707 μὴ
1629 652 1691 698 ὡς
1713 652 1757 694 ἓν

253 728 395 782 εἱρκτῇ
426 726 731 781 συγκλεισθεῖεν
762 726 879 780 αὐτῷ
910 724 981 767 καὶ
1011 729 1085 766 τοῦ
1117 725 1262 779 θυμοῦ
1290 726 1376 766 τῶν
1396 722 1668 777 κρατούντων
1691 722 1757 775 γέ-

254 811 350 850 γονε
379 795 687 850 παρανάλωμα.
749 795 942 836 ἐντεῦθεν
963 795 1019 840 εἷς
1039 793 1114 848 τὴν
1128 793 1309 848 Ἀγορὰν
1331 792 1584 846 διαθέοντες,
1617 791 1758 846 ἕτερον
1771 791 1818 826 23

252 864 423 919 βασιλέα
453 865 614 910 ἑαυτοῖς
645 864 947 918 ἐβουλεύσαντο
978 864 1327 918 προχειρίσασθαι
1358 863 1432 904 καί
1458 877 1546 904 τινα
1579 865 1759 915 συγγενῆ

252 938 326 975 τοῦ
348 933 555 988 βασιλέως
577 933 843 975 Ἀναστασίου
864 933 1128 988 περισχόντες
1143 932 1354 985 ’Ῡπάτιον,
1385 936 1446 986 πῇ
1477 931 1556 985 μὲν
1586 930 1807 978 ἅκσντα,1)

194 1005 239 1039 10
253 1007 313 1057 πῇ
346 1002 394 1044 δέ
424 1018 469 1056 γε
499 1002 570 1043 καὶ
600 1003 886 1056 πεπεισμένον,
924 1003 982 1049 εἰς
1009 1002 1083 1044 τὸν
1113 1006 1187 1044 τοῦ
1218 1001 1404 1056 μεγάλου
1437 999 1757 1042 Κωνσταντίνου

260 1070 404 1125 Φόρον
447 1070 668 1125 ἀπάγουσι,
712 1070 783 1112 καὶ
827 1071 892 1112 ἐπὶ
936 1072 1112 1118 ἀσπίδος
1155 1071 1282 1113 αὐτὸν
1324 1071 1548 1126 μετάρσιον
1584 1070 1759 1123 ἄραντες

43 1143 80 1179 D
99 1143 156 1179 ΙΙΙ
171 1143 242 1179 273
255 1139 560 1193 ἀναγορεύουσι
595 1140 765 1193 βασιλέα
803 1140 874 1182 καὶ
905 1140 951 1182 τὸ
982 1144 1069 1182 τῶν
1099 1142 1240 1182 ἵππων
1271 1141 1433 1182 ἐκεῖθεν
1464 1138 1759 1194 ἅμιλλητήριον

255 1208 626 1262 καταλαμβάνουσι
657 1208 853 1262 θέατρον,
896 1210 1184 1264 εὐφημοῦντες
1221 1209 1359 1257 αὐτόν,
1403 1208 1475 1250 καὶ
1512 1206 1758 1262 πορφυρίδα

257 1277 431 1331 ἐζήτουν
473 1277 544 1318 καὶ
588 1278 749 1332 στέφος.
811 1278 856 1319 ἒν
894 1278 1054 1324 τούτοις
1089 1282 1175 1320 τῶν
1219 1278 1372 1333 δήμων
1415 1276 1758 1331 ἀσχολουμένων,
1773 1276 1821 1311 24

199 1349 243 1384 15
257 1347 430 1400 ἴσχυσαν
474 1347 514 1387 οἶ
555 1346 650 1399 περὶ
691 1346 764 1388 τὸν
805 1347 976 1401 βασιλέα
1019 1347 1223 1389 πλείστων
1265 1347 1497 1402 χρημάτων
1542 1346 1760 1398 διανομαῖς

256 1415 466 1469 ὗποσῦραι
496 1419 581 1456 τῶν
611 1415 804 1458 Βενέτων
839 1415 1033 1464 πολλούς,
1077 1416 1149 1457 καὶ
1193 1417 1330 1462 οὕτως
1371 1415 1446 1470 τὴν
1482 1418 1568 1456 τῶν
1608 1414 1761 1468 δήμων

256 1483 459 1538 ὁμόνοιαν
491 1485 780 1539 διαστήσαντες
810 1490 1003 1540 χωρῆσαι
1034 1482 1125 1527 κατ’
1163 1485 1356 1539 ἀλλήλων
1394 1483 1547 1530 αὐτοὺς
1584 1482 1759 1536 πεποιή-

256 1569 363 1595 κασι.
425 1553 515 1595 τότε
550 1554 688 1596 τοίνυν
725 1554 891 1608 ἀθρόον
922 1555 969 1596 ἔκ
1001 1558 1086 1596 τῶν
1117 1554 1338 1609 βασιλείων
1371 1554 1411 1595 οἳ
1440 1555 1761 1607 προκοιτοῦντες
1774 1553 1820 1589 ‘25
1843 1551 2012 1589 W11152

259 1685 279 1720 7
305 1685 355 1719 ὅτι
377 1685 545 1720 εΥπάτιόν
570 1699 644 1720 τινα
670 1690 818 1731 συγγενῆ
842 1690 904 1721 τοῦ
933 1685 1106 1732 βασιλέως
1128 1685 1349 1721 Ἀναστασίου
1375 1686 1410 1720 οἶ
1433 1685 1540 1731 δῆμοι
1566 1683 1758 1728 ἀνηγόρευ-

258 1746 322 1768 σαν
349 1731 389 1777 C,
413 1734 464 1768 ὅτι
486 1732 652 1769 ’Υπάτιον
676 1733 915 1779 ἀνηγόρευσαν
941 1733 972 1768 Ε

331 1862 351 1896 1
378 1861 504 1906 ἑτέρως
530 1860 699 1908 prDi,
727 1874 802 1899 om.
821 1862 856 1898 A
953 1862 976 1897 2
1001 1868 1119 1898 στᾶσιν
1145 1862 1247 1909 pr
1344 1862 1367 1897 3
1393 1861 1599 1908 ἐβουλεύετο
1625 1860 1760 1906 wap

331 1910 354 1945 6
378 1910 495 1955 γέγονε
526 1909 560 1945 Α
598 1912 651 1952 (v.
681 1910 720 1946 11
758 1922 796 1956 p.
821 1911 903 1953 533,
929 1911 976 1946 22
1012 1915 1051 1947 et
1083 1910 1291 1947 Winerum
1334 1910 1514 1946 Gramm.
1550 1909 1621 1945 des
1653 1910 1759 1945 ποειτ’.

332 1956 549 2002 Sprachid.
570 1958 679 2003 Lips.
700 1959 792 1995 1855
813 1963 833 2002 ξ
847 1959 920 1994 4lb
937 1959 984 2003 1),
1011 1959 1176 2004 γένωνται
1195 1957 1353 2004 prDz'
1439 1958 1486 1993 10
1503 1957 1581 2002 δέγε
1598 1957 1659 1992 καὶ
1677 1956 1759 2000 AR,

332 2005 371 2040 δὲ
393 2006 454 2041 καὶ
480 2006 594 2051 pr,
620 2006 698 2051 δέγε
723 2006 780 2042 Di
895 2008 936 2042 ll
965 2007 1026 2042 καὶ
1051 2007 1106 2042 ἐπὶ
1134 2018 1209 2042 οῐη.
1236 2007 1267 2042 Ε
1365 2006 1420 2042 ε’πί
1446 2006 1593 2044 ἀσπίδος
1618 2006 1761 2050 ἄροντες

332 2053 424 2088 add.
451 2053 500 2091 Βι-
526 2054 566 2089 in
594 2064 722 2100 marg.
838 2056 883 2090 16
907 2055 1081 2100 ὑποσύραι
1108 2053 1256 2101 Apr‚
1283 2055 1457 2099 ὑποσῦραι
1482 2052 1571 2089 CDi
1667 2054 1760 2088 οὕτω

333 2101 385 2183 EIi
402 2102 517 2184 ζὲῐῗίἰ
532 2101 640 2185 1XI5II
665 2102 698 2147 6,
726 2103 770 2138 16
886 2103 930 2139 17
955 2103 1167 2149 πεποιήκασι
1194 2101 1364 2149 prDi,
1388 2102 1623 2147 πεποιήκασιν
1648 2099 1694 2146 A,
1723 2112 1759 2136 v.

332 2159 356 2183 a
410 2170 425 2184 ⁴
555 2176 565 2194 ‚

261 2277 376 2312 Tune
402 2278 526 2324 igitur
553 2288 624 2313 rex
666 2279 777 2313 aliud
805 2279 1014 2314 consilium
1053 2281 1159 2326 cepit
1186 2279 1514 2326 comprimendae
1553 2279 1762 2314 seditionis
1775 2277 1823 2312 20

261 2329 300 2361 ct
326 2326 367 2360 in
394 2327 594 2362 theatrum
622 2336 864 2372 progressus
891 2327 1018 2363 verba
1053 2328 1187 2363 facere
1218 2328 1270 2363 ad
1297 2329 1407 2363 cives
1432 2327 1605 2363 instituit
1630 2336 1762 2372 eoque
1775 2325 1819 2360 21

262 2374 455 2420 populum
482 2385 554 2420 per
580 2375 742 2410 nuntios
770 2376 1024 2410 convocavit.
1075 2375 1113 2411 Is
1139 2386 1237 2411 vero
1265 2375 1368 2411 adeo
1401 2386 1484 2411 non
1511 2375 1762 2420 obtempera·
1775 2373 1822 2408 22

262 2423 330 2466 vit,
357 2425 401 2457 ut
427 2423 532 2458 inter
558 2432 601 2457 se
627 2425 838 2458 monerent
866 2423 1093 2458 cavendum
1129 2434 1217 2459 csse
1243 2427 1431 2469 equestre
1457 2423 1671 2467 theatrum,
1710 2432 1762 2457 ne

263 2470 302 2504 in
330 2480 378 2506 eo
405 2473 611 2516 tamquam
638 2480 802 2506 carcere
828 2470 971 2506 inclusi
999 2481 1150 2515 eorum,
1178 2472 1246 2517 qui
1273 2481 1408 2506 rerum
1423 2471 1661 2516 potirentur,
1688 2471 1763 2505 ira-

262 2518 450 2553 cundiam
478 2528 552 2554 suo
571 2518 736 2554 interitu
752 2518 973 2564 explerent.
1024 2519 1181 2554 Deinde
1208 2520 1248 2554 in
1268 2519 1371 2554 Foro
1399 2518 1674 2554 discursantes
1713 2517 1762 2553 de
1777 2517 1823 2552 23

261 2565 388 2602 altero
415 2576 514 2612 rege
540 2565 615 2602 sibi
643 2566 821 2602 creando
849 2566 1180 2602 deliberaverunt
1219 2570 1257 2602 et
1284 2566 1486 2613 quendam
1522 2566 1631 2612 regis
1657 2565 1763 2601 Ana-

261 2613 371 2649 stasii
399 2617 617 2660 cog-natum
644 2613 867 2660 Hypatium
909 2615 1029 2658 nacti,
1067 2615 1213 2660 partim
1248 2615 1419 2650 invitum
1459 2615 1602 2660 partim
1642 2614 1763 2650 etiam

262 2671 512 2707 persuasum,
538 2663 580 2697 in
617 2662 757 2708 magni
783 2661 1035 2698 Constantini
1060 2663 1209 2698 Forum
1236 2663 1446 2698 adducunt
1473 2664 1596 2707 atque
1634 2662 1762 2707 clipeo

262 2710 301 2744 in
329 2709 499 2745 sublime
524 2710 674 2745 elatum
700 2719 839 2756 regem
867 2711 1124 2746 consalutant
1161 2714 1200 2746 et
1227 2713 1425 2756 occupato
1460 2713 1546 2745 tum
1573 2710 1762 2745 curriculi

263 2757 461 2803 equestris
485 2757 642 2793 theatro
662 2758 805 2794 faustis
827 2759 1029 2794 ominibus
1055 2762 1369 2804 prosequuntur,
1396 2767 1619 2804 purpuram
1644 2768 1763 2803 quac-

263 2808 398 2841 rentes
425 2808 464 2841 et
490 2815 693 2840 eoronam.
742 2805 899 2852 Populo
927 2806 987 2841 his
1014 2807 1137 2842 rebus
1164 2810 1375 2852 occupato,
1403 2816 1475 2841 rex
1502 2806 1662 2852 magnis
1688 2806 1758 2840 lar·
1777 2805 1823 2840 24

262 2853 485 2898 gitionibus
516 2853 663 2888 multos
688 2853 935 2889 Venetorum
968 2855 1009 2889 in
1048 2864 1143 2889 suas
1170 2857 1306 2900 partes
1336 2853 1524 2900 pellicere
1550 2854 1682 2900 potuit
1709 2853 1763 2888 di-

262 2906 501 2946 remptaque
525 2901 581 2936 ita
608 2901 746 2947 populi
764 2900 982 2937 concordia
1009 2902 1151 2946 effecit,
1175 2905 1221 2937 ut
1235 2902 1340 2937 inter
1366 2911 1409 2937 se
1424 2901 1762 2947 aggrederentur.

264 2949 352 2990 Quo
379 2948 486 2984 facto
513 2949 615 2994 regii
644 2948 834 2985 satellites
849 2950 982 2985 subito
1011 2960 1032 2985 e
1059 2950 1174 2995 rogia
1201 2952 1460 2996 erumpentes
1486 2950 1629 2985 armati
1645 2952 1684 2985 ct
1711 2959 1760 2984 ex
1777 2948 1823 2983 25
