2054 3282
439 260 623 303 ICASIA.
674 256 960 301 THEODORA
987 261 1160 300 NVBET
1187 254 1463 297 THEOPILO.
1631 255 1701 295 355

202 387 372 443 λογικῆς
400 388 590 434 παιδείας
619 387 679 442 μὴ
712 386 965 440 ἀλογήσασα.
1027 385 1131 427 ὅθεν
1161 383 1232 426 καὶ
1263 382 1569 438 συγγράμματα
1597 381 1700 423 ἕκεί-
1717 386 1763 423 18

202 473 279 512 νης
308 457 566 511 εὑρίσκονται
597 455 886 501 εὖπαιδευσίας
917 454 1100 509 χαρίτων
1130 453 1209 495 οὐκ
1231 453 1401 506 ἄμοιρα.
1463 450 1535 492 καὶ
1566 451 1592 504 ἡ
1623 449 1702 504 μὲν
1717 455 1762 490 19
1788 454 1819 489 Β

204 526 317 567 οὕτω
350 526 511 568 διέθετο
542 525 591 566 τὰ
622 521 724 566 καθ’
758 523 909 577 ἑαυτὴν
929 523 1001 583 καὶ
1022 521 1307 575 ἀτευκτήσασα
1328 519 1534 575 βασιλέως
1555 518 1701 573 φθαρ-

202 598 277 636 τοῦ
315 599 376 648 τῷ
413 593 668 649 παμβασιλεῖ
700 592 850 646 ἑαυτὴν
882 591 1186 645 ἓμιᾞστεύσατο
1217 589 1289 631 καὶ
1320 588 1407 630 ἀντὶ
1438 590 1590 642 γεηρᾶς
1621 587 1700 641 βα-

167 663 353 708 ΰσιλείας
391 661 465 716 τὴν
502 662 753 715 ἐπουράνιον
785 660 1070 714 ἐκληρώσατο.
1133 659 1157 699 ὁ
1188 657 1379 712 βασιλεὺς
1411 655 1456 698 δὲ
1493 655 1701 710 Θεόφιλος
1714 660 1761 696 20

202 730 277 785 τὴν
313 730 547 784 Θεοδώραν
578 731 714 783 ἑαυτῷ
747 729 964 777 συνοικίζει,
996 727 1067 769 καὶ
1099 728 1209 781 ὁμοῦ
1241 726 1392 780 ταύτην
1423 724 1494 766 καὶ
1525 729 1587 778 τῷ
1626 739 1700 778 γα-

202 799 342 854 μηλίῳ
374 799 568 853 στεφάνῳ
600 799 670 839 καὶ
711 803 772 852 τῷ
808 797 1012 852 βασιλικῷ
1048 800 1194 837 ταινιοῖ
1228 794 1448 849 διαδήματι
1492 792 1563 834 καὶ
1605 791 1702 839 τοὺς

204 867 368 922 γάμους
397 867 508 908 τελεῖ.

323 935 600 990 Δικαιοσύνην
645 935 690 976 δὲ
732 934 886 988 μετιὼν
928 938 1012 979 τοῖς
1055 933 1270 974 ἀδικοῦσιν
1309 931 1360 986 ἦν
1398 929 1591 984 ἐπαχθὴς
1631 929 1703 972 καὶ
1716 935 1758 971 21

146 1013 191 1050 10
203 1003 410 1058 κολαστὴς
446 1004 588 1046 αὐτῶν
627 1003 919 1058 ἀπαραίτητος.
983 1002 1159 1056 ἑκάστης
1196 999 1272 1042 οὖν
1309 999 1549 1055 ἑβδομάδος
1580 997 1703 1054 ἀπῄει
1715 1003 1762 1040 22

204 1071 271 1115 διὰ
302 1077 374 1127 τῆς
405 1073 564 1126 ἀγορᾶς
595 1073 775 1126 ἔφιππος
806 1071 908 1125 ,uersi
942 1070 1203 1125 δορυφορίας
1234 1068 1449 1123 βασιλικῆς
1480 1068 1537 1114 εἷς
1564 1067 1636 1109 τὸν
1657 1067 1702 1108 ἒν

203 1140 462 1195 Βλαχέρναις
492 1145 565 1195 τῆς
596 1140 804 1181 θεοτόκου
836 1139 949 1181 ναόν.
1011 1140 1049 1180 εἶ
1077 1138 1156 1192 γὰρ
1188 1137 1258 1179 καὶ
1287 1141 1373 1183 ταῖς
1394 1137 1527 1183 θείαις
1547 1135 1701 1178 εἰκόσιν
1713 1141 1760 1178 23

202 1209 324 1264 τιμὴν
355 1210 435 1250 οὐκ
467 1210 624 1263 ἔνεμεν,
661 1208 763 1250 ἀλλά
797 1224 841 1262 γε
872 1213 933 1261 τῷ
965 1212 1120 1262 σωτῆρι
1151 1206 1325 1260 Χριστῷ
1355 1205 1427 1247 καὶ
1456 1209 1506 1259 τῇ
1538 1204 1746 1259 θεομή-(ἓ

202 1293 291 1331 τορι
321 1278 451 1319 πίστιν
483 1278 628 1332 ἐτήρει,
661 1277 723 1323 ὡς
744 1277 890 1330 ἔλεγεν.
953 1275 1088 1316 ᾶπι(ὶ)ν
1110 1273 1186 1316 οὗν
1207 1274 1278 1316 καὶ
1300 1275 1412 1315 οὕτω
1436 1273 1703 1327 δημοσιεύων
1716 1279 1763 1315 24

145 1357 188 1393 15
203 1350 399 1400 παρεῖχεν
431 1345 579 1388 ἑαυτὸν
610 1350 693 1391 τοῖς
720 1349 963 1398 προσιοῦσιν
985 1343 1229 1396 εὐπρόσιτον
1250 1342 1319 1384 καὶ
1341 1341 1435 1395 περὶ
1455 1345 1540 1382 τῶν
1562 1341 1703 1383 ὠνίων

205 1414 420 1470 ἐφρόντιζε
440 1414 511 1456 καὶ
533 1414 653 1460 ὅπως
673 1415 848 1455 ἕκαστον
869 1414 1029 1454 τούτων
1049 1411 1323 1466 πιπράσκεται
1340 1410 1702 1464 ἐπολυπραγμόνει

203 1482 276 1526 καὶ
307 1482 576 1525 ἐπυνθάνετο.
638 1481 709 1524 καὶ
735 1482 774 1523 εἶ
789 1481 947 1523 πολλοῦ
969 1496 1054 1523 τινα
1076 1479 1397 1534 πιπρασκόμενα
1421 1479 1597 1533 εὕρισκε,
1629 1476 1702 1519 τὸν
1714 1485 1761 1521 25

202 1552 389 1606 ἔπαρχον
418 1550 513 1605 περὶ
543 1549 692 1592 τούτου
715 1541 904 1605 ἀνέκρινε
925 1549 995 1591 καὶ
1017 1551 1043 1605 ἢ
1066 1548 1398 1603 καταγινώσκων
1419 1548 1549 1589 αὐτοῦ
1572 1548 1702 1589 ἔπαυε

201 1717 225 1753 9
249 1718 346 1757 ὅπως
370 1716 450 1762 περὶ
475 1716 556 1756 τοὺς
581 1699 793 1757 ἀδικοῦντας
819 1716 970 1752 διέκειτο
995 1717 1016 1751 ὁ
1035 1715 1220 1762 Θεόφιλος.
1247 1714 1307 1751 καὶ
1331 1715 1428 1755 ὅπως
1452 1719 1512 1762 τῆς
1534 1714 1702 1760 εὐθηνίας

202 1770 272 1801 τῶν
297 1765 414 1801 ὠνίων
439 1765 643 1811 ἐφρόντιζεν
669 1764 698 1801 C

273 1921 296 1956 2
322 1925 417 1957 ante
441 1921 598 1966 χαρίτων
616 1919 707 1956 add.
726 1919 787 1956 καὶ
805 1919 904 1967 pr
977 1920 1001 1956 4
1026 1919 1152 1967 ἑαυτὴν
1167 1918 1335 1967 prDz'‚
1361 1918 1474 1965 ἑαυτῷ
1489 1918 1525 1955 Α
1598 1918 1620 1954 5
1645 1918 1702 1955 οὗ·

273 1969 394 2014 ράνισν
420 1968 451 2003 Β
549 1968 572 2004 6
596 1969 781 2014 εἰξςοικίζει
811 1968 839 2003 Β
950 1969 972 2004 9
997 1969 1159 2014 ἐπαχθὴς
1186 1967 1229 2013 O,
1256 1979 1358 2004 corr.
1385 1978 1435 2004 ex
1462 1967 1629 2013 ἐπαχθεὶς
1653 1967 1700 2010 Α,

273 2016 440 2063 ἐπαχθεὶς
466 2017 562 2063 Ewp
664 2017 703 2051 ll
729 2016 917 2063 βασιλικῆς
944 2027 1018 2052 om.
1043 2016 1075 2052 Ο
1175 2017 1220 2052 13
1244 2016 1312 2052 οὐκ
1336 2017 1451 2061 ἔνειμε
1476 2016 1578 2062 τιμὴν
1603 2015 1672 2051 EW

275 2065 320 2101 16
344 2065 551 2110 ἐφρόντιζον
578 2063 625 2108 D,
651 2064 855 2110 ἐφρόντιζεν
880 2064 995 2108 DwE‚
1021 2075 1058 2100 v.
1077 2063 1130 2099 ad
1147 2063 1245 2099 XIII
1260 2064 1329 2109 1,5
1428 2064 1472 2100 17
1496 2063 1638 2099 πολλῶν

277 2113 320 2148 18
345 2113 479 2148 τούτων
505 2112 603 2158 pr
701 2111 824 2157 αὐτοῦ]
851 2112 975 2148 τούτου
1002 2111 1099 2158 Ewp

203 2269 424 2306 litterarum
458 2279 538 2304 non
578 2268 775 2315 neglecta.
828 2266 945 2305 Unde
979 2271 1019 2304 et
1050 2268 1201 2314 scripta
1233 2269 1320 2303 eius
1352 2268 1621 2314 reperiuntur,
1660 2268 1701 2303 in
1719 2268 1762 2304 18

204 2318 352 2364 quibus
377 2327 510 2364 neque
546 2316 771 2352 doctrinam
806 2326 939 2361 neque
1009 2316 1152 2351 ratiam
1186 2315 1403 2352 desideres.
1455 2315 1502 2351 Et
1539 2317 1597 2351 sie
1635 2315 1763 2352 i11a19

203 2375 268 2402 res
305 2375 400 2401 suas
439 2364 736 2400 administravit
774 2369 813 2399 et
851 2365 1008 2399 mortni
1046 2373 1144 2409 rege
1176 2364 1370 2398 frustrata
1402 2373 1446 2398 re
1478 2364 1490 2398 i
1525 2363 1703 2399 omnium

202 2414 351 2461 nupsit,
377 2423 450 2460 pro
468 2416 629 2448 terreno
657 2422 785 2458 regno
812 2411 985 2447 caeleste
1016 2411 1167 2447 sortita.
1219 2410 1305 2446 Rex
1333 2421 1430 2446 vero
1448 2374 1704 2457 gPheophilus
1716 2411 1764 2448 20

203 2460 457 2498 Theodoram
497 2459 614 2496 simul
653 2464 692 2495 et
730 2459 899 2505 nuptiali
936 2469 1086 2495 corona
1119 2462 1159 2493 et
1189 2459 1303 2504 regio
1331 2458 1560 2494 diademato
1586 2463 1704 2494 ornat

203 2509 448 2555 nuptiasque
474 2508 663 2543 celebrat.

323 2556 426 2598 Quia
451 2555 629 2591 iustitiae
655 2555 784 2590 cultor
810 2558 909 2597 erat,
935 2565 1103 2600 gravem
1123 2565 1166 2590 se
1193 2558 1232 2590 et
1262 2553 1554 2590 inexorabilem
1581 2551 1758 2590 delfin-21

205 2603 422 2651 quentibus
460 2603 693 2650 praebebat.
745 2602 923 2648 Singulis
961 2602 1087 2647 igitur
1119 2601 1440 2637 hebdomadibus
1472 2610 1596 2646 eques
1631 2602 1763 2647 per22

205 2654 335 2688 forum
375 2661 465 2687 cum
503 2651 742 2687 sateltitibus
780 2651 903 2696 regiis
941 2651 979 2686 in
1021 2649 1161 2685 aedem
1202 2649 1395 2695 deiparae
1424 2648 1703 2684 Blacherniam

205 2700 300 2735 ibat.
362 2698 444 2734 Etsi
487 2699 591 2734 enim
631 2698 778 2734 divinis
816 2699 894 2733 ima
928 2698 1062 2733 inibus
1107 2697 1299 2733 honorem
1342 2707 1423 2732 non
1469 2696 1763 2742 praebebat,23

205 2747 402 2783 servatori
441 2750 575 2782 tamen
617 2745 773 2782 Christo
817 2750 857 2782 et
899 2746 962 2781 (οἰ
995 2746 1111 2781 matri
1139 2755 1183 2781 se
1209 2744 1326 2781 fldem
1354 2754 1520 2781 servare
1546 2744 1703 2790 profite-

207 2795 338 2831 batur.
388 2793 487 2831 Cum
514 2799 648 2830 autem
675 2794 732 2830 sic
758 2794 799 2829 in
826 2793 987 2840 publico
1015 2797 1259 2835 versaretur,
1293 2792 1422 2828 facilis
1460 2795 1548 2828 erat
1589 2791 1702 2827 aditu
1717 2793 1764 2830 24

206 2852 423 2889 rerumque
449 2841 652 2878 venalium
679 2851 817 2878 curam
845 2841 1021 2877 babebat
1047 2844 1086 2877 et
1117 2841 1257 2887 quanti
1292 2849 1480 2887 quaeque
1507 2840 1703 2885 venirent,

207 2890 365 2928 curiose
382 2889 617 2936 indagabat.
668 2889 820 2934 Quodsi
842 2899 924 2936 qua
950 2899 1099 2934 mag-no
1127 2889 1324 2932 venirent,
1351 2889 1559 2935 praesecto
1587 2887 1638 2924 de
1655 2887 1763 2927 11525

207 2938 457 2988 interrogato
486 2938 548 2976 vel
579 2938 860 2987 magistratum
886 2938 1126 2987 abrogabat,
1164 2938 1197 2974 si
1223 2940 1442 2986 peccasset,
1482 2937 1545 2974 vul
1572 2937 1703 2975 obiur-
