2054 3282
375 227 447 266 ‘210
780 226 960 265 zoNAR.
988 227 1120 264 EPIT.
1145 227 1237 264 xiv
1265 226 1319 273 16,
1346 226 1474 264 8—22.

342 354 564 406 Θσιφῶντα
601 352 822 405 κατέφυγέ.
888 350 1184 404 διαβληθέντος
1225 350 1269 390 δὲ
1300 349 1408 404 πρὸς
1439 350 1567 392 αὐτὸν
1596 356 1670 393 τοῦ
1702 352 1873 407 (ὶρχισα-

376 420 537 472 τράπου
569 419 803 474 Σαρβάρου
837 419 898 464 ὡς
928 418 976 458 τὰ
1008 422 1093 459 τῶν
1124 418 1347 472 Ῥωμαίων
1378 423 1648 473 φρονοῦντος,
1681 421 1798 475 αὐτῷ
1830 421 1875 463 δὲ

377 488 720 541 λοιδορουμένου,
754 487 968 528 ἐπιστέλλει
992 492 1054 540 τῷ
1075 487 1380 541 ὑποστρατήγῳ
1402 488 1530 529 αὐτοῦ
1552 488 1623 530 τὸν
1645 489 1875 544 Σάρβαρον

320 562 365 596 10
378 557 542 597 ἀνελεῖν.
604 561 676 597 τοῦ
711 556 755 596 (δὲ
786 555 859 609 τὴν
891 555 1107 609 ἐπιστολὴν
1127 555 1279 609 ταύτην
1300 556 1547 609 κομίζοντος
1569 557 1612 598 ἓν
1632 563 1694 611 τῷ
1715 558 1875 600 ἀπιέναι

378 625 689 679 συλληφθέντος
710 623 825 677 παρὰ
847 623 1070 677 Ῥωμαίων
1091 624 1161 664 καὶ
1184 624 1447 678 ἀπαχθέντος
1476 626 1532 670 εἷς
1562 625 1608 666 τὸ
1630 625 1874 680 Βυζάντιον,
1888 633 1911 668 5

379 693 540 747 γνόντες
579 692 627 733 τοὶ
668 693 712 733 ἕν
751 693 855 746 αὐτῇ
894 693 1162 745 γεγραμμένα
1207 693 1246 733 οἱ
1288 696 1373 733 τῶν
1416 697 1573 734 κοινῶν
1614 694 1924 749 πραγμάτωνΙ)
1943 703 2000 739 III
2013 705 2054 740 3(

379 761 578 815 διοικηταὶ
616 761 823 802 στέλλουσι
860 761 1012 814 ταύτην
1049 760 1118 801 καὶ
1156 760 1227 801 τὸν
1265 761 1392 816 αύτῆς
1430 761 1632 816 κομιστὴν
1666 762 1775 816 πρὸς
1804 762 1876 804 τὸν

319 835 361 869 11
377 830 626 883 Σάρβαρον·
673 829 744 870 καὶ
776 830 823 874 ὃς
853 828 902 869 τὰ
935 830 1202 883 γεγραμμένα
1235 829 1441 883 ἀναγνοὺς
1470 830 1542 871 καὶ
1572 835 1645 872 τοῦ
1677 846 1874 886 γραμμα-

327 898 564 952 Βτοφόρου
595 898 840 952 πυθόμενος
871 897 942 938 καὶ
972 898 1132 951 μαθὼν
1162 898 1235 952 τὴν
1270 899 1444 953 γνώμην
1474 899 1691 954 Χοσρόου,
1731 900 1875 954 ἑτέραν

375 967 536 1007 πλάττει
568 966 797 1021 ἐπιστολήν,
835 967 1088 1008 κελεύουσαν
1121 967 1247 1008 αὐτόν
1277 984 1318 1008 τε
1349 968 1420 1009 καὶ
1450 968 1630 1015 πολλοὺς
1661 969 1876 1023 σατράπας
1889 975 1936 1011 10

319 1040 363 1075 12
377 1035 649 1089 ἀναιρεθῆναι
692 1035 762 1076 καὶ
805 1034 901 1081 τοὺς
943 1040 1016 1076 τοῦ
1061 1036 1366 1090 στρατεύματος
1404 1037 1680 1091 προύχοντας.
1741 1037 1876 1079 πείθει

378 1104 423 1145 δὲ
454 1104 525 1144 καὶ
561 1103 633 1145 τὸν
669 1103 743 1158 τὴν
781 1104 996 1158 ἐπιστολὴν
1034 1108 1107 1145 τοῦ
1139 1103 1342 1158 Χοσρόου
1381 1106 1611 1159 κομίσαντα
1647 1106 1776 1160 λέγειν
1813 1106 1874 1148 ὅτι

320 1178 362 1213 13
375 1172 491 1227 παρὰ
523 1172 727 1226 Χοσρόου
758 1173 910 1227 ταύτην
949 1173 1071 1227 ἔλαβε
1110 1173 1183 1227 τὴν
1223 1174 1448 1228 ἐπιστολήν.
1511 1175 1761 1229 συναγαγὼν
1798 1173 1874 1217 οὗν

375 1241 472 1287 τοὺς
501 1245 587 1283 τῶν
617 1242 841 1295 ταγμάτων
871 1242 1201 1296 ἡγεμονεύοντας
1232 1243 1275 1283 ἒν
1307 1243 1481 1297 ἐπηκόῳ
1501 1243 1672 1285 πάντων
1691 1243 1766 1298 τὴν
1786 1244 1872 1285 ἐπι-

319 1316 363 1350 14
376 1310 524 1365 στολὴν
561 1311 887 1365 ἀναγνωσθῆναι
923 1310 1136 1365 πεποίηκε.
1199 1311 1344 1365 θυμοῦ
1381 1312 1517 1353 τοίνυν
1552 1313 1804 1367 πλησθέντες
1835 1313 1875 1354 οἱ
1890 1317 1934 1353 15

375 1383 461 1420 τῶν
481 1379 706 1433 ταγμάτων
727 1379 971 1433 ἐξάρχοντες
987 1383 1107 1433 κοινῇ
1125 1380 1346 1420 συνέθεντο
1362 1385 1424 1434 τῷ
1439 1381 1601 1434 βασιλεῖ
1610 1381 1871 1436 προσελθεῖν.

319 1454 362 1489 15
489 1447 582 1489 Ἐπὶ
618 1447 778 1493 τούτοις
815 1447 886 1488 καὶ
924 1447 1064 1501 ἔτερόν
1101 1464 1136 1488 τι
1180 1449 1458 1503 συμβέβηκεν,
1503 1450 1527 1490 ὃ
1563 1449 1635 1491 τὸν
1671 1449 1874 1506 Χοσρόην

376 1578 390 1612 1
423 1579 520 1616 ὅπως
545 1578 565 1612 ὁ
590 1577 855 1622 ἄρχισατράπης
880 1577 1070 1622 Σάρβαρος
1095 1577 1155 1612 καὶ
1181 1579 1218 1612 οἱ
1238 1578 1314 1622 μετ’
1340 1579 1447 1614 αὐτοῦ
1473 1585 1523 1624 τῷ
1540 1580 1680 1624 βασιλεῖ
1691 1581 1872 1625 προσεχώ-

374 1639 486 1671 ρησαν
513 1625 575 1661 CE
729 1626 772 1660 17
798 1627 895 1663 ὅπως
919 1625 1015 1670 παρὰ
1039 1630 1098 1660 τοῦ
1123 1626 1202 1660 υἱοῦ
1228 1626 1334 1661 αὐτοῦ
1360 1627 1381 1661 ὁ
1404 1628 1570 1672 Χοσρόης
1595 1628 1783 1674 καθῃρέθη
1810 1634 1871 1674 τῆς

373 1674 551 1720 βασιλείας
576 1673 636 1708 καὶ
661 1673 821 1718 ἀνῃρέθη
850 1672 911 1708 CE

445 1781 468 1815 2
493 1786 563 1815 τῶν
590 1791 665 1816 om.
693 1780 728 1815 D
827 1780 849 1815 3
875 1784 970 1816 ante
995 1786 1045 1825 τῷ
1071 1781 1162 1816 add.
1190 1781 1286 1824 αὐτῷ
1314 1779 1342 1816 C
1439 1780 1463 1815 4
1487 1783 1695 1826 κομίξοντος
1722 1783 1808 1828 (Sic)
1834 1783 1870 1819 A

446 1829 465 1864 7
493 1829 619 1873 ταύτην
652 1828 712 1863 καὶ
744 1826 844 1873 Awp
885 1829 974 1870 (Wo
1006 1830 1132 1874 igitur
1167 1829 1402 1864 coniectura
1436 1829 1593 1865 invenit
1628 1831 1870 1877 scripturam

445 1879 623 1920 rectam),
651 1876 710 1911 καὶ
737 1876 863 1920 ταύτην
889 1877 931 1921 E,
958 1877 1126 1922 κάκείνην
1153 1876 1183 1912 Ο
1282 1877 1304 1912 8
1330 1882 1390 1911 τοῦ
1415 1890 1467 1922 γρ.
1489 1897 1531 1902 —-
1551 1878 1573 1912 9
1598 1878 1716 1924 ἑτέραν
1744 1890 1818 1914 om.
1837 1880 1868 1915 Ε

445 1925 467 1960 9
491 1925 697 1969 πυθομένου
725 1923 755 1958 Β
852 1927 1003 1968 χοσρόον
1026 1924 1073 1966 D,
1100 1936 1199 1960 corr.
1215 1924 1283 1962 Dw
1382 1925 1426 1959 10
1450 1925 1663 1961 κελεύουσαν
1677 1947 1721 1951 -
1738 1927 1782 1963 13
1799 1928 1869 1962 ε’πι-

445 1972 568 2017 στολήν
583 1983 658 2007 om.
674 1971 709 2005 D
729 1972 796 2007 Wo
811 1971 876 2006 lat.
954 1973 999 2006 10
1013 1976 1103 2017 post
1116 1972 1266 2011 πολλοὺς
1281 1972 1371 2007 add.
1387 1973 1525 2017 ἑτέρους
1539 1973 1702 2020 BCEwp
1777 1978 1869 2021 post

444 2021 621 2065 σατράπας
648 2019 739 2054 add.
765 2019 824 2054 καὶ
849 2020 1055 2064 χιλιάρχους
1082 2020 1243 2066 BCEwp
1377 2021 1418 2054 11
1447 2026 1506 2055 τοῦ
1532 2021 1700 2067 prDi,
1731 2033 1806 2058 om.
1832 2022 1869 2058 A

446 2068 490 2103 14
516 2071 610 2103 ante
636 2067 715 2106 τοὺς
741 2067 833 2102 add.
859 2068 988 2106 πάντας
1015 2068 1044 2103 C
1188 2073 1259 2103 τῶν
1286 2079 1360 2103 om.
1388 2068 1423 2102 D
1568 2070 1740 2114 ἡγεμόνας
1766 2070 1797 2106 Ο

491 2116 643 2160 ὑπηκόῳ
667 2115 670 2157 Ι
695 2115 723 2150 C
817 2115 959 2150 πάντων
988 2127 1062 2151 om.
1087 2115 1117 2151 O
1218 2116 1262 2151 15
1286 2117 1458 2161 πεποίηκε
1484 2116 1652 2163 prDi,
1676 2119 1869 2164 πεποίηκεν

443 2163 491 2207 Α,
518 2174 555 2198 V.
583 2163 636 2198 ad
662 2162 758 2197 XIII
786 2163 819 2206 1,
844 2164 866 2198 5
972 2164 1015 2199 16
1040 2164 1179 2210 βασιλεῖ
1197 2165 1402 2208 προςελῦεΐν
1427 2163 1574 2210 AEwp,
1599 2170 1670 2200 τῶν
1695 2166 1868 2211 ῥωμαίων

442 2212 582 2258 βασιλεῖ
598 2211 805 2256 προςελθεῖν
823 2210 903 2256 CD,
930 2216 1000 2247 τῶν
1018 2212 1189 2256 ῥωμαίων
1205 2212 1409 2257 προςελθεΐν
1425 2213 1564 2258 βασιλεῖ
1583 2212 1615 2247 Β
1714 2214 1758 2250 17
1784 2215 1822 2253 ὃς
1836 2214 1867 2249 Ε

336 2331 569 2368 9Chosroes
597 2329 896 2376 Ctesiphontem
924 2332 1119 2376 confugit,
1148 2331 1363 2377 delatoque
1378 2330 1553 2367 Sarbaro
1577 2333 1865 2380 archisatrapa‚

373 2380 487 2425 quasi
516 2389 607 2413 cum
631 2378 822 2414 Romanis
849 2379 1070 2415 colluderet
1096 2383 1135 2414 et
1160 2380 1236 2424 ipsi
1263 2380 1571 2424 conviciaretur,
1598 2380 1733 2425 legato
1760 2381 1866 2417 illius

315 2428 359 2462 10
372 2427 520 2471 scribit,
546 2431 592 2461 ut
617 2425 838 2462 sarbaram
865 2427 988 2462 tollat.
1040 2426 1118 2462 Sed
1145 2427 1354 2462 tabellario
1389 2428 1429 2461 in
1455 2428 1599 2463 itinere.
1625 2438 1649 2462 a
1674 2427 1866 2464 Romanis

373 2478 543 2520 excepto
571 2485 619 2508 ac
644 2474 885 2519 Byzantium
922 2475 1128 2520 perducto,
1165 2475 1426 2519 magistratus
1453 2475 1577 2510 lectas
1602 2475 1755 2511 litteras
1781 2487 1864 2512 una

315 2523 355 2557 11
373 2533 463 2558 cum
489 2521 699 2557 tabellario
734 2522 785 2557 ad
812 2521 1031 2558 Sarbarum
1058 2523 1230 2557 mittunt.
1282 2522 1319 2556 Is
1356 2523 1459 2557 lecta
1486 2523 1655 2568 epistola
1681 2527 1721 2558 et
1747 2524 1866 2560 Chos-

371 2580 468 2605 roae
499 2570 699 2605 sententia
734 2580 756 2606 e
782 2571 992 2605 tabellario
1026 2571 1190 2615 cognita
1216 2570 1383 2604 alteram
1423 2571 1632 2615 epistolam
1659 2572 1864 2618 confingit,

372 2628 453 2662 qua
480 2617 678 2653 Chosroes
703 2618 884 2663 imperet,
922 2622 967 2653 ut
993 2621 1032 2653 et
1069 2618 1155 2662 ipse
1181 2616 1381 2652 Sarbarus
1408 2621 1446 2652 et
1473 2619 1584 2654 mult-i
1611 2622 1800 2664 satrapae
1826 2624 1866 2655 et

314 2665 358 2700 12
372 2666 575 2700 exercitus
610 2665 734 2701 duces
774 2669 981 2701 necentur.
1032 2664 1134 2699 Tum
1173 2668 1385 2710 postquam
1416 2664 1618 2702 Chosroae
1652 2667 1863 2703 tabellario

371 2714 583 2758 persuasit,
610 2716 654 2747 ut
681 2714 785 2749 hanc
799 2714 1007 2759 epistolam
1023 2714 1243 2747 affirmare-t
1269 2713 1343 2747 sibi
1360 2713 1495 2747 datam
1525 2724 1612 2749 esse
1638 2713 1863 2760 aChosroe‚

314 2760 357 2795 13
372 2770 460 2795 eam
488 2762 722 2796 convocatis
747 2762 919 2796 tribunis
946 2765 985 2796 et
1013 2761 1315 2795 centurionibus
1343 2771 1478 2795 coram
1497 2762 1682 2796 omnibus
1695 2763 1864 2797 recitan'-

315 2807 359 2842 14
373 2807 464 2842 dam
491 2811 616 2843 curat.
668 2809 784 2844 Unde
817 2809 941 2844 duces
973 2808 1185 2843 iracundia
1210 2808 1444 2842 inflammati
1470 2810 1671 2844 communi
1697 2810 1862 2846 consilio

372 2855 424 2889 ad
450 2865 589 2901 regem
614 2866 656 2891 se
683 2858 869 2892 conferre
895 2859 1134 2892 statuerunt.

315 2901 357 2938 15
490 2903 585 2939 Post
611 2903 712 2940 haec
738 2905 858 2940 etiam
885 2904 1054 2940 alterum
1083 2903 1273 2950 quiddam
1294 2904 1440 2939 accidit
1458 2904 1510 2940 ad
1525 2903 1726 2941 Chosroac
1744 2906 1863 2942 inter·
