2054 3282
345 235 414 271 366
743 235 923 273 ZONAR.
951 233 1082 271 EPIT.
1110 234 1179 270 XV
1206 236 1262 280 27,
1291 235 1440 272 12-19.

557 359 725 399 πάντων
757 357 1011 398 ποθιῑιύντιον
1042 358 1309 411 προστρέχειν
1340 358 1447 411 πρὸς
1478 358 1551 412 τὴν
1582 359 1713 409 πόλιν,

557 427 665 467 ὅπου
697 426 897 478 πάναγνοι
932 429 1004 465 τοῦ
1037 427 1141 466 θεοῦ
1175 426 1300 479 λόγου
1333 427 1460 472 πόδες

556 496 729 548 ἔστησαν
761 495 817 539 εἷς
850 494 1042 534 σύστασιν
1072 499 1144 548 τῆς
1176 496 1439 549 οἷκουμὲιιής,

556 563 770 616 ὤφθησαν
804 561 915 603 οὗτοι
947 567 1008 615 τῷ
1040 563 1256 617 σεβασιιιίῳ
1287 564 1405 616 τόπῳ

556 632 683 685 σκεύη
716 631 881 685 πονηρὰ
917 632 1219 685 δεισιδαίμονος
1249 632 1418 685 πλάνης.
1851 640 1873 674 5

556 700 684 740 ἒκεΐοε
713 699 846 739 πολλὰ
879 699 1024 740 λοιπὸν
1057 701 1101 747 ἒξ
1133 701 1317 746 ἀπιστίας

123 772 205 807 PII
217 771 326 807 147A
554 768 784 821 πράξαντες
817 768 965 822 αἰσχρὰ
1001 769 1112 809 δεινὰ
1146 769 1515 823 δυσοεβοφρόνως,

557 837 717 877 ἐκεῖθεν
749 836 970 890 ἠλάθησαν
1003 837 1063 883 ὡς
1096 838 1333 879 ἀποστάται,

553 904 661 957 πρὸς
692 905 765 959 τὴν
796 905 915 946 πόλιν
948 906 993 946 δὲ
1024 910 1097 947 τοῦ
1129 907 1311 960 κράτους
1342 907 1595 960 πεφευγότες

556 974 635 1014 οὐκ
668 974 886 1028 ἒξαφῆκαν
917 974 989 1019 τοὶς
1021 975 1238 1028 ἀθέσμους
1269 976 1446 1029 μωρίας.
1854 982 1898 1017 10

554 1042 656 1083 ὅθεν
689 1042 915 1095 γραφέντες
946 1043 1008 1088 ὡς
1039 1047 1272 1096 κακοῦργοι
1304 1043 1377 1097 τὴν
1410 1044 1516 1085 θέαν

554 1111 870 1163 κατακρίνονται
902 1111 972 1152 καὶ
1005 1112 1228 1152 διώκονται
1260 1112 1392 1153 πάλιν.

281 1179 518 1225 13πολλοὺς
551 1180 596 1220 δὲ
627 1179 698 1220 καὶ
729 1179 880 1225 ἄλλους
912 1181 935 1220 ὁ
969 1180 1149 1234 διώκτης
1182 1179 1304 1226 οὗτος
1335 1182 1539 1229 ἀνέδειξεν
1574 1182 1836 1237 διιιολογητὰς

337 1248 408 1289 καὶ
439 1249 538 1289 ’τέλει
568 1253 817 1302 μαρτυρικῷ
848 1249 1167 1302 παραδέδωκεν,
1215 1250 1288 1294 οὓς
1323 1250 1578 1303 ἀπαριθμεῖν
1610 1251 1751 1304 ἑτέρας
1782 1253 1834 1292 ἂν

337 1318 397 1371 εἴη
430 1317 714 1371 πραγματείας
745 1317 814 1357 καὶ
847 1317 973 1357 ἄλλον
1006 1322 1167 1370 καιροῦ.
1851 1324 1894 1359 15

66 1391 323 1429 W11111914
449 1385 747 1440 Ἐφιλοτιμεῖτο
781 1384 825 1426 δὲ
858 1385 928 1426 καὶ
958 1385 1180 1440 μελῳδεῖν·
1213 1386 1397 1440 λέγονται
1425 1386 1503 1441 μὲν
1525 1386 1602 1429 οὗν
1622 1387 1693 1429 καὶ
1715 1388 1832 1442 ἔτερα

409 1553 526 1589 1—12
551 1552 612 1588 De
631 1553 817 1588 versibus
835 1553 876 1587 in
894 1552 965 1588 AR
984 1552 1179 1588 distinctis
1198 1564 1234 1588 v.
1248 1553 1425 1599 Theoph.
1447 1556 1548 1588 cont.
1569 1565 1606 1599 p.
1623 1553 1701 1598 105,
1717 1554 1831 1600 16ss.,

409 1600 524 1636 Cedr.
551 1600 741 1646 (Seylitz.)
769 1600 806 1635 ΙΙ
834 1611 870 1646 p.
889 1601 966 1643 115,
982 1600 1039 1643 21,
1067 1600 1173 1646 Sym.
1192 1611 1299 1646 mag.
1319 1612 1354 1646 p.
1371 1601 1450 1645 641,
1466 1602 1512 1635 20
1538 1603 1589 1643 (v.
1605 1602 1833 1638 Hirsehium

407 1649 430 1683 l.
451 1659 483 1684 c.
509 1660 546 1694 p.
565 1649 660 1692 330),
689 1648 734 1684 G.
754 1648 803 1683 M.
831 1659 866 1694 p.
887 1649 968 1692 714,
986 1649 1030 1683 21
1131 1650 1147 1682 1
1175 1649 1212 1683 ἒν
1238 1655 1278 1694 τῇ
1303 1649 1400 1683 πόλει
1427 1648 1533 1694 Sym.
1556 1649 1578 1684 l.
1599 1660 1629 1684 c.
1727 1650 1750 1684 3
1775 1651 1832 1686 σύ-

407 1710 521 1741 στημα
547 1699 676 1731 mutat
695 1696 805 1742 apud
824 1696 1002 1741 Theoph.
1024 1699 1127 1731 cont.
1148 1697 1171 1731 1.
1191 1707 1222 1732 e.
1242 1696 1454 1732 Bekkerus
1473 1697 1713 1742 astipulatus
1733 1708 1833 1733 mar-

407 1745 493 1790 gini
520 1744 707 1779 editionis
733 1744 959 1788 Parisinae;
988 1745 1059 1779 sed
1086 1755 1121 1779 v.
1150 1744 1201 1779 ad
1228 1744 1324 1779 XIII
1354 1745 1407 1788 16,
1428 1745 1484 1779 28.
1511 1744 1557 1779 32
1584 1748 1623 1780 et
1649 1745 1832 1792 cf.Wag·-

407 1803 550 1827 nerum
577 1792 599 1826 l.
629 1803 660 1826 e.
691 1803 727 1837 p.
753 1792 799 1827 58
963 1792 985 1826 5
1012 1793 1266 1836 δεισιιῖαᾷιιονος
1292 1792 1460 1837 prDi,
1487 1793 1724 1836 δισιδαίμονος
1749 1793 1784 1828 Α

407 1840 429 1875 6
454 1840 595 1878 ἀτοπίας
625 1839 670 1875 G.
690 1839 738 1874 M.
758 1839 779 1874 l.
801 1850 832 1874 c.
931 1839 952 1874 7
979 1841 1230 1884 ὃυσσεφρόνως
1258 1839 1304 1884 D,
1335 1850 1435 1875 corr.
1455 1839 1522 1878 Dw
1620 1841 1642 1875 9
1667 1840 1730 1886 τὴν
1757 1852 1831 1877 om.

407 1887 455 1932 D,
482 1888 610 1933 suppl.
635 1887 703 1925 Dw
804 1888 849 1922 10
873 1887 1061 1931 ἀθεμίτους
1081 1887 1125 1923 G.
1146 1888 1194 1922 M.
1222 1888 1243 1922 l.
1272 1898 1303 1923 o.
1404 1889 1444 1922 11
1473 1888 1620 1932 ἀφέντες
1646 1888 1676 1923 Ε
1773 1889 1832 1928 τὰς

406 1936 508 1981 ὄψεις
535 1935 642 1981 Sym.
669 1936 691 1970 l.
720 1946 752 1970 (ὲ,
894 1935 938 1970 13
964 1935 1064 1974 οὗτος
1090 1937 1110 1970 ὁ
1134 1936 1287 1980 διώκτης
1315 1935 1343 1971 C
1490 1936 1534 1971 14
1558 1937 1768 1981 παρέδωκεν
1796 1937 1831 1972 D

407 1984 451 2019 16
476 1983 540 2028 μὲν
567 1994 642 2019 om.
669 1983 700 2019 Ο
799 1986 889 2029 post
915 1984 1013 2028 ἕτερα
1040 1983 1131 2018 add.
1159 1983 1244 2019 εἶναι
1272 1983 1368 2029 pr

619 2148 783 2185 Cunctis
810 2159 899 2184 eam
924 2149 1067 2184 urbem
1094 2149 1226 2185 visere
1253 2149 1554 2195 exoptantibus,

618 2197 826 2232 Purissimi
853 2207 972 2242 quam
1001 2197 1143 2233 Christi
1171 2201 1406 2242 presserunt
1432 2198 1566 2243 pedes,

618 2244 760 2280 Totius
788 2245 894 2279 orbis
921 2245 1029 2280 unde
1056 2246 1236 2280 manavit
1263 2245 1381 2289 salus,

619 2292 742 2329 Sacro
771 2292 858 2327 loco
885 2293 950 2327 isti
976 2303 1076 2328 vasa
1103 2293 1308 2338 conspecti
1335 2293 1528 2338 improba.

618 2339 923 2386 Superstitionis
950 2350 1087 2375 errore
1114 2350 1163 2375 ex
1191 2340 1399 2375 incredulo

619 2388 834 2433 Multisque
861 2388 978 2423 factis
1004 2389 1204 2433 inquinati
1231 2388 1416 2433 turpibus

617 2435 842 2482 Apostatae
868 2436 980 2471 velut
1006 2436 1144 2471 reiecti
1171 2435 1265 2470 inde
1292 2436 1444 2480 procul,

619 2483 669 2520 Se
696 2483 1025 2519 contuleremox
1053 2484 1094 2517 in
1119 2483 1260 2518 urbem
1286 2484 1452 2528 regiam,

619 2531 772 2566 Tamen
798 2531 977 2566 nefanda
1004 2541 1084 2566 non
1111 2530 1251 2566 relicta
1278 2531 1464 2573 amentia,

619 2579 731 2615 Notis
757 2581 922 2624 perusta
949 2580 1094 2621 fronte,
1120 2588 1233 2613 more
1259 2579 1445 2621 sontium,

619 2627 967 2672 condemnatique
993 2635 1134 2661 rursus
1162 2630 1372 2660 verterunt
1399 2626 1538 2660 solum.

279 2677 318 2713 13
334 2676 412 2712 Sed
439 2681 478 2712 et
505 2677 604 2712 alios
632 2676 776 2710 multos
803 2677 1038 2719 persecutor
1065 2674 1128 2708 hic
1155 2675 1407 2709 confessores
1435 2674 1530 2708 fecit
1556 2676 1594 2708 et
1620 2674 1661 2707 in
1682 2678 1828 2718 marty-

333 2735 420 2759 rum
456 2734 667 2759 numerum
704 2723 867 2766 rettulit,
903 2731 1004 2767 quos
1037 2731 1276 2757 enumerare
1311 2722 1475 2756 alterius
1503 2724 1541 2756 et
1572 2721 1761 2756 historiae
1788 2725 1827 2756 et

333 2773 555 2807 occasionis
583 2778 653 2807 est.

273 2819 319 2854 14
452 2819 648 2856 Studebat
669 2819 787 2854 etiam
807 2817 988 2853 melodiis
1008 2816 1306 2862 componendis,
1331 2827 1378 2852 ae
1397 2820 1557 2862 praeter
1577 2819 1710 2852 cetera
1729 2815 1826 2851 illud

333 2868 452 2904 etiam
488 2877 663 2911 carmen,
701 2867 808 2913 quod
843 2867 883 2902 in
918 2868 1021 2902 festo
1049 2865 1272 2913 palmarum
1305 2866 1462 2901 canitur
1496 2864 1644 2900 “Exite
1670 2867 1826 2914 gentes,

333 2915 439 2955 exite
467 2915 636 2964 populi”
662 2915 747 2951 eius
775 2924 862 2951 esse
889 2914 1030 2951 fertur.
