2054 3282
617 268 924 312 BELISARIVS
951 269 1107 312 CAPIT
1133 269 1376 312 AFRICAM.
1682 271 1751 313 163

245 413 325 454 ψαι
355 397 404 441 τὰ
437 399 626 454 ζωαρκῆ,
658 398 730 440 τὸν
763 398 808 440 δὲ
839 398 1053 440 ἐπιστεῖλαι
1085 403 1146 452 τῷ
1176 398 1475 454 ταγματάρχῳ,
1509 400 1558 441 ὃν
1584 399 1608 440 ὁ
1631 399 1750 441 Βελι-

247 469 392 523 σάριος
422 472 472 523 τῇ
503 467 725 522 πολιορκίᾳ
762 467 995 522 ἐπέστησεν,
1041 467 1236 515 ἀξιοῦντα
1268 467 1420 509 στεῖλαί
1449 468 1489 508 οἱ
1519 468 1648 522 ἄρτον
1679 469 1752 510 ἕνα

247 537 318 579 καὶ
362 537 547 592 κιθάραν
589 537 660 578 καὶ
704 535 900 590 σπόγγον.
963 535 1034 577 καὶ
1072 537 1119 582 ὃς
1156 536 1334 578 συνιδεῖν
1372 537 1452 578 οὐκ
1497 538 1609 591 ἔχων
1653 538 1752 578 ὅτου
1767 543 1813 578 28

247 606 370 661 χάριν
413 607 618 647 αἰτοῦνται
654 605 771 658 παρὰ
809 609 883 646 τοῦ
920 604 965 646 Γ
959 605 1148 660 ελίμερος
1190 605 1238 646 τὰ
1283 606 1522 660 αἰτούμενα,
1567 605 1639 647 τὸν
1681 611 1803 661 τῆςΙ)

213 680 417 730 ὃγραφῆς
460 675 653 729 ἠρώτησε
695 675 914 729 κομιστήν·
959 674 984 714 ὁ
1017 674 1062 716 δὲ
1093 674 1165 716 τὸν
1200 674 1280 728 μὲν
1316 675 1444 728 ἄρτον
1482 674 1593 716 εἶπεν
1630 676 1754 717 αἰτεῖν
1767 681 1814 716 29

251 744 474 799 ἐπιθυμῶν
504 748 652 785 τοῦτον
683 744 794 790 ἰδεῖν,
840 742 927 784 ἐπεὶ
957 743 1017 798 μὴ
1051 742 1157 784 εἶδεν
1189 743 1334 791 ἕξότου
1366 748 1438 798 τῆς
1469 744 1754 798 Καρχηδόνος

250 813 507 867 ἓκπέπτωκε,
539 816 625 853 τῶν
655 812 905 867 βαρβάρων,
937 810 1037 867 παρ’
1067 812 1128 858 οἷς
1149 811 1215 867 ἦν,
1247 813 1468 868 κακοβίων
1500 813 1649 867 ὄντων,
1682 813 1754 855 τὸν

251 882 297 923 δὲ
328 881 527 936 σπόγγον,
559 882 623 922 ἵνα
655 881 791 935 τούτῳ
822 884 908 922 τῶν
940 881 1147 935 ὀμμάτων
1179 881 1368 937 ἕκμάσσῃ
1395 881 1443 922 τὰ
1467 882 1647 937 δάκρυα,
1679 882 1754 936 τὴν

251 950 297 992 δὲ
328 950 525 1005 κιθάραν,
570 951 635 992 ἵνα
678 949 804 1004 ταύτῃ
849 949 922 995 τὰς
966 950 1121 996 οἰκείας
1161 950 1388 1005 συμφορὰς
1425 951 1752 1006 ἄποκλαύσηται.

39 1023 76 1060 D
95 1024 151 1059 III
167 1024 237 1060 278
250 1019 398 1061 ἑαυτὸν
431 1019 476 1061 δὲ
507 1019 629 1074 ὅμως
658 1018 879 1074 παραδοὺς
909 1023 994 1065 τοῖς
1014 1019 1287 1074 πολιορκοῦσι
1307 1019 1411 1074 μετὰ
1433 1023 1518 1061 τῶν
1540 1020 1754 1062 συνόντων
1767 1027 1815 1062 30

249 1090 365 1144 ἤχθη
397 1088 506 1142 πρὸς
536 1087 792 1142 Βελισάριον,
825 1087 896 1129 καὶ
928 1087 1046 1141 ἒγέλα
1077 1088 1187 1143 πρὸς
1218 1088 1345 1130 αὐτὸν
1376 1089 1659 1144 εἰσαγόμενος,
1693 1090 1755 1136 ὡς

248 1161 334 1204 τοῖς
365 1158 522 1212 ὁρῶσιν
553 1157 810 1211 ἔξεστηκέναι
843 1156 983 1198 δοκεῖν
1004 1156 1132 1198 αὐτὸν
1155 1157 1221 1198 διὰ
1243 1157 1318 1212 τὴν
1338 1162 1412 1199 τοῦ
1434 1158 1604 1204 πάθους
1625 1159 1752 1212 ὑπερ-

249 1227 392 1282 βολήν.
454 1226 506 1281 ἦν
539 1223 576 1267 δ’
610 1225 791 1280 ἑτεροῖόν
821 1242 856 1266 τι
893 1225 940 1267 τὸ
985 1226 1214 1280 γινόμενον.
1278 1226 1629 1281 ἀναλογιζόμενος
1673 1227 1753 1283 γὰρ
1768 1235 1810 1269 31

250 1297 307 1342 εἰς
339 1297 431 1337 οἵαν
461 1295 589 1350 τύχην
621 1295 666 1343 ἕξ
697 1295 787 1341 οἵας
818 1295 1044 1349 κατήντησε
1083 1295 1153 1336 καὶ
1191 1295 1372 1349 γέλωτος
1410 1296 1503 1344 ἄξια
1542 1296 1851 1350 κεκρικὼςΡΙΙ
1867 1303 1962 1339 GGA

192 1364 298 1407 15τά
331 1365 595 1419 ἀνθρώπινα,
629 1364 748 1418 ἐγέλα
779 1368 921 1405 ταῦτα.
984 1364 1229 1418 Βελισάριος
1258 1364 1303 1405 δὲ
1324 1364 1395 1405 καὶ
1417 1364 1545 1406 αὐτὸν
1566 1365 1636 1406 καὶ
1657 1365 1754 1411 τοὺς
1767 1373 1814 1408 32

248 1437 334 1476 τῶν
361 1433 624 1487 Οὗανδήλων
655 1433 862 1487 ἄρχοντας
893 1433 1070 1487 ἐντίμως
1101 1433 1322 1488 ἐφύλασσε,
1355 1434 1754 1489 κομισθησομὲνους

248 1508 311 1557 τῷ
330 1502 500 1558 βασιλεῖ.
561 1502 807 1557 παρειλήφει
840 1501 886 1543 δὲ
916 1501 987 1543 καὶ
1009 1501 1204 1543 Σικελίαν
1229 1502 1300 1544 καὶ
1321 1502 1395 1558 τὴν
1415 1502 1594 1557 Σαρδώ,
1628 1508 1755 1558 νῆσος
1768 1512 1815 1546 33

252 1572 297 1614 δὲ
341 1571 411 1613 καὶ
455 1571 573 1626 αὕτη,
618 1570 689 1612 καὶ
726 1570 775 1611 τὰ
811 1571 935 1626 μέχρι
967 1569 1188 1626 Γαδείρων
1226 1569 1300 1626 ὑφ’
1335 1571 1484 1613 ἑαυτὸν
1515 1572 1754 1627 ἐποιήσατο,

325 1748 344 1782 1
371 1747 596 1793 ταγματάρχῃ
612 1745 782 1794 prDi,
808 1747 942 1783 variat
960 1746 1103 1783 Zonar.
1122 1748 1227 1783 inter
1252 1748 1498 1794 ταγματάρχης
1524 1748 1632 1793 (XIV
1647 1749 1678 1792 7,
1693 1749 1755 1790 37)

328 1799 367 1831 et
392 1796 645 1841 ταγμάταρχος,
672 1799 718 1831 ut
743 1796 848 1830 inter
874 1796 1063 1841 ταξιάρχης
1090 1799 1129 1831 et
1155 1797 1340 1841 ταξίαρχος
1367 1796 1420 1841 (V.
1446 1797 1498 1831 ad
1522 1796 1619 1831 XIII
1639 1797 1751 1841 10,11

328 1848 368 1879 et
382 1843 433 1879 ad
447 1843 578 1879 XVIII
593 1844 650 1888 27,
664 1843 701 1886 3)
800 1843 889 1879 1.15
901 1844 1120 1890 βελλισάριος
1131 1844 1241 1890 Ewp,
1256 1856 1293 1879 V.
1308 1845 1359 1879 ad
1374 1844 1466 1880 XIV
1482 1845 1512 1889 7,
1528 1845 1570 1879 21
1672 1845 1694 1880 2
1707 1845 1756 1880 αι’-

328 1896 451 1927 τοῦντα
469 1891 566 1938 Ewp
663 1891 686 1926 3
712 1894 803 1937 post
829 1892 909 1927 ὅτου
936 1891 1027 1927 add.
1046 1906 1084 1937 γε
1102 1892 1199 1938 Ewp
1297 1892 1319 1927 5
1344 1892 1409 1937 μὲν
1428 1903 1503 1928 om.
1519 1892 1555 1927 D
1653 1893 1675 1927 6
1692 1892 1756 1939 μὴ]

327 1939 440 1984 μηδὲν
464 1939 501 1974 D
631 1939 652 1975 7
677 1939 721 1985 ἦν
746 1939 793 1984 A,
819 1939 887 1974 ἔστι
916 1939 1044 1986 (R)wp
1181 1941 1407 1986 κακοβιότων
1432 1940 1468 1975 D
1598 1941 1643 1975 10
1669 1946 1760 1986 post

329 1988 428 2032 ὅμως
453 1987 546 2023 add.
572 1987 593 2021 ὁ
615 1987 754 2032 γελίμερ
775 1987 871 2033 pr
972 1988 1012 2022 11
1039 1988 1260 2034 βελλισάριον
1279 1989 1389 2034 Ewp,
1415 2000 1452 2024 v.
1478 1989 1529 2023 ad
1549 1988 1641 2023 XIV
1663 1990 1696 2032 7,
1713 1988 1755 2023 21

331 2035 376 2069 16
401 2035 577 2080 ἐφύλασσε
600 2034 636 2070 Α
658 2034 827 2094 Procop.
847 2035 864 2070 I
891 2046 927 2081 p.
953 2035 1035 2079 440,
1062 2036 1119 2081 24,
1145 2036 1314 2082 ἐφύλαττε
1332 2035 1500 2082 prDi,
1528 2047 1564 2072 v.
1593 2037 1644 2071 ad
1663 2036 1756 2071 XIII

329 2083 386 2127 21,
413 2084 436 2118 8
533 2083 576 2118 17
602 2082 664 2128 τὴν
689 2084 812 2128 σαρδω
830 2082 978 2130 Apr‚
1007 2083 1069 2129 τὴν
1085 2085 1208 2128 σαρδῶ
1228 2085 1268 2129 Ε,
1296 2084 1462 2130 σακερδὼ
1482 2086 1628 2120 omisso
1650 2085 1712 2130 τὴν
1731 2084 1760 2119 C

333 2132 378 2166 18
403 2130 490 2176 αὐτὴ
510 2129 666 2176 EwpDi
763 2135 854 2177 post
879 2132 965 2177 αὕτη
993 2132 1085 2167 add.
1113 2133 1162 2170 ὡς
1187 2133 1254 2178 ἤδη
1274 2132 1334 2167 καὶ
1350 2134 1598 2178 προιστόρηται
1619 2132 1759 2179 Bpr‚

328 2179 379 2217 ὡς
404 2179 472 2224 ἤδη
497 2193 557 2223 μοι
581 2180 830 2224 προιστόρηται
857 2179 893 2214 D

259 2345 309 2380 tis
334 2345 496 2390 petiisse
522 2353 650 2378 unum
677 2352 834 2388 panem,
862 2342 1067 2386 citharam,
1098 2343 1324 2388 spongiam.
1375 2343 1451 2385 Qui
1480 2354 1568 2378 euni
1596 2353 1677 2378 non
1707 2342 1821 2378 iix-28

259 2393 488 2436 tellexisset‚
517 2401 598 2437 qua
626 2390 676 2425 de
703 2400 827 2425 eausa
866 2391 942 2425 ista
968 2394 1135 2435 peteret,
1178 2390 1433 2426 tabellarium
1472 2392 1759 2437 interrogasse,

260 2451 351 2476 eum
380 2450 476 2475 vero
503 2438 762 2484 respondisse
790 2448 936 2484 panem
963 2439 1126 2484 petiisse
1153 2438 1363 2485 spectandi
1391 2438 1591 2474 desiderio
1608 2439 1822 2484 pomo-29

260 2494 355 2533 tum,
388 2487 496 2534 quod
523 2487 676 2522 nullum
706 2486 871 2521 vidisset
909 2495 960 2520 ex
999 2496 1078 2530 quo
1107 2485 1354 2531 Carthagine
1396 2486 1614 2521 excidisset
1652 2488 1760 2531 (nam

261 2537 469 2580 barbaros,
497 2534 606 2581 apud
626 2544 728 2579 quos
754 2537 908 2579 ageret,
934 2534 1078 2569 misere
1095 2534 1260 2578 vivere),
1288 2535 1514 2580 spongiam,
1542 2545 1623 2580 qua
1649 2534 1762 2570 lacri-

261 2595 346 2619 mas
360 2584 624 2629 abstergeret,
652 2582 858 2626 citharam,
886 2591 967 2626 qua
994 2592 1090 2616 suas
1105 2582 1354 2617 calamitates
1370 2581 1610 2627 deploraret.
1638 2582 1762 2618 Facta
1776 2583 1823 2617 30

262 2643 382 2678 porro
410 2642 501 2667 eum
541 2631 623 2665 suis
650 2630 856 2665 deditione
883 2629 934 2664 ad
962 2629 1199 2665 Belisarium
1239 2632 1300 2666 est
1332 2630 1565 2675 perductus,
1603 2631 1761 2666 interim

262 2681 408 2723 ridens,
433 2683 478 2714 ut
506 2679 575 2724 qui
602 2678 797 2713 videbant
823 2687 913 2712 eum
942 2688 1080 2713 errore
1106 2678 1251 2713 mentis
1276 2677 1377 2712 affici
1404 2681 1595 2723 putarent
1622 2679 1673 2714 ob
1701 2689 1761 2714 ca-

264 2728 451 2763 lamitatis
489 2725 825 2771 magnitudinem.
876 2724 954 2760 Sed
993 2735 1058 2760 res
1097 2725 1213 2760 aliter
1253 2736 1296 2761 se
1324 2725 1475 2761 habuit.
1526 2725 1625 2761 Nam
1671 2736 1761 2761 eum
1777 2727 1816 2762 31

265 2778 454 2811 fortunae
480 2783 579 2810 suae
599 2774 953 2808 commutationem
981 2783 1117 2808 secum
1133 2777 1342 2819 reputaret
1369 2778 1408 2808 et
1435 2773 1612 2809 humana
1628 2775 1762 2809 omnia

264 2834 351 2859 esse
378 2822 548 2858 ridicula
574 2821 834 2864 existimaret,
862 2821 937 2855 hae
971 2821 1020 2856 (le
1047 2831 1172 2855 eausa
1198 2821 1367 2856 ridebat.
1420 2821 1638 2857 Belisarius
1665 2832 1762 2857 vero
1777 2823 1824 2858 32

265 2875 304 2906 et
330 2873 459 2917 ipsum
487 2873 527 2905 et
552 2869 826 2904 vandalorum
868 2869 992 2903 ‹liu-,es
1031 2870 1069 2903 in
1105 2869 1289 2903 custodia
1318 2869 1535 2904 honorifice
1575 2870 1762 2913 habebat,

264 2923 310 2954 ut
336 2919 386 2954 ad
422 2927 558 2963 regem
594 2916 926 2962 perducerentur.
978 2918 1092 2962 Cepit
1119 2921 1158 2951 et
1185 2916 1359 2952 Siciliam
1388 2921 1426 2952 et
1453 2915 1681 2953 Sardiniam
1709 2918 1763 2952 in·
1777 2918 1823 2952 33

265 2967 373 3002 sulas
411 2971 450 3001 et
483 2974 612 3010 mque
651 2964 703 2999 ad
730 2963 865 2999 Gades
905 2965 1082 2999 subactis
1117 2965 1313 3003 omnibus.
1358 2966 1411 2999 sic
1446 2966 1605 2999 denium
1648 2966 1760 3001 rediit
