<?xml version="1.0" encoding="UTF-8"?>
<!DOCTYPE html PUBLIC "-//W3C//DTD XHTML 1.0 Transitional//EN"
    "http://www.w3.org/TR/xhtml1/DTD/xhtml1-transitional.dtd">
<html xmlns="http://www.w3.org/1999/xhtml" xml:lang="en" lang="en">
 <head>
  <title>
</title>
<meta http-equiv="Content-Type" content="text/html;charset=utf-8" />
  <meta name='ocr-system' content='tesseract 3.04.00' />
  <meta name='ocr-capabilities' content='ocr_page ocr_carea ocr_par ocr_line ocrx_word'/>
</head>
<body>
  <div class='ocr_page' id='page_1' title='image "./corpusscriptorum31niebuoft/corpusscriptorum31niebuoft_0240.png"; bbox 0 0 2054 3282; ppageno 0'>
   <div class='ocr_carea' id='block_1_1' title="bbox 331 230 1434 275">
    <p class='ocr_par' dir='ltr' id='par_1_1' title="bbox 331 230 1434 275">
     <span class='ocr_line' id='line_1_1' title="bbox 331 230 1434 275; baseline -0.004 -5"><span class='ocrx_word' id='word_1_1' title='bbox 331 234 401 270; x_wconf 76' lang='lat'>214</span> <span class='ocrx_word' id='word_1_2' title='bbox 716 232 898 269; x_wconf 87' lang='lat' dir='ltr'>ZONAR.</span> <span class='ocrx_word' id='word_1_3' title='bbox 925 231 1056 268; x_wconf 83' lang='lat' dir='ltr'>EPIT.</span> <span class='ocrx_word' id='word_1_4' title='bbox 1083 230 1174 267; x_wconf 93' lang='lat' dir='ltr'>XIV</span> <span class='ocrx_word' id='word_1_5' title='bbox 1202 230 1256 275; x_wconf 81' lang='grc'>17,</span> <span class='ocrx_word' id='word_1_6' title='bbox 1284 230 1434 266; x_wconf 79' lang='lat'>12—25.</span> 
     </span>
    </p>
   </div>
   <div class='ocr_carea' id='block_1_2' title="bbox 274 352 2045 1507">
    <p class='ocr_par' dir='ltr' id='par_1_2' title="bbox 274 352 2045 1507">
     <span class='ocr_line' id='line_1_2' title="bbox 274 352 1824 410; baseline -0.002 -13"><span class='ocrx_word' id='word_1_7' title='bbox 274 360 318 393; x_wconf 77' lang='grc'>12</span> <span class='ocrx_word' id='word_1_8' title='bbox 450 356 773 410; x_wconf 62' lang='grc' dir='ltr'>εΥποστρὲήοοντι</span> <span class='ocrx_word' id='word_1_9' title='bbox 806 355 850 395; x_wconf 78' lang='grc' dir='ltr'>δὲ</span> <span class='ocrx_word' id='word_1_10' title='bbox 881 358 942 407; x_wconf 73' lang='grc' dir='ltr'>τῷ</span> <span class='ocrx_word' id='word_1_11' title='bbox 973 353 1134 407; x_wconf 79' lang='grc' dir='ltr'><em>βασιλεῖ</em></span> <span class='ocrx_word' id='word_1_12' title='bbox 1159 352 1296 406; x_wconf 77' lang='grc' dir='ltr'><em>τούτῳ</em></span> <span class='ocrx_word' id='word_1_13' title='bbox 1327 353 1374 393; x_wconf 75' lang='grc' dir='ltr'>ἐκ</span> <span class='ocrx_word' id='word_1_14' title='bbox 1405 357 1478 407; x_wconf 89' lang='grc' dir='ltr'>τῆς</span> <span class='ocrx_word' id='word_1_15' title='bbox 1499 352 1709 407; x_wconf 73' lang='grc' dir='ltr'><em>Περσίδος</em></span> <span class='ocrx_word' id='word_1_16' title='bbox 1729 368 1824 407; x_wconf 92' lang='grc' dir='ltr'><em>τρο-</em></span> 
     </span>
     <span class='ocr_line' id='line_1_3' title="bbox 330 420 1826 478; baseline -0.002 -13"><span class='ocrx_word' id='word_1_17' title='bbox 330 424 559 478; x_wconf 81' lang='grc' dir='ltr'><em>παιοφόρῳ</em></span> <span class='ocrx_word' id='word_1_18' title='bbox 587 424 772 477; x_wconf 85' lang='grc' dir='ltr'><em>πρόσεισι</em></span> <span class='ocrx_word' id='word_1_19' title='bbox 794 422 1000 476; x_wconf 56' lang='grc' dir='ltr'><em>ΙΡΙωάμεθ</em></span> <span class='ocrx_word' id='word_1_20' title='bbox 1031 422 1054 462; x_wconf 84' lang='grc' dir='ltr'><em>ὁ</em></span> <span class='ocrx_word' id='word_1_21' title='bbox 1086 424 1171 462; x_wconf 81' lang='grc' dir='ltr'>τῶν</span> <span class='ocrx_word' id='word_1_22' title='bbox 1191 420 1463 475; x_wconf 76' lang='grc' dir='ltr'><em>Σαρακήνῶν</em></span> <span class='ocrx_word' id='word_1_23' title='bbox 1483 421 1714 475; x_wconf 79' lang='grc' dir='ltr'><em>φύλαρχος,</em></span> <span class='ocrx_word' id='word_1_24' title='bbox 1747 422 1826 462; x_wconf 79' lang='grc' dir='ltr'>οὐκ</span> 
     </span>
     <span class='ocr_line' id='line_1_4' title="bbox 286 489 1826 546; baseline -0.003 -12"><span class='ocrx_word' id='word_1_25' title='bbox 286 495 316 530; x_wconf 83' lang='lat' dir='ltr'>B</span> <span class='ocrx_word' id='word_1_26' title='bbox 333 493 379 534; x_wconf 80' lang='grc' dir='ltr'>ἔκ</span> <span class='ocrx_word' id='word_1_27' title='bbox 413 493 558 546; x_wconf 82' lang='grc' dir='ltr'><em>γένους</em></span> <span class='ocrx_word' id='word_1_28' title='bbox 587 492 634 533; x_wconf 87' lang='grc' dir='ltr'>τὸ</span> <span class='ocrx_word' id='word_1_29' title='bbox 666 492 894 546; x_wconf 75' lang='grc' dir='ltr'><em>φυλαρχεΐν</em></span> <span class='ocrx_word' id='word_1_30' title='bbox 922 490 1252 544; x_wconf 76' lang='grc' dir='ltr'><em>κληρωσάμενος</em></span> <span class='ocrx_word' id='word_1_31' title='bbox 1286 489 1387 543; x_wconf 84' lang='grc' dir='ltr'><em>(τῶν</em></span> <span class='ocrx_word' id='word_1_32' title='bbox 1409 489 1488 543; x_wconf 85' lang='grc' dir='ltr'>γὰρ</span> <span class='ocrx_word' id='word_1_33' title='bbox 1511 490 1690 543; x_wconf 83' lang='grc' dir='ltr'>ἀσήμων</span> <span class='ocrx_word' id='word_1_34' title='bbox 1712 489 1826 542; x_wconf 78' lang='grc' dir='ltr'><em>ἐτύγ-</em></span> 
     </span>
     <span class='ocr_line' id='line_1_5' title="bbox 276 558 1828 615; baseline 0 -16"><span class='ocrx_word' id='word_1_35' title='bbox 276 564 320 599; x_wconf 88' lang='lat'>13</span> <span class='ocrx_word' id='word_1_36' title='bbox 332 577 456 615; x_wconf 83' lang='grc' dir='ltr'><em>χανεν</em></span> <span class='ocrx_word' id='word_1_37' title='bbox 488 560 582 614; x_wconf 82' lang='grc' dir='ltr'>ὤν),</span> <span class='ocrx_word' id='word_1_38' title='bbox 629 560 730 601; x_wconf 79' lang='grc' dir='ltr'><em>ἀλλὰ</em></span> <span class='ocrx_word' id='word_1_39' title='bbox 762 560 942 613; x_wconf 79' lang='grc' dir='ltr'><em>πονηρίᾳ</em></span> <span class='ocrx_word' id='word_1_40' title='bbox 979 562 1100 599; x_wconf 82' lang='grc' dir='ltr'><em>τοῦτο</em></span> <span class='ocrx_word' id='word_1_41' title='bbox 1140 558 1409 612; x_wconf 81' lang='grc' dir='ltr'><em>κτησάμενος.</em></span> <span class='ocrx_word' id='word_1_42' title='bbox 1471 559 1599 613; x_wconf 86' lang='grc' dir='ltr'><strong><em>πένης</em></strong></span> <span class='ocrx_word' id='word_1_43' title='bbox 1642 558 1721 612; x_wconf 86' lang='grc' dir='ltr'>γὰρ</span> <span class='ocrx_word' id='word_1_44' title='bbox 1765 559 1828 599; x_wconf 80' lang='grc' dir='ltr'>ὢν</span> 
     </span>
     <span class='ocr_line' id='line_1_6' title="bbox 332 627 1864 683; baseline -0.003 -13"><span class='ocrx_word' id='word_1_45' title='bbox 332 630 447 683; x_wconf 89' lang='grc' dir='ltr'><em>παρά</em></span> <span class='ocrx_word' id='word_1_46' title='bbox 479 646 551 671; x_wconf 86' lang='grc' dir='ltr'><em>τινι</em></span> <span class='ocrx_word' id='word_1_47' title='bbox 583 628 743 683; x_wconf 82' lang='grc' dir='ltr'><em>γυναικὶ</em></span> <span class='ocrx_word' id='word_1_48' title='bbox 774 627 950 681; x_wconf 79' lang='grc' dir='ltr'><em>πλουσίᾳ</em></span> <span class='ocrx_word' id='word_1_49' title='bbox 982 628 1093 681; x_wconf 87' lang='grc' dir='ltr'><em>χήρᾳ</em></span> <span class='ocrx_word' id='word_1_50' title='bbox 1127 628 1334 681; x_wconf 71' lang='grc' dir='ltr'><em>ἐθήτευεν,</em></span> <span class='ocrx_word' id='word_1_51' title='bbox 1368 629 1419 681; x_wconf 85' lang='grc' dir='ltr'>ἣν</span> <span class='ocrx_word' id='word_1_52' title='bbox 1451 628 1591 681; x_wconf 78' lang='grc' dir='ltr'><em>ἔγημε,</em></span> <span class='ocrx_word' id='word_1_53' title='bbox 1630 627 1864 682; x_wconf 84' lang='grc' dir='ltr'><em>γοητείαις5</em></span> 
     </span>
     <span class='ocr_line' id='line_1_7' title="bbox 278 695 1828 751; baseline -0.001 -12"><span class='ocrx_word' id='word_1_54' title='bbox 278 701 321 735; x_wconf 80' lang='grc'>14</span> <span class='ocrx_word' id='word_1_55' title='bbox 333 698 565 751; x_wconf 82' lang='grc' dir='ltr'><em>ὑπαγαγὼν</em></span> <span class='ocrx_word' id='word_1_56' title='bbox 602 699 658 742; x_wconf 85' lang='grc' dir='ltr'><em>εἷς</em></span> <span class='ocrx_word' id='word_1_57' title='bbox 697 698 833 750; x_wconf 82' lang='grc' dir='ltr'><em>ἔρωτα</em></span> <span class='ocrx_word' id='word_1_58' title='bbox 872 697 1033 737; x_wconf 82' lang='grc' dir='ltr'><em>ἑαυτοῦ.</em></span> <span class='ocrx_word' id='word_1_59' title='bbox 1097 696 1317 750; x_wconf 72' lang='grc' dir='ltr'><em>ἐπιληψίας</em></span> <span class='ocrx_word' id='word_1_60' title='bbox 1350 696 1394 738; x_wconf 80' lang='grc' dir='ltr'>δὲ</span> <span class='ocrx_word' id='word_1_61' title='bbox 1425 697 1626 751; x_wconf 84' lang='grc' dir='ltr'><em>νοσήματι</em></span> <span class='ocrx_word' id='word_1_62' title='bbox 1658 695 1828 750; x_wconf 88' lang='grc' dir='ltr'><em>συνεχό-</em></span> 
     </span>
     <span class='ocr_line' id='line_1_8' title="bbox 332 764 1829 821; baseline -0.001 -13"><span class='ocrx_word' id='word_1_63' title='bbox 332 782 460 821; x_wconf 85' lang='grc' dir='ltr'><em>μενος</em></span> <span class='ocrx_word' id='word_1_64' title='bbox 490 766 560 807; x_wconf 66' lang='lat' dir='ltr'>naz</span> <span class='ocrx_word' id='word_1_65' title='bbox 592 765 697 807; x_wconf 76' lang='grc' dir='ltr'><em>κατὰ</em></span> <span class='ocrx_word' id='word_1_66' title='bbox 730 764 904 818; x_wconf 77' lang='grc' dir='ltr'><em>καιροὺς</em></span> <span class='ocrx_word' id='word_1_67' title='bbox 944 765 1061 819; x_wconf 73' lang='grc' dir='ltr'><em>αὐτῷ</em></span> <span class='ocrx_word' id='word_1_68' title='bbox 1092 769 1165 806; x_wconf 84' lang='grc' dir='ltr'>τοῦ</span> <span class='ocrx_word' id='word_1_69' title='bbox 1197 765 1367 811; x_wconf 71' lang='grc' dir='ltr'><em>πάθους</em></span> <span class='ocrx_word' id='word_1_70' title='bbox 1397 765 1734 820; x_wconf 72' lang='grc' dir='ltr'><em>προσβάλλοντος</em></span> <span class='ocrx_word' id='word_1_71' title='bbox 1763 765 1829 806; x_wconf 86' lang='grc' dir='ltr'>πί-</span> 
     </span>
     <span class='ocr_line' id='line_1_9' title="bbox 333 834 1830 888; baseline -0.001 -12"><span class='ocrx_word' id='word_1_72' title='bbox 333 851 450 876; x_wconf 87' lang='grc' dir='ltr'><em>πτων</em></span> <span class='ocrx_word' id='word_1_73' title='bbox 481 834 552 876; x_wconf 80' lang='grc' dir='ltr'><em>καὶ</em></span> <span class='ocrx_word' id='word_1_74' title='bbox 582 837 668 875; x_wconf 84' lang='grc' dir='ltr'>τῶν</span> <span class='ocrx_word' id='word_1_75' title='bbox 699 837 870 888; x_wconf 73' lang='grc' dir='ltr'><em>φρενῶν</em></span> <span class='ocrx_word' id='word_1_76' title='bbox 902 834 1174 887; x_wconf 68' lang='grc' dir='ltr'><em>ἐξιστάμενος,</em></span> <span class='ocrx_word' id='word_1_77' title='bbox 1220 834 1406 887; x_wconf 71' lang='grc' dir='ltr'><em>ἀθυμίας</em></span> <span class='ocrx_word' id='word_1_78' title='bbox 1443 835 1569 879; x_wconf 80' lang='grc' dir='ltr'><em>αἴτιος</em></span> <span class='ocrx_word' id='word_1_79' title='bbox 1599 838 1648 888; x_wconf 88' lang='grc' dir='ltr'>τῇ</span> <span class='ocrx_word' id='word_1_80' title='bbox 1680 834 1830 875; x_wconf 83' lang='grc' dir='ltr'><em>ἑαυτοῦ</em></span> 
     </span>
     <span class='ocr_line' id='line_1_10' title="bbox 276 901 1832 957; baseline -0.001 -13"><span class='ocrx_word' id='word_1_81' title='bbox 276 906 321 940; x_wconf 75' lang='lat'>15</span> <span class='ocrx_word' id='word_1_82' title='bbox 335 904 459 957; x_wconf 82' lang='grc' dir='ltr'><em>κυρίᾳ</em></span> <span class='ocrx_word' id='word_1_83' title='bbox 491 902 562 944; x_wconf 79' lang='grc' dir='ltr'><em>καὶ</em></span> <span class='ocrx_word' id='word_1_84' title='bbox 594 907 751 957; x_wconf 80' lang='grc' dir='ltr'><em>γαμετῇ</em></span> <span class='ocrx_word' id='word_1_85' title='bbox 782 902 853 943; x_wconf 77' lang='grc' dir='ltr'><em>καὶ</em></span> <span class='ocrx_word' id='word_1_86' title='bbox 875 901 1074 956; x_wconf 81' lang='grc' dir='ltr'><em>αἰσχύνης</em></span> <span class='ocrx_word' id='word_1_87' title='bbox 1096 902 1261 955; x_wconf 76' lang='grc' dir='ltr'><em>ἐγίνετο.</em></span> <span class='ocrx_word' id='word_1_88' title='bbox 1324 902 1348 943; x_wconf 84' lang='grc' dir='ltr'><em>ὁ</em></span> <span class='ocrx_word' id='word_1_89' title='bbox 1372 902 1416 943; x_wconf 76' lang='grc' dir='ltr'>δὲ</span> <span class='ocrx_word' id='word_1_90' title='bbox 1438 902 1563 948; x_wconf 76' lang='grc' dir='ltr'><em>αὑτός</em></span> <span class='ocrx_word' id='word_1_91' title='bbox 1583 918 1625 943; x_wconf 84' lang='grc' dir='ltr'><em>τε</em></span> <span class='ocrx_word' id='word_1_92' title='bbox 1645 901 1832 956; x_wconf 87' lang='grc' dir='ltr'><em>πονηρὸς</em></span> 
     </span>
     <span class='ocr_line' id='line_1_11' title="bbox 336 964 1893 1025; baseline -0.001 -12"><span class='ocrx_word' id='word_1_93' title='bbox 336 973 399 1013; x_wconf 83' lang='grc' dir='ltr'>ὢν</span> <span class='ocrx_word' id='word_1_94' title='bbox 429 972 503 1012; x_wconf 81' lang='grc' dir='ltr'><em>καί</em></span> <span class='ocrx_word' id='word_1_95' title='bbox 535 987 608 1012; x_wconf 86' lang='grc' dir='ltr'><em>τινι</em></span> <span class='ocrx_word' id='word_1_96' title='bbox 647 971 692 1012; x_wconf 76' lang='grc' dir='ltr'>δὲ</span> <span class='ocrx_word' id='word_1_97' title='bbox 727 976 908 1025; x_wconf 79' lang='grc' dir='ltr'><em>μοναχῷ</em></span> <span class='ocrx_word' id='word_1_98' title='bbox 943 971 1218 1025; x_wconf 82' lang='grc' dir='ltr'><em>πονηροτέρῳ</em></span> <span class='ocrx_word' id='word_1_99' title='bbox 1256 972 1406 1012; x_wconf 76' lang='grc' dir='ltr'><em>ἑαυτοῦ</em></span> <span class='ocrx_word' id='word_1_100' title='bbox 1444 964 1726 1025; x_wconf 74' lang='grc' dir='ltr'><em>ἐντετυχηκὼς</em></span> <span class='ocrx_word' id='word_1_101' title='bbox 1765 969 1832 1012; x_wconf 83' lang='grc' dir='ltr'>διὰ</span> <span class='ocrx_word' id='word_1_102' title='bbox 1849 972 1893 1007; x_wconf 86' lang='grc'>10</span> 
     </span>
     <span class='ocr_line' id='line_1_12' title="bbox 335 1036 1832 1093; baseline -0.001 -12"><span class='ocrx_word' id='word_1_103' title='bbox 335 1040 607 1081; x_wconf 79' lang='grc' dir='ltr'><em>κακοπιστίαν</em></span> <span class='ocrx_word' id='word_1_104' title='bbox 638 1039 943 1093; x_wconf 73' lang='grc' dir='ltr'><em>φυγαδευθέντι</em></span> <span class='ocrx_word' id='word_1_105' title='bbox 973 1044 1045 1093; x_wconf 87' lang='grc' dir='ltr'>τῆς</span> <span class='ocrx_word' id='word_1_106' title='bbox 1075 1039 1334 1088; x_wconf 81' lang='grc' dir='ltr'><em>Βυζαντίδος</em></span> <span class='ocrx_word' id='word_1_107' title='bbox 1370 1039 1440 1080; x_wconf 84' lang='grc' dir='ltr'><em>καὶ</em></span> <span class='ocrx_word' id='word_1_108' title='bbox 1476 1036 1576 1093; x_wconf 76' lang='grc' dir='ltr'><em>παρ’</em></span> <span class='ocrx_word' id='word_1_109' title='bbox 1610 1040 1739 1081; x_wconf 77' lang='grc' dir='ltr'><em>αὐτοῦ</em></span> <span class='ocrx_word' id='word_1_110' title='bbox 1772 1039 1832 1080; x_wconf 80' lang='grc' dir='ltr'>δι-</span> 
     </span>
     <span class='ocr_line' id='line_1_13' title="bbox 279 1107 1832 1163; baseline 0.003 -17"><span class='ocrx_word' id='word_1_111' title='bbox 279 1112 323 1146; x_wconf 82' lang='grc'>16</span> <span class='ocrx_word' id='word_1_112' title='bbox 339 1109 523 1163; x_wconf 74' lang='grc' dir='ltr'><em>δαχθείς,</em></span> <span class='ocrx_word' id='word_1_113' title='bbox 569 1109 679 1162; x_wconf 83' lang='grc' dir='ltr'><em>ἔλεγε</em></span> <span class='ocrx_word' id='word_1_114' title='bbox 717 1113 767 1163; x_wconf 85' lang='grc' dir='ltr'>τῇ</span> <span class='ocrx_word' id='word_1_115' title='bbox 799 1108 960 1162; x_wconf 79' lang='grc' dir='ltr'><em>γυναικὶ</em></span> <span class='ocrx_word' id='word_1_116' title='bbox 990 1107 1062 1150; x_wconf 87' lang='grc' dir='ltr'>τὸν</span> <span class='ocrx_word' id='word_1_117' title='bbox 1092 1108 1281 1163; x_wconf 81' lang='grc' dir='ltr'><em>Γαβριὴλ</em></span> <span class='ocrx_word' id='word_1_118' title='bbox 1311 1108 1383 1149; x_wconf 84' lang='grc' dir='ltr'>τὸν</span> <span class='ocrx_word' id='word_1_119' title='bbox 1414 1109 1672 1163; x_wconf 84' lang='grc' dir='ltr'><em>ἀρχάγγελον</em></span> <span class='ocrx_word' id='word_1_120' title='bbox 1703 1109 1832 1162; x_wconf 81' lang='grc' dir='ltr'><em>οὖρα-</em></span> 
     </span>
     <span class='ocr_line' id='line_1_14' title="bbox 337 1177 1834 1232; baseline -0.001 -13"><span class='ocrx_word' id='word_1_121' title='bbox 337 1178 464 1219; x_wconf 75' lang='grc' dir='ltr'><em>νόθεν</em></span> <span class='ocrx_word' id='word_1_122' title='bbox 495 1178 612 1231; x_wconf 77' lang='grc' dir='ltr'><em>αὐτῷ</em></span> <span class='ocrx_word' id='word_1_123' title='bbox 643 1180 851 1231; x_wconf 80' lang='grc' dir='ltr'><em>φοιτῶντα</em></span> <span class='ocrx_word' id='word_1_124' title='bbox 884 1177 1101 1231; x_wconf 81' lang='grc' dir='ltr'><em>ἀπόρρητά</em></span> <span class='ocrx_word' id='word_1_125' title='bbox 1133 1193 1219 1218; x_wconf 92' lang='grc' dir='ltr'><em>τινα</em></span> <span class='ocrx_word' id='word_1_126' title='bbox 1250 1181 1381 1231; x_wconf 79' lang='grc' dir='ltr'><em>μυεῖν,</em></span> <span class='ocrx_word' id='word_1_127' title='bbox 1419 1177 1478 1232; x_wconf 85' lang='grc' dir='ltr'><em>μὴ</em></span> <span class='ocrx_word' id='word_1_128' title='bbox 1512 1178 1653 1231; x_wconf 80' lang='grc' dir='ltr'><em>φέρειν</em></span> <span class='ocrx_word' id='word_1_129' title='bbox 1685 1177 1730 1219; x_wconf 82' lang='grc' dir='ltr'>δὲ</span> <span class='ocrx_word' id='word_1_130' title='bbox 1759 1177 1834 1232; x_wconf 87' lang='grc' dir='ltr'>τὴν</span> 
     </span>
     <span class='ocr_line' id='line_1_15' title="bbox 296 1245 2045 1301; baseline 0.001 -16"><span class='ocrx_word' id='word_1_131' title='bbox 296 1246 486 1288; x_wconf 80' lang='grc' dir='ltr'><em>Οτούτου</em></span> <span class='ocrx_word' id='word_1_132' title='bbox 525 1246 632 1287; x_wconf 71' lang='grc' dir='ltr'><em>θέαν</em></span> <span class='ocrx_word' id='word_1_133' title='bbox 670 1246 741 1287; x_wconf 79' lang='grc' dir='ltr'><em>καὶ</em></span> <span class='ocrx_word' id='word_1_134' title='bbox 774 1246 839 1287; x_wconf 74' lang='grc' dir='ltr'>διὰ</span> <span class='ocrx_word' id='word_1_135' title='bbox 871 1249 993 1287; x_wconf 78' lang='grc' dir='ltr'><em>τοῦτο</em></span> <span class='ocrx_word' id='word_1_136' title='bbox 1025 1246 1193 1299; x_wconf 75' lang='grc' dir='ltr'><em>ἰλιγγιᾶν</em></span> <span class='ocrx_word' id='word_1_137' title='bbox 1224 1246 1295 1287; x_wconf 83' lang='grc' dir='ltr'><em>καὶ</em></span> <span class='ocrx_word' id='word_1_138' title='bbox 1326 1246 1454 1300; x_wconf 80' lang='grc' dir='ltr'>φόβῳ</span> <span class='ocrx_word' id='word_1_139' title='bbox 1486 1246 1733 1301; x_wconf 73' lang='grc' dir='ltr'><em>συνέχεσθαι</em></span> <span class='ocrx_word' id='word_1_140' title='bbox 1763 1245 1883 1287; x_wconf 81' lang='grc' dir='ltr'><em>καὶΙ)</em></span> <span class='ocrx_word' id='word_1_141' title='bbox 1903 1247 2045 1283; x_wconf 75' lang='grc'><strong>111312</strong></span> 
     </span>
     <span class='ocr_line' id='line_1_16' title="bbox 282 1312 1895 1370; baseline 0.001 -17"><span class='ocrx_word' id='word_1_142' title='bbox 282 1319 325 1353; x_wconf 81' lang='grc'>17</span> <span class='ocrx_word' id='word_1_143' title='bbox 338 1315 447 1369; x_wconf 84' lang='grc' dir='ltr'><em>πρὸς</em></span> <span class='ocrx_word' id='word_1_144' title='bbox 469 1319 545 1370; x_wconf 84' lang='grc' dir='ltr'>γῆν</span> <span class='ocrx_word' id='word_1_145' title='bbox 567 1315 899 1356; x_wconf 72' lang='grc' dir='ltr'><em>κατακλίνεσθαι.</em></span> <span class='ocrx_word' id='word_1_146' title='bbox 961 1319 1087 1356; x_wconf 81' lang='grc' dir='ltr'><em>ταῦτα</em></span> <span class='ocrx_word' id='word_1_147' title='bbox 1112 1312 1148 1356; x_wconf 78' lang='grc' dir='ltr'>δ’</span> <span class='ocrx_word' id='word_1_148' title='bbox 1173 1314 1279 1369; x_wconf 82' lang='grc' dir='ltr'><em>εἶχεν</em></span> <span class='ocrx_word' id='word_1_149' title='bbox 1306 1316 1424 1369; x_wconf 72' lang='grc' dir='ltr'><em>αὐτῷ</em></span> <span class='ocrx_word' id='word_1_150' title='bbox 1455 1318 1833 1369; x_wconf 83' lang='grc' dir='ltr'><em>συμμαρτυροῦντα</em></span> <span class='ocrx_word' id='word_1_151' title='bbox 1851 1319 1895 1355; x_wconf 80' lang='lat'>15</span> 
     </span>
     <span class='ocr_line' id='line_1_17' title="bbox 339 1383 1836 1438; baseline 0 -14"><span class='ocrx_word' id='word_1_152' title='bbox 339 1383 410 1425; x_wconf 82' lang='grc' dir='ltr'><em>καὶ</em></span> <span class='ocrx_word' id='word_1_153' title='bbox 430 1383 502 1425; x_wconf 86' lang='grc' dir='ltr'>τὸν</span> <span class='ocrx_word' id='word_1_154' title='bbox 521 1383 712 1438; x_wconf 85' lang='grc' dir='ltr'><em>μοναχὸν</em></span> <span class='ocrx_word' id='word_1_155' title='bbox 741 1384 899 1425; x_wconf 76' lang='grc' dir='ltr'><em>ἐκεῖνον</em></span> <span class='ocrx_word' id='word_1_156' title='bbox 929 1383 1000 1424; x_wconf 88' lang='grc' dir='ltr'>τὸν</span> <span class='ocrx_word' id='word_1_157' title='bbox 1033 1383 1171 1425; x_wconf 76' lang='grc' dir='ltr'><em>δόλιον</em></span> <span class='ocrx_word' id='word_1_158' title='bbox 1202 1383 1273 1424; x_wconf 81' lang='grc' dir='ltr'><em>καὶ</em></span> <span class='ocrx_word' id='word_1_159' title='bbox 1303 1388 1353 1438; x_wconf 83' lang='grc' dir='ltr'>τῇ</span> <span class='ocrx_word' id='word_1_160' title='bbox 1385 1383 1546 1437; x_wconf 83' lang='grc' dir='ltr'><em>γυναικὶ</em></span> <span class='ocrx_word' id='word_1_161' title='bbox 1576 1384 1746 1437; x_wconf 84' lang='grc' dir='ltr'><em>λέγοντα</em></span> <span class='ocrx_word' id='word_1_162' title='bbox 1776 1383 1836 1425; x_wconf 85' lang='grc' dir='ltr'>ὅτι</span> 
     </span>
     <span class='ocr_line' id='line_1_18' title="bbox 340 1450 1835 1507; baseline -0.001 -13"><span class='ocrx_word' id='word_1_163' title='bbox 340 1452 402 1498; x_wconf 84' lang='grc' dir='ltr'>ὡς</span> <span class='ocrx_word' id='word_1_164' title='bbox 433 1451 609 1507; x_wconf 74' lang='grc' dir='ltr'><em>ἀληθῶς</em></span> <span class='ocrx_word' id='word_1_165' title='bbox 639 1455 739 1494; x_wconf 84' lang='grc' dir='ltr'><em>πᾶσι</em></span> <span class='ocrx_word' id='word_1_166' title='bbox 768 1456 853 1498; x_wconf 83' lang='grc' dir='ltr'><em>τοῖς</em></span> <span class='ocrx_word' id='word_1_167' title='bbox 883 1452 1120 1507; x_wconf 81' lang='grc' dir='ltr'><em>προφήταις</em></span> <span class='ocrx_word' id='word_1_168' title='bbox 1151 1450 1273 1498; x_wconf 83' lang='grc' dir='ltr'><em>οὗτος</em></span> <span class='ocrx_word' id='word_1_169' title='bbox 1300 1452 1324 1493; x_wconf 84' lang='grc' dir='ltr'>ὁ</span> <span class='ocrx_word' id='word_1_170' title='bbox 1346 1451 1535 1506; x_wconf 85' lang='grc' dir='ltr'><em>Γαβριὴλ</em></span> <span class='ocrx_word' id='word_1_171' title='bbox 1557 1452 1835 1506; x_wconf 83' lang='grc' dir='ltr'><em>ἕπιπέμπεται.</em></span> 
     </span>
    </p>
   </div>
   <div class='ocr_carea' id='block_1_3' title="bbox 340 1569 1836 1663">
    <p class='ocr_par' dir='ltr' id='par_1_3' title="bbox 340 1569 1836 1663">
     <span class='ocr_line' id='line_1_19' title="bbox 342 1569 1836 1615; baseline 0.001 -11"><span class='ocrx_word' id='word_1_172' title='bbox 342 1569 361 1604; x_wconf 93' lang='grc'>1</span> <span class='ocrx_word' id='word_1_173' title='bbox 394 1569 473 1615; x_wconf 81' lang='grc' dir='ltr'><em>περὶ</em></span> <span class='ocrx_word' id='word_1_174' title='bbox 505 1575 565 1605; x_wconf 83' lang='grc' dir='ltr'>τοῦ</span> <span class='ocrx_word' id='word_1_175' title='bbox 599 1570 688 1611; x_wconf 89' lang='lat' dir='ltr'>(om.</span> <span class='ocrx_word' id='word_1_176' title='bbox 717 1569 760 1613; x_wconf 89' lang='lat' dir='ltr'>C)</span> <span class='ocrx_word' id='word_1_177' title='bbox 792 1570 1013 1615; x_wconf 82' lang='grc' dir='ltr'><em>Μουχούμετ</em></span> <span class='ocrx_word' id='word_1_178' title='bbox 1044 1570 1104 1605; x_wconf 85' lang='grc' dir='ltr'><em>καὶ</em></span> <span class='ocrx_word' id='word_1_179' title='bbox 1135 1571 1232 1608; x_wconf 84' lang='grc' dir='ltr'><em>ὅπως</em></span> <span class='ocrx_word' id='word_1_180' title='bbox 1264 1570 1325 1606; x_wconf 83' lang='grc' dir='ltr'><em>καὶ</em></span> <span class='ocrx_word' id='word_1_181' title='bbox 1354 1571 1436 1605; x_wconf 88' lang='grc' dir='ltr'><em>πότε</em></span> <span class='ocrx_word' id='word_1_182' title='bbox 1469 1570 1517 1609; x_wconf 82' lang='grc' dir='ltr'><em>εἰς</em></span> <span class='ocrx_word' id='word_1_183' title='bbox 1547 1569 1606 1608; x_wconf 86' lang='grc' dir='ltr'>τὰς</span> <span class='ocrx_word' id='word_1_184' title='bbox 1634 1569 1836 1615; x_wconf 82' lang='grc' dir='ltr'><em>Ῥωμαϊκὰς</em></span> 
     </span>
     <span class='ocr_line' id='line_1_20' title="bbox 340 1617 1253 1663; baseline -0.001 -10"><span class='ocrx_word' id='word_1_185' title='bbox 340 1617 462 1663; x_wconf 85' lang='grc' dir='ltr'><em>χώρας</em></span> <span class='ocrx_word' id='word_1_186' title='bbox 487 1617 736 1663; x_wconf 76' lang='grc' dir='ltr'><em>ἕγκατῳκίσθη</em></span> <span class='ocrx_word' id='word_1_187' title='bbox 767 1617 840 1662; x_wconf 84' lang='lat' dir='ltr'>CE,</span> <span class='ocrx_word' id='word_1_188' title='bbox 865 1618 945 1663; x_wconf 84' lang='grc' dir='ltr'><em>περὶ</em></span> <span class='ocrx_word' id='word_1_189' title='bbox 970 1619 1196 1663; x_wconf 83' lang='grc' dir='ltr'><em>Σαρακηνῶν</em></span> <span class='ocrx_word' id='word_1_190' title='bbox 1222 1617 1253 1652; x_wconf 91' lang='grc' dir='ltr'>Β</span> 
     </span>
    </p>
   </div>
   <div class='ocr_carea' id='block_1_4' title="bbox 413 1736 1839 2212">
    <p class='ocr_par' dir='ltr' id='par_1_4' title="bbox 413 1736 1839 2212">
     <span class='ocr_line' id='line_1_21' title="bbox 414 1736 1838 1783; baseline 0 -11"><span class='ocrx_word' id='word_1_191' title='bbox 414 1737 434 1772; x_wconf 89' lang='grc'>1</span> <span class='ocrx_word' id='word_1_192' title='bbox 461 1736 704 1783; x_wconf 67' lang='grc' dir='ltr'><em>ὕποῙτρέφοντι</em></span> <span class='ocrx_word' id='word_1_193' title='bbox 733 1737 761 1773; x_wconf 85' lang='lat' dir='ltr'>C</span> <span class='ocrx_word' id='word_1_194' title='bbox 870 1743 931 1783; x_wconf 84' lang='grc' dir='ltr'>τῆς</span> <span class='ocrx_word' id='word_1_195' title='bbox 958 1748 1032 1773; x_wconf 88' lang='lat' dir='ltr'>om.</span> <span class='ocrx_word' id='word_1_196' title='bbox 1060 1738 1156 1783; x_wconf 82' lang='lat' dir='ltr'>Ewp</span> <span class='ocrx_word' id='word_1_197' title='bbox 1267 1738 1300 1772; x_wconf 89' lang='lat'>3.</span> <span class='ocrx_word' id='word_1_198' title='bbox 1326 1737 1349 1772; x_wconf 83' lang='grc'>4</span> <span class='ocrx_word' id='word_1_199' title='bbox 1374 1742 1444 1772; x_wconf 84' lang='grc' dir='ltr'>τῶν</span> <span class='ocrx_word' id='word_1_200' title='bbox 1469 1736 1534 1782; x_wconf 86' lang='grc' dir='ltr'>γὰρ</span> <span class='ocrx_word' id='word_1_201' title='bbox 1561 1757 1600 1762; x_wconf 89' lang='grc'><strong>-</strong></span> <span class='ocrx_word' id='word_1_202' title='bbox 1631 1741 1730 1773; x_wconf 83' lang='grc' dir='ltr'><em>τοῦτο</em></span> <span class='ocrx_word' id='word_1_203' title='bbox 1756 1751 1838 1783; x_wconf 82' lang='grc' dir='ltr'><em>κτη-</em></span> 
     </span>
     <span class='ocr_line' id='line_1_22' title="bbox 414 1785 1837 1830; baseline -0.001 -10"><span class='ocrx_word' id='word_1_204' title='bbox 414 1785 564 1830; x_wconf 87' lang='grc' dir='ltr'><em>σάμενος</em></span> <span class='ocrx_word' id='word_1_205' title='bbox 592 1796 666 1820; x_wconf 88' lang='lat' dir='ltr'>om.</span> <span class='ocrx_word' id='word_1_206' title='bbox 683 1785 713 1821; x_wconf 90' lang='lat' dir='ltr'>O</span> <span class='ocrx_word' id='word_1_207' title='bbox 800 1785 822 1821; x_wconf 80' lang='lat'>5</span> <span class='ocrx_word' id='word_1_208' title='bbox 848 1786 996 1830; x_wconf 85' lang='grc' dir='ltr'><em>πλουσίᾳ</em></span> <span class='ocrx_word' id='word_1_209' title='bbox 1014 1785 1107 1830; x_wconf 84' lang='grc' dir='ltr'><em>χήρᾳ</em></span> <span class='ocrx_word' id='word_1_210' title='bbox 1127 1785 1205 1829; x_wconf 81' lang='grc' dir='ltr'>ΑΕ,</span> <span class='ocrx_word' id='word_1_211' title='bbox 1232 1786 1404 1830; x_wconf 77' lang='grc' dir='ltr'><em>ὁμοφύλῳ</em></span> <span class='ocrx_word' id='word_1_212' title='bbox 1422 1786 1571 1830; x_wconf 80' lang='grc' dir='ltr'><em>πλουσίᾳ</em></span> <span class='ocrx_word' id='word_1_213' title='bbox 1588 1785 1682 1830; x_wconf 86' lang='grc' dir='ltr'><em>χήρᾳ</em></span> <span class='ocrx_word' id='word_1_214' title='bbox 1698 1785 1837 1830; x_wconf 83' lang='lat' dir='ltr'>(R)wp,</span> 
     </span>
     <span class='ocr_line' id='line_1_23' title="bbox 413 1832 1837 1878; baseline -0.001 -10"><span class='ocrx_word' id='word_1_215' title='bbox 413 1833 507 1878; x_wconf 81' lang='grc' dir='ltr'><em>χήρᾳ</em></span> <span class='ocrx_word' id='word_1_216' title='bbox 532 1833 707 1878; x_wconf 81' lang='grc' dir='ltr'><em>ὁμοφύλω</em></span> <span class='ocrx_word' id='word_1_217' title='bbox 732 1834 880 1868; x_wconf 83' lang='grc' dir='ltr'><em>πλουσία</em></span> <span class='ocrx_word' id='word_1_218' title='bbox 899 1833 934 1867; x_wconf 87' lang='lat' dir='ltr'>D</span> <span class='ocrx_word' id='word_1_219' title='bbox 1056 1834 1087 1868; x_wconf 80' lang='lat'>6.</span> <span class='ocrx_word' id='word_1_220' title='bbox 1117 1834 1161 1867; x_wconf 86' lang='lat'>10</span> <span class='ocrx_word' id='word_1_221' title='bbox 1186 1834 1292 1868; x_wconf 67' lang='grc' dir='ltr'><em>αὗτοῢ</em></span> <span class='ocrx_word' id='word_1_222' title='bbox 1311 1833 1345 1867; x_wconf 92' lang='lat' dir='ltr'>D</span> <span class='ocrx_word' id='word_1_223' title='bbox 1468 1834 1489 1868; x_wconf 85' lang='lat'>7</span> <span class='ocrx_word' id='word_1_224' title='bbox 1514 1833 1771 1878; x_wconf 82' lang='grc' dir='ltr'><em>προςβάλοντος</em></span> <span class='ocrx_word' id='word_1_225' title='bbox 1792 1832 1837 1876; x_wconf 88' lang='grc' dir='ltr'>Α,</span> 
     </span>
     <span class='ocr_line' id='line_1_24' title="bbox 413 1880 1836 1927; baseline 0 -11"><span class='ocrx_word' id='word_1_226' title='bbox 413 1881 688 1927; x_wconf 70' lang='grc' dir='ltr'><em>προς-βάλλοντος</em></span> <span class='ocrx_word' id='word_1_227' title='bbox 703 1881 813 1926; x_wconf 84' lang='lat' dir='ltr'>pr,</span> <span class='ocrx_word' id='word_1_228' title='bbox 838 1882 1094 1926; x_wconf 76' lang='grc' dir='ltr'><em>προςβαλόντος</em></span> <span class='ocrx_word' id='word_1_229' title='bbox 1108 1880 1164 1915; x_wconf 72' lang='lat' dir='ltr'>Di</span> <span class='ocrx_word' id='word_1_230' title='bbox 1236 1882 1373 1915; x_wconf 78' lang='grc' dir='ltr'><em>πίπτων</em></span> <span class='ocrx_word' id='word_1_231' title='bbox 1388 1880 1521 1926; x_wconf 68' lang='lat' dir='ltr'>Asswp</span> <span class='ocrx_word' id='word_1_232' title='bbox 1538 1880 1583 1916; x_wconf 82' lang='lat' dir='ltr'>G.</span> <span class='ocrx_word' id='word_1_233' title='bbox 1598 1880 1646 1916; x_wconf 88' lang='lat' dir='ltr'>M.</span> <span class='ocrx_word' id='word_1_234' title='bbox 1662 1892 1698 1926; x_wconf 84' lang='lat' dir='ltr'>p.</span> <span class='ocrx_word' id='word_1_235' title='bbox 1709 1881 1789 1925; x_wconf 71' lang='grc'><strong>592,</strong></span> <span class='ocrx_word' id='word_1_236' title='bbox 1805 1882 1836 1924; x_wconf 81' lang='grc'>7,</span> 
     </span>
     <span class='ocr_line' id='line_1_25' title="bbox 414 1927 1839 1975; baseline 0.001 -12"><span class='ocrx_word' id='word_1_237' title='bbox 414 1929 719 1975; x_wconf 84' lang='grc' dir='ltr'><em>καταβαλλόμενος</em></span> <span class='ocrx_word' id='word_1_238' title='bbox 746 1928 777 1964; x_wconf 94' lang='grc' dir='ltr'>Ο</span> <span class='ocrx_word' id='word_1_239' title='bbox 877 1929 922 1963; x_wconf 88' lang='grc'>10</span> <span class='ocrx_word' id='word_1_240' title='bbox 947 1928 985 1963; x_wconf 82' lang='grc' dir='ltr'>δὲ</span> <span class='ocrx_word' id='word_1_241' title='bbox 1012 1939 1086 1964; x_wconf 85' lang='lat' dir='ltr'>om.</span> <span class='ocrx_word' id='word_1_242' title='bbox 1115 1929 1145 1962; x_wconf 75' lang='lat' dir='ltr'>s)</span> <span class='ocrx_word' id='word_1_243' title='bbox 1245 1929 1287 1963; x_wconf 88' lang='lat'>11</span> <span class='ocrx_word' id='word_1_244' title='bbox 1316 1934 1376 1973; x_wconf 81' lang='grc' dir='ltr'>τῆς</span> <span class='ocrx_word' id='word_1_245' title='bbox 1401 1927 1629 1973; x_wconf 80' lang='grc' dir='ltr'><em>Βυζαντίδος]</em></span> <span class='ocrx_word' id='word_1_246' title='bbox 1657 1928 1745 1964; x_wconf 92' lang='lat' dir='ltr'>Noli</span> <span class='ocrx_word' id='word_1_247' title='bbox 1772 1929 1839 1964; x_wconf 80' lang='lat' dir='ltr'>ad-</span> 
     </span>
     <span class='ocr_line' id='line_1_26' title="bbox 417 1976 1839 2021; baseline -0.001 -9"><span class='ocrx_word' id='word_1_248' title='bbox 417 1977 513 2012; x_wconf 81' lang='lat' dir='ltr'>dere</span> <span class='ocrx_word' id='word_1_249' title='bbox 538 1977 591 2021; x_wconf 77' lang='grc' dir='ltr'>ἐκ,</span> <span class='ocrx_word' id='word_1_250' title='bbox 618 1987 655 2012; x_wconf 89' lang='lat' dir='ltr'>v.</span> <span class='ocrx_word' id='word_1_251' title='bbox 682 1977 779 2011; x_wconf 88' lang='lat' dir='ltr'>XIII</span> <span class='ocrx_word' id='word_1_252' title='bbox 807 1977 861 2020; x_wconf 81' lang='lat'>15,</span> <span class='ocrx_word' id='word_1_253' title='bbox 888 1976 920 2011; x_wconf 82' lang='grc'>4.</span> <span class='ocrx_word' id='word_1_254' title='bbox 949 1977 1005 2019; x_wconf 68' lang='grc' dir='ltr'>ΩΟ,</span> <span class='ocrx_word' id='word_1_255' title='bbox 1032 1977 1088 2011; x_wconf 79' lang='lat'>23.</span> <span class='ocrx_word' id='word_1_256' title='bbox 1115 1977 1206 2011; x_wconf 82' lang='lat' dir='ltr'>XIV</span> <span class='ocrx_word' id='word_1_257' title='bbox 1232 1977 1288 2015; x_wconf 76' lang='lat'>⁴25,</span> <span class='ocrx_word' id='word_1_258' title='bbox 1316 1977 1361 2011; x_wconf 78' lang='grc'>28</span> <span class='ocrx_word' id='word_1_259' title='bbox 1487 1977 1527 2011; x_wconf 78' lang='grc'>12</span> <span class='ocrx_word' id='word_1_260' title='bbox 1552 1982 1593 2021; x_wconf 79' lang='grc' dir='ltr'>τῇ</span> <span class='ocrx_word' id='word_1_261' title='bbox 1617 1976 1756 2021; x_wconf 81' lang='grc' dir='ltr'><em>γυναικὶ</em></span> <span class='ocrx_word' id='word_1_262' title='bbox 1781 1976 1839 2011; x_wconf 85' lang='grc' dir='ltr'>τὸν</span> 
     </span>
     <span class='ocr_line' id='line_1_27' title="bbox 417 2023 1839 2070; baseline 0.001 -12"><span class='ocrx_word' id='word_1_263' title='bbox 417 2036 492 2059; x_wconf 85' lang='lat' dir='ltr'>om.</span> <span class='ocrx_word' id='word_1_264' title='bbox 520 2025 550 2059; x_wconf 83' lang='lat' dir='ltr'>E</span> <span class='ocrx_word' id='word_1_265' title='bbox 662 2025 706 2060; x_wconf 87' lang='grc'>13</span> <span class='ocrx_word' id='word_1_266' title='bbox 732 2025 914 2070; x_wconf 82' lang='grc' dir='ltr'><em>ἀπόρρητα</em></span> <span class='ocrx_word' id='word_1_267' title='bbox 940 2024 1019 2068; x_wconf 79' lang='grc' dir='ltr'>ΑΕ,</span> <span class='ocrx_word' id='word_1_268' title='bbox 1046 2025 1127 2059; x_wconf 75' lang='grc' dir='ltr'><em>θεῖα</em></span> <span class='ocrx_word' id='word_1_269' title='bbox 1154 2023 1310 2068; x_wconf 66' lang='lat' dir='ltr'>prDi</span> <span class='ocrx_word' id='word_1_270' title='bbox 1419 2028 1508 2069; x_wconf 72' lang='lat' dir='ltr'>post</span> <span class='ocrx_word' id='word_1_271' title='bbox 1532 2030 1634 2068; x_wconf 85' lang='grc' dir='ltr'><em>μυεῖν</em></span> <span class='ocrx_word' id='word_1_272' title='bbox 1660 2024 1751 2059; x_wconf 77' lang='lat' dir='ltr'>add.</span> <span class='ocrx_word' id='word_1_273' title='bbox 1780 2024 1839 2059; x_wconf 85' lang='grc' dir='ltr'><em>καὶ</em></span> 
     </span>
     <span class='ocr_line' id='line_1_28' title="bbox 415 2070 1838 2118; baseline -0.001 -10"><span class='ocrx_word' id='word_1_274' title='bbox 415 2073 598 2118; x_wconf 83' lang='grc' dir='ltr'><em>ἀπόρρητα</em></span> <span class='ocrx_word' id='word_1_275' title='bbox 626 2070 782 2117; x_wconf 73' lang='lat' dir='ltr'>prDi</span> <span class='ocrx_word' id='word_1_276' title='bbox 881 2073 925 2107; x_wconf 77' lang='lat'>15</span> <span class='ocrx_word' id='word_1_277' title='bbox 951 2078 1201 2117; x_wconf 64' lang='grc' dir='ltr'><em>συμμαροῦντα</em></span> <span class='ocrx_word' id='word_1_278' title='bbox 1228 2073 1259 2106; x_wconf 81' lang='lat' dir='ltr'>E</span> <span class='ocrx_word' id='word_1_279' title='bbox 1370 2072 1414 2106; x_wconf 81' lang='grc'>16</span> <span class='ocrx_word' id='word_1_280' title='bbox 1441 2072 1501 2106; x_wconf 79' lang='grc' dir='ltr'><em>καὶ</em></span> <span class='ocrx_word' id='word_1_281' title='bbox 1527 2071 1584 2106; x_wconf 86' lang='grc' dir='ltr'>τὸν</span> <span class='ocrx_word' id='word_1_282' title='bbox 1609 2072 1727 2106; x_wconf 84' lang='grc' dir='ltr'><em>δόλιον</em></span> <span class='ocrx_word' id='word_1_283' title='bbox 1752 2071 1838 2107; x_wconf 81' lang='grc' dir='ltr'><em>ἐκεῖ·</em></span> 
     </span>
     <span class='ocr_line' id='line_1_29' title="bbox 415 2119 1839 2165; baseline -0.001 -9"><span class='ocrx_word' id='word_1_284' title='bbox 415 2134 476 2156; x_wconf 87' lang='grc' dir='ltr'>νον</span> <span class='ocrx_word' id='word_1_285' title='bbox 500 2120 558 2156; x_wconf 84' lang='grc' dir='ltr'>τὸν</span> <span class='ocrx_word' id='word_1_286' title='bbox 581 2120 738 2165; x_wconf 85' lang='grc' dir='ltr'><em>μοναχὸν</em></span> <span class='ocrx_word' id='word_1_287' title='bbox 763 2119 794 2154; x_wconf 92' lang='grc' dir='ltr'>Β</span> <span class='ocrx_word' id='word_1_288' title='bbox 895 2120 937 2155; x_wconf 85' lang='lat'>17</span> <span class='ocrx_word' id='word_1_289' title='bbox 963 2121 1063 2159; x_wconf 81' lang='grc' dir='ltr'><em>οὗτος</em></span> <span class='ocrx_word' id='word_1_290' title='bbox 1083 2120 1219 2165; x_wconf 82' lang='lat' dir='ltr'>Apr</span> <span class='ocrx_word' id='word_1_291' title='bbox 1247 2119 1293 2155; x_wconf 81' lang='lat' dir='ltr'>G.</span> <span class='ocrx_word' id='word_1_292' title='bbox 1312 2119 1360 2155; x_wconf 88' lang='lat' dir='ltr'>M.</span> <span class='ocrx_word' id='word_1_293' title='bbox 1388 2131 1424 2165; x_wconf 88' lang='lat' dir='ltr'>p.</span> <span class='ocrx_word' id='word_1_294' title='bbox 1440 2119 1520 2163; x_wconf 78' lang='grc'><strong>592,</strong></span> <span class='ocrx_word' id='word_1_295' title='bbox 1537 2119 1591 2164; x_wconf 89' lang='grc'>13,</span> <span class='ocrx_word' id='word_1_296' title='bbox 1619 2120 1731 2159; x_wconf 79' lang='grc' dir='ltr'><em>οὕτως</em></span> <span class='ocrx_word' id='word_1_297' title='bbox 1756 2130 1839 2154; x_wconf 84' lang='lat' dir='ltr'>mu-</span> 
     </span>
     <span class='ocr_line' id='line_1_30' title="bbox 416 2167 1013 2212; baseline 0.002 -9"><span class='ocrx_word' id='word_1_298' title='bbox 416 2171 545 2204; x_wconf 77' lang='lat' dir='ltr'>tatum</span> <span class='ocrx_word' id='word_1_299' title='bbox 571 2179 623 2203; x_wconf 79' lang='lat' dir='ltr'>ex</span> <span class='ocrx_word' id='word_1_300' title='bbox 649 2168 750 2207; x_wconf 86' lang='grc' dir='ltr'><em>οὗτος</em></span> <span class='ocrx_word' id='word_1_301' title='bbox 777 2168 819 2212; x_wconf 83' lang='grc' dir='ltr'>Β,</span> <span class='ocrx_word' id='word_1_302' title='bbox 845 2169 958 2207; x_wconf 78' lang='grc' dir='ltr'><em>οὕτως</em></span> <span class='ocrx_word' id='word_1_303' title='bbox 985 2167 1013 2204; x_wconf 90' lang='lat' dir='ltr'>C</span> 
     </span>
    </p>
   </div>
   <div class='ocr_carea' id='block_1_5' title="bbox 288 2285 1843 2953">
    <p class='ocr_par' dir='ltr' id='par_1_5' title="bbox 288 2285 1840 2429">
     <span class='ocr_line' id='line_1_31' title="bbox 288 2285 1839 2334; baseline -0.001 -11"><span class='ocrx_word' id='word_1_304' title='bbox 288 2285 331 2319; x_wconf 77' lang='lat'>12</span> <span class='ocrx_word' id='word_1_305' title='bbox 466 2287 513 2323; x_wconf 89' lang='lat' dir='ltr'>In</span> <span class='ocrx_word' id='word_1_306' title='bbox 540 2288 682 2324; x_wconf 87' lang='lat' dir='ltr'>eodem</span> <span class='ocrx_word' id='word_1_307' title='bbox 709 2288 819 2334; x_wconf 85' lang='lat' dir='ltr'>regis</span> <span class='ocrx_word' id='word_1_308' title='bbox 843 2288 1076 2333; x_wconf 86' lang='lat' dir='ltr'>triumphali</span> <span class='ocrx_word' id='word_1_309' title='bbox 1103 2297 1154 2323; x_wconf 81' lang='lat' dir='ltr'>ex</span> <span class='ocrx_word' id='word_1_310' title='bbox 1169 2287 1307 2323; x_wconf 88' lang='lat' dir='ltr'>Persia</span> <span class='ocrx_word' id='word_1_311' title='bbox 1333 2287 1466 2322; x_wconf 85' lang='lat' dir='ltr'>reditu</span> <span class='ocrx_word' id='word_1_312' title='bbox 1485 2297 1623 2332; x_wconf 76' lang='lat' dir='ltr'>regem</span> <span class='ocrx_word' id='word_1_313' title='bbox 1649 2288 1839 2322; x_wconf 79' lang='lat' dir='ltr'>convenit</span> 
     </span>
     <span class='ocr_line' id='line_1_32' title="bbox 345 2334 1840 2381; baseline -0.002 -10"><span class='ocrx_word' id='word_1_314' title='bbox 345 2335 580 2380; x_wconf 86' lang='lat' dir='ltr'>Moametus,</span> <span class='ocrx_word' id='word_1_315' title='bbox 615 2335 911 2372; x_wconf 85' lang='lat' dir='ltr'>Saracenorum</span> <span class='ocrx_word' id='word_1_316' title='bbox 937 2336 1136 2381; x_wconf 82' lang='lat' dir='ltr'>princeps,</span> <span class='ocrx_word' id='word_1_317' title='bbox 1174 2336 1238 2370; x_wconf 88' lang='lat' dir='ltr'>cui</span> <span class='ocrx_word' id='word_1_318' title='bbox 1266 2338 1351 2370; x_wconf 89' lang='lat' dir='ltr'>orto</span> <span class='ocrx_word' id='word_1_319' title='bbox 1392 2345 1443 2370; x_wconf 86' lang='lat' dir='ltr'>ex</span> <span class='ocrx_word' id='word_1_320' title='bbox 1481 2334 1633 2369; x_wconf 81' lang='lat' dir='ltr'>familia</span> <span class='ocrx_word' id='word_1_321' title='bbox 1671 2334 1840 2379; x_wconf 83' lang='lat' dir='ltr'>ignobili</span> 
     </span>
     <span class='ocr_line' id='line_1_33' title="bbox 345 2382 1840 2429; baseline -0.001 -11"><span class='ocrx_word' id='word_1_322' title='bbox 345 2384 596 2429; x_wconf 82' lang='lat' dir='ltr'><strong>principatus</strong></span> <span class='ocrx_word' id='word_1_323' title='bbox 623 2394 705 2418; x_wconf 89' lang='lat' dir='ltr'>non</span> <span class='ocrx_word' id='word_1_324' title='bbox 734 2394 784 2419; x_wconf 86' lang='lat' dir='ltr'>ex</span> <span class='ocrx_word' id='word_1_325' title='bbox 799 2383 1008 2418; x_wconf 81' lang='lat' dir='ltr'>nobilitate</span> <span class='ocrx_word' id='word_1_326' title='bbox 1027 2384 1199 2427; x_wconf 70' lang='lat' dir='ltr'>generis,</span> <span class='ocrx_word' id='word_1_327' title='bbox 1227 2383 1296 2418; x_wconf 88' lang='lat' dir='ltr'>sed</span> <span class='ocrx_word' id='word_1_328' title='bbox 1324 2393 1374 2417; x_wconf 83' lang='lat' dir='ltr'>ex</span> <span class='ocrx_word' id='word_1_329' title='bbox 1401 2383 1582 2427; x_wconf 83' lang='lat' dir='ltr'>nequitia</span> <span class='ocrx_word' id='word_1_330' title='bbox 1598 2382 1840 2426; x_wconf 76' lang='lat' dir='ltr'>contigerat3</span> 
     </span>
    </p>

    <p class='ocr_par' dir='ltr' id='par_1_6' title="bbox 289 2429 1842 2525">
     <span class='ocr_line' id='line_1_34' title="bbox 289 2429 1842 2477; baseline -0.001 -12"><span class='ocrx_word' id='word_1_331' title='bbox 289 2429 332 2465; x_wconf 90' lang='lat'>13</span> <span class='ocrx_word' id='word_1_332' title='bbox 345 2442 438 2466; x_wconf 85' lang='lat' dir='ltr'>nam</span> <span class='ocrx_word' id='word_1_333' title='bbox 467 2442 557 2466; x_wconf 81' lang='lat' dir='ltr'>cum</span> <span class='ocrx_word' id='word_1_334' title='bbox 583 2442 741 2477; x_wconf 79' lang='lat' dir='ltr'>pauper</span> <span class='ocrx_word' id='word_1_335' title='bbox 768 2435 884 2475; x_wconf 85' lang='lat' dir='ltr'>esset,</span> <span class='ocrx_word' id='word_1_336' title='bbox 912 2431 1101 2476; x_wconf 73' lang='lat' dir='ltr'>locupleti</span> <span class='ocrx_word' id='word_1_337' title='bbox 1129 2431 1288 2465; x_wconf 83' lang='lat' dir='ltr'>cuidam</span> <span class='ocrx_word' id='word_1_338' title='bbox 1315 2430 1465 2464; x_wconf 84' lang='lat' dir='ltr'>viduae</span> <span class='ocrx_word' id='word_1_339' title='bbox 1490 2429 1676 2464; x_wconf 85' lang='lat' dir='ltr'>mercede</span> <span class='ocrx_word' id='word_1_340' title='bbox 1695 2429 1842 2464; x_wconf 85' lang='lat' dir='ltr'>servie-</span> 
     </span>
     <span class='ocr_line' id='line_1_35' title="bbox 345 2477 1840 2525; baseline -0.002 -11"><span class='ocrx_word' id='word_1_341' title='bbox 345 2479 427 2523; x_wconf 85' lang='lat' dir='ltr'>bat,</span> <span class='ocrx_word' id='word_1_342' title='bbox 455 2489 575 2525; x_wconf 91' lang='lat' dir='ltr'>quam</span> <span class='ocrx_word' id='word_1_343' title='bbox 591 2479 821 2525; x_wconf 81' lang='lat' dir='ltr'>praestigiis</span> <span class='ocrx_word' id='word_1_344' title='bbox 848 2478 1090 2524; x_wconf 85' lang='lat' dir='ltr'>quibusdam</span> <span class='ocrx_word' id='word_1_345' title='bbox 1116 2479 1157 2512; x_wconf 89' lang='lat' dir='ltr'>in</span> <span class='ocrx_word' id='word_1_346' title='bbox 1174 2488 1350 2513; x_wconf 81' lang='lat' dir='ltr'>amorem</span> <span class='ocrx_word' id='word_1_347' title='bbox 1371 2478 1431 2512; x_wconf 86' lang='lat' dir='ltr'>sui</span> <span class='ocrx_word' id='word_1_348' title='bbox 1447 2477 1656 2523; x_wconf 77' lang='lat' dir='ltr'>pellectam</span> <span class='ocrx_word' id='word_1_349' title='bbox 1671 2487 1840 2512; x_wconf 80' lang='lat' dir='ltr'>uxorem</span> 
     </span>
    </p>

    <p class='ocr_par' dir='ltr' id='par_1_7' title="bbox 289 2524 1843 2620">
     <span class='ocr_line' id='line_1_36' title="bbox 289 2524 1842 2572; baseline -0.002 -11"><span class='ocrx_word' id='word_1_350' title='bbox 289 2525 333 2559; x_wconf 86' lang='lat'>14</span> <span class='ocrx_word' id='word_1_351' title='bbox 348 2526 474 2562; x_wconf 84' lang='lat' dir='ltr'>duxit.</span> <span class='ocrx_word' id='word_1_352' title='bbox 525 2525 605 2563; x_wconf 86' lang='lat' dir='ltr'>Sed</span> <span class='ocrx_word' id='word_1_353' title='bbox 633 2528 728 2572; x_wconf 87' lang='lat' dir='ltr'>quia</span> <span class='ocrx_word' id='word_1_354' title='bbox 755 2527 944 2562; x_wconf 83' lang='lat' dir='ltr'>comitiali</span> <span class='ocrx_word' id='word_1_355' title='bbox 970 2527 1111 2561; x_wconf 88' lang='lat' dir='ltr'>morbo</span> <span class='ocrx_word' id='word_1_356' title='bbox 1139 2525 1351 2560; x_wconf 77' lang='lat' dir='ltr'>laborabat</span> <span class='ocrx_word' id='word_1_357' title='bbox 1378 2528 1416 2559; x_wconf 85' lang='lat' dir='ltr'>et</span> <span class='ocrx_word' id='word_1_358' title='bbox 1449 2535 1499 2559; x_wconf 79' lang='lat' dir='ltr'>ex</span> <span class='ocrx_word' id='word_1_359' title='bbox 1526 2524 1748 2559; x_wconf 84' lang='lat' dir='ltr'>intervallis</span> <span class='ocrx_word' id='word_1_360' title='bbox 1774 2525 1842 2559; x_wconf 90' lang='lat' dir='ltr'>im-</span> 
     </span>
     <span class='ocr_line' id='line_1_37' title="bbox 347 2572 1843 2620; baseline -0.002 -11"><span class='ocrx_word' id='word_1_361' title='bbox 347 2578 444 2619; x_wconf 85' lang='lat' dir='ltr'>petu</span> <span class='ocrx_word' id='word_1_362' title='bbox 459 2574 564 2610; x_wconf 87' lang='lat' dir='ltr'>illius</span> <span class='ocrx_word' id='word_1_363' title='bbox 582 2575 676 2610; x_wconf 87' lang='lat' dir='ltr'>mali</span> <span class='ocrx_word' id='word_1_364' title='bbox 691 2577 916 2620; x_wconf 82' lang='lat' dir='ltr'>prostratus</span> <span class='ocrx_word' id='word_1_365' title='bbox 941 2577 1076 2609; x_wconf 85' lang='lat' dir='ltr'>mente</span> <span class='ocrx_word' id='word_1_366' title='bbox 1090 2573 1354 2616; x_wconf 76' lang='lat' dir='ltr'>alienabatur,</span> <span class='ocrx_word' id='word_1_367' title='bbox 1383 2573 1569 2607; x_wconf 86' lang='lat' dir='ltr'>dominae</span> <span class='ocrx_word' id='word_1_368' title='bbox 1597 2582 1694 2607; x_wconf 87' lang='lat' dir='ltr'>suae</span> <span class='ocrx_word' id='word_1_369' title='bbox 1708 2572 1843 2607; x_wconf 84' lang='lat' dir='ltr'>uxori-</span> 
     </span>
    </p>

    <p class='ocr_par' dir='ltr' id='par_1_8' title="bbox 289 2620 1842 2715">
     <span class='ocr_line' id='line_1_38' title="bbox 289 2620 1842 2668; baseline -0.001 -13"><span class='ocrx_word' id='word_1_370' title='bbox 289 2621 332 2656; x_wconf 87' lang='lat'>15</span> <span class='ocrx_word' id='word_1_371' title='bbox 348 2632 425 2667; x_wconf 87' lang='lat' dir='ltr'>que</span> <span class='ocrx_word' id='word_1_372' title='bbox 451 2626 490 2657; x_wconf 84' lang='lat' dir='ltr'>et</span> <span class='ocrx_word' id='word_1_373' title='bbox 515 2623 690 2658; x_wconf 88' lang='lat' dir='ltr'>maerori</span> <span class='ocrx_word' id='word_1_374' title='bbox 717 2626 756 2657; x_wconf 89' lang='lat' dir='ltr'>et</span> <span class='ocrx_word' id='word_1_375' title='bbox 782 2622 927 2668; x_wconf 88' lang='lat' dir='ltr'>pudori</span> <span class='ocrx_word' id='word_1_376' title='bbox 955 2625 1052 2656; x_wconf 84' lang='lat' dir='ltr'>erat.</span> <span class='ocrx_word' id='word_1_377' title='bbox 1104 2620 1289 2657; x_wconf 86' lang='lat' dir='ltr'>Ceterum</span> <span class='ocrx_word' id='word_1_378' title='bbox 1330 2621 1446 2655; x_wconf 87' lang='lat' dir='ltr'>homo</span> <span class='ocrx_word' id='word_1_379' title='bbox 1474 2620 1682 2665; x_wconf 84' lang='lat' dir='ltr'>improbus</span> <span class='ocrx_word' id='word_1_380' title='bbox 1707 2630 1842 2654; x_wconf 90' lang='lat' dir='ltr'>mona-</span> 
     </span>
     <span class='ocr_line' id='line_1_39' title="bbox 347 2666 1840 2715; baseline -0.001 -12"><span class='ocrx_word' id='word_1_381' title='bbox 347 2669 463 2704; x_wconf 87' lang='lat' dir='ltr'>chum</span> <span class='ocrx_word' id='word_1_382' title='bbox 507 2680 550 2705; x_wconf 87' lang='lat' dir='ltr'>se</span> <span class='ocrx_word' id='word_1_383' title='bbox 575 2671 813 2715; x_wconf 80' lang='lat' dir='ltr'>nequiorem</span> <span class='ocrx_word' id='word_1_384' title='bbox 852 2671 996 2704; x_wconf 84' lang='lat' dir='ltr'>nactus</span> <span class='ocrx_word' id='word_1_385' title='bbox 1034 2669 1085 2704; x_wconf 90' lang='lat' dir='ltr'>ob</span> <span class='ocrx_word' id='word_1_386' title='bbox 1111 2678 1345 2714; x_wconf 83' lang='lat' dir='ltr'>perversam</span> <span class='ocrx_word' id='word_1_387' title='bbox 1382 2668 1618 2713; x_wconf 78' lang='lat' dir='ltr'>religionem</span> <span class='ocrx_word' id='word_1_388' title='bbox 1645 2666 1840 2711; x_wconf 80' lang='lat' dir='ltr'>Byzantio</span> 
     </span>
    </p>

    <p class='ocr_par' dir='ltr' id='par_1_9' title="bbox 289 2714 1841 2858">
     <span class='ocr_line' id='line_1_40' title="bbox 289 2714 1839 2761; baseline -0.001 -11"><span class='ocrx_word' id='word_1_389' title='bbox 289 2716 332 2751; x_wconf 87' lang='grc'><strong>16</strong></span> <span class='ocrx_word' id='word_1_390' title='bbox 347 2721 547 2761; x_wconf 86' lang='lat' dir='ltr'>exactum,</span> <span class='ocrx_word' id='word_1_391' title='bbox 574 2718 679 2752; x_wconf 86' lang='lat' dir='ltr'>illius</span> <span class='ocrx_word' id='word_1_392' title='bbox 696 2718 890 2753; x_wconf 84' lang='lat' dir='ltr'>instinctu</span> <span class='ocrx_word' id='word_1_393' title='bbox 903 2717 1022 2751; x_wconf 83' lang='lat' dir='ltr'>uxori</span> <span class='ocrx_word' id='word_1_394' title='bbox 1042 2717 1098 2751; x_wconf 87' lang='lat' dir='ltr'>ait</span> <span class='ocrx_word' id='word_1_395' title='bbox 1111 2715 1399 2760; x_wconf 79' lang='lat' dir='ltr'>archangelum</span> <span class='ocrx_word' id='word_1_396' title='bbox 1416 2715 1644 2751; x_wconf 80' lang='lat' dir='ltr'>Gabrielem</span> <span class='ocrx_word' id='word_1_397' title='bbox 1664 2715 1713 2750; x_wconf 87' lang='lat' dir='ltr'>de</span> <span class='ocrx_word' id='word_1_398' title='bbox 1729 2714 1839 2749; x_wconf 82' lang='lat' dir='ltr'>caelo</span> 
     </span>
     <span class='ocr_line' id='line_1_41' title="bbox 347 2763 1841 2809; baseline -0.001 -11"><span class='ocrx_word' id='word_1_399' title='bbox 347 2764 399 2799; x_wconf 89' lang='lat' dir='ltr'>ad</span> <span class='ocrx_word' id='word_1_400' title='bbox 426 2775 468 2799; x_wconf 88' lang='lat' dir='ltr'>se</span> <span class='ocrx_word' id='word_1_401' title='bbox 496 2765 807 2801; x_wconf 82' lang='lat' dir='ltr'>descendentem</span> <span class='ocrx_word' id='word_1_402' title='bbox 847 2775 998 2800; x_wconf 87' lang='lat' dir='ltr'>arcana</span> <span class='ocrx_word' id='word_1_403' title='bbox 1026 2764 1227 2809; x_wconf 82' lang='lat' dir='ltr'>quaedam</span> <span class='ocrx_word' id='word_1_404' title='bbox 1266 2764 1340 2798; x_wconf 83' lang='lat' dir='ltr'>sibi</span> <span class='ocrx_word' id='word_1_405' title='bbox 1368 2763 1569 2807; x_wconf 84' lang='lat' dir='ltr'>revelare3</span> <span class='ocrx_word' id='word_1_406' title='bbox 1609 2763 1723 2797; x_wconf 83' lang='lat' dir='ltr'>cuius</span> <span class='ocrx_word' id='word_1_407' title='bbox 1750 2772 1841 2797; x_wconf 85' lang='lat' dir='ltr'>con-</span> 
     </span>
     <span class='ocr_line' id='line_1_42' title="bbox 347 2810 1840 2858; baseline -0.003 -11"><span class='ocrx_word' id='word_1_408' title='bbox 347 2814 526 2856; x_wconf 78' lang='lat' dir='ltr'>spectum</span> <span class='ocrx_word' id='word_1_409' title='bbox 555 2813 664 2858; x_wconf 90' lang='lat' dir='ltr'>quod</span> <span class='ocrx_word' id='word_1_410' title='bbox 683 2814 790 2848; x_wconf 90' lang='lat' dir='ltr'>ferre</span> <span class='ocrx_word' id='word_1_411' title='bbox 808 2823 890 2848; x_wconf 91' lang='lat' dir='ltr'>non</span> <span class='ocrx_word' id='word_1_412' title='bbox 910 2813 1045 2857; x_wconf 81' lang='lat' dir='ltr'>possit,</span> <span class='ocrx_word' id='word_1_413' title='bbox 1073 2822 1116 2847; x_wconf 83' lang='lat' dir='ltr'>se</span> <span class='ocrx_word' id='word_1_414' title='bbox 1143 2812 1286 2846; x_wconf 87' lang='lat' dir='ltr'>oborta</span> <span class='ocrx_word' id='word_1_415' title='bbox 1314 2822 1362 2846; x_wconf 83' lang='lat' dir='ltr'>ex</span> <span class='ocrx_word' id='word_1_416' title='bbox 1390 2814 1501 2846; x_wconf 88' lang='lat' dir='ltr'>metu</span> <span class='ocrx_word' id='word_1_417' title='bbox 1514 2810 1716 2855; x_wconf 85' lang='lat' dir='ltr'>vertigine</span> <span class='ocrx_word' id='word_1_418' title='bbox 1730 2810 1840 2843; x_wconf 86' lang='lat' dir='ltr'>humi</span> 
     </span>
    </p>

    <p class='ocr_par' dir='ltr' id='par_1_10' title="bbox 291 2858 1841 2953">
     <span class='ocr_line' id='line_1_43' title="bbox 291 2858 1840 2904; baseline -0.001 -12"><span class='ocrx_word' id='word_1_419' title='bbox 291 2859 332 2893; x_wconf 86' lang='lat'>17</span> <span class='ocrx_word' id='word_1_420' title='bbox 347 2860 625 2904; x_wconf 85' lang='lat' dir='ltr'>procumbere.</span> <span class='ocrx_word' id='word_1_421' title='bbox 675 2860 734 2895; x_wconf 85' lang='lat' dir='ltr'>Ea</span> <span class='ocrx_word' id='word_1_422' title='bbox 760 2860 887 2896; x_wconf 88' lang='lat' dir='ltr'>verba</span> <span class='ocrx_word' id='word_1_423' title='bbox 918 2860 1145 2895; x_wconf 84' lang='lat' dir='ltr'>testimonio</span> <span class='ocrx_word' id='word_1_424' title='bbox 1173 2858 1299 2894; x_wconf 86' lang='lat' dir='ltr'>dolosi</span> <span class='ocrx_word' id='word_1_425' title='bbox 1335 2859 1440 2893; x_wconf 84' lang='lat' dir='ltr'>illius</span> <span class='ocrx_word' id='word_1_426' title='bbox 1465 2858 1651 2893; x_wconf 88' lang='lat' dir='ltr'>monachi</span> <span class='ocrx_word' id='word_1_427' title='bbox 1678 2867 1840 2901; x_wconf 85' lang='lat' dir='ltr'>quoque</span> 
     </span>
     <span class='ocr_line' id='line_1_44' title="bbox 347 2904 1841 2953; baseline -0.001 -12"><span class='ocrx_word' id='word_1_428' title='bbox 347 2907 703 2951; x_wconf 82' lang='lat' dir='ltr'>confirmabantur,</span> <span class='ocrx_word' id='word_1_429' title='bbox 732 2908 800 2953; x_wconf 89' lang='lat' dir='ltr'>qui</span> <span class='ocrx_word' id='word_1_430' title='bbox 827 2907 983 2943; x_wconf 87' lang='lat' dir='ltr'>mulieri</span> <span class='ocrx_word' id='word_1_431' title='bbox 1012 2907 1172 2942; x_wconf 79' lang='lat' dir='ltr'>dicebat</span> <span class='ocrx_word' id='word_1_432' title='bbox 1209 2906 1370 2941; x_wconf 79' lang='lat' dir='ltr'>omnino</span> <span class='ocrx_word' id='word_1_433' title='bbox 1398 2906 1505 2941; x_wconf 87' lang='lat' dir='ltr'>hunc</span> <span class='ocrx_word' id='word_1_434' title='bbox 1532 2905 1760 2941; x_wconf 80' lang='lat' dir='ltr'>Gabrielem</span> <span class='ocrx_word' id='word_1_435' title='bbox 1788 2904 1841 2939; x_wconf 88' lang='lat' dir='ltr'>ad</span> 
     </span>
    </p>
   </div>
  </div>
 </body>
</html>
