<?xml version="1.0" encoding="UTF-8"?>
<!DOCTYPE html PUBLIC "-//W3C//DTD XHTML 1.0 Transitional//EN"
    "http://www.w3.org/TR/xhtml1/DTD/xhtml1-transitional.dtd">
<html xmlns="http://www.w3.org/1999/xhtml" xml:lang="en" lang="en">
 <head>
  <title>
</title>
<meta http-equiv="Content-Type" content="text/html;charset=utf-8" />
  <meta name='ocr-system' content='tesseract 3.04.00' />
  <meta name='ocr-capabilities' content='ocr_page ocr_carea ocr_par ocr_line ocrx_word'/>
</head>
<body>
  <div class='ocr_page' id='page_1' title='image "./corpusscriptorum31niebuoft_0048.png"; bbox 0 0 1968 3302; ppageno 0'>
   <div class='ocr_carea' id='block_1_1' title="bbox 335 184 1426 231">
    <p class='ocr_par' dir='ltr' id='par_1_1' title="bbox 335 184 1426 231">
     <span class='ocr_line' id='line_1_1' title="bbox 335 184 1426 231; baseline -0.002 -6"><span class='ocrx_word' id='word_1_1' title='bbox 335 190 380 225; x_wconf 73' lang='lat'>22</span> <span class='ocrx_word' id='word_1_2' title='bbox 726 186 906 226; x_wconf 90' lang='lat' dir='ltr'><strong>ZONAR.</strong></span> <span class='ocrx_word' id='word_1_3' title='bbox 934 187 1064 224; x_wconf 88' lang='lat' dir='ltr'>EPIT.</span> <span class='ocrx_word' id='word_1_4' title='bbox 1092 186 1188 223; x_wconf 90' lang='lat' dir='ltr'>XIII</span> <span class='ocrx_word' id='word_1_5' title='bbox 1213 184 1245 231; x_wconf 87' lang='lat'>4,</span> <span class='ocrx_word' id='word_1_6' title='bbox 1274 185 1426 223; x_wconf 81' lang='lat'><strong>12-22.</strong></span> 
     </span>
    </p>
   </div>
   <div class='ocr_carea' id='block_1_2' title="bbox 212 309 1894 1327">
    <p class='ocr_par' dir='ltr' id='par_1_2' title="bbox 212 309 1894 1327">
     <span class='ocr_line' id='line_1_2' title="bbox 220 309 1830 367; baseline -0.001 -12"><span class='ocrx_word' id='word_1_7' title='bbox 220 311 249 348; x_wconf 83' lang='lat' dir='ltr'>C</span> <span class='ocrx_word' id='word_1_8' title='bbox 276 311 321 347; x_wconf 72' lang='grc'>19</span> <span class='ocrx_word' id='word_1_9' title='bbox 335 313 406 355; x_wconf 83' lang='grc' dir='ltr'><em>καὶ</em></span> <span class='ocrx_word' id='word_1_10' title='bbox 437 312 539 367; x_wconf 88' lang='grc' dir='ltr'><em>μετά</em></span> <span class='ocrx_word' id='word_1_11' title='bbox 571 327 658 353; x_wconf 89' lang='grc' dir='ltr'><em>τινα</em></span> <span class='ocrx_word' id='word_1_12' title='bbox 690 312 794 366; x_wconf 83' lang='grc' dir='ltr'><em>λέγει</em></span> <span class='ocrx_word' id='word_1_13' title='bbox 825 314 971 352; x_wconf 83' lang='grc' dir='ltr'><em>τοῦτον</em></span> <span class='ocrx_word' id='word_1_14' title='bbox 1003 309 1156 352; x_wconf 84' lang='grc' dir='ltr'><em>ὡσανεὶ</em></span> <span class='ocrx_word' id='word_1_15' title='bbox 1186 313 1259 351; x_wconf 86' lang='grc' dir='ltr'><em>τοῦ</em></span> <span class='ocrx_word' id='word_1_16' title='bbox 1291 309 1450 364; x_wconf 84' lang='grc' dir='ltr'><em>πατρὸς</em></span> <span class='ocrx_word' id='word_1_17' title='bbox 1480 310 1721 366; x_wconf 80' lang='grc' dir='ltr'><em>ὑπάρχοντα</em></span> <span class='ocrx_word' id='word_1_18' title='bbox 1758 311 1830 354; x_wconf 85' lang='grc' dir='ltr'>δύ-</span> 
     </span>
     <span class='ocr_line' id='line_1_3' title="bbox 335 378 1832 436; baseline 0 -13"><span class='ocrx_word' id='word_1_19' title='bbox 335 398 459 436; x_wconf 89' lang='grc' dir='ltr'><em>ναμιν</em></span> <span class='ocrx_word' id='word_1_20' title='bbox 490 381 560 422; x_wconf 78' lang='grc' dir='ltr'><em>καὶ</em></span> <span class='ocrx_word' id='word_1_21' title='bbox 593 381 745 434; x_wconf 78' lang='grc' dir='ltr'><strong><em>σοφίαν</em></strong></span> <span class='ocrx_word' id='word_1_22' title='bbox 776 380 847 421; x_wconf 81' lang='grc' dir='ltr'><em>καὶ</em></span> <span class='ocrx_word' id='word_1_23' title='bbox 877 379 925 420; x_wconf 80' lang='grc' dir='ltr'><em>τὰ</em></span> <span class='ocrx_word' id='word_1_24' title='bbox 960 379 1165 432; x_wconf 76' lang='grc' dir='ltr'><em>δευτερεῖα</em></span> <span class='ocrx_word' id='word_1_25' title='bbox 1198 383 1269 433; x_wconf 75' lang='grc' dir='ltr'><em>τῆς</em></span> <span class='ocrx_word' id='word_1_26' title='bbox 1300 378 1405 420; x_wconf 82' lang='grc' dir='ltr'><em>κατὰ</em></span> <span class='ocrx_word' id='word_1_27' title='bbox 1435 380 1605 422; x_wconf 86' lang='grc' dir='ltr'><em>πάντων</em></span> <span class='ocrx_word' id='word_1_28' title='bbox 1626 381 1832 435; x_wconf 84' lang='grc' dir='ltr'><em>βασιλείας</em></span> 
     </span>
     <span class='ocr_line' id='line_1_4' title="bbox 277 445 1833 505; baseline 0 -13"><span class='ocrx_word' id='word_1_29' title='bbox 277 449 320 484; x_wconf 85' lang='grc'>13</span> <span class='ocrx_word' id='word_1_30' title='bbox 334 451 406 492; x_wconf 84' lang='grc' dir='ltr'><em>καὶ</em></span> <span class='ocrx_word' id='word_1_31' title='bbox 449 451 582 505; x_wconf 83' lang='grc' dir='ltr'><em>ἀρχῆς</em></span> <span class='ocrx_word' id='word_1_32' title='bbox 626 449 1012 504; x_wconf 58' lang='grc' dir='ltr'><em>ἒΙιιπεπιστευΙιιένον.</em></span> <span class='ocrx_word' id='word_1_33' title='bbox 1083 447 1154 488; x_wconf 79' lang='grc' dir='ltr'><em>καὶ</em></span> <span class='ocrx_word' id='word_1_34' title='bbox 1197 445 1322 494; x_wconf 80' lang='grc' dir='ltr'><em>αὖθις</em></span> <span class='ocrx_word' id='word_1_35' title='bbox 1363 445 1451 501; x_wconf 83' lang='grc' dir='ltr'><em>μετ’</em></span> <span class='ocrx_word' id='word_1_36' title='bbox 1493 449 1608 503; x_wconf 80' lang='grc' dir='ltr'><em>ὀλίγα</em></span> <span class='ocrx_word' id='word_1_37' title='bbox 1655 450 1727 491; x_wconf 82' lang='grc' dir='ltr'><em>καὶ</em></span> <span class='ocrx_word' id='word_1_38' title='bbox 1772 451 1833 492; x_wconf 88' lang='grc' dir='ltr'><em>ὅτι</em></span> 
     </span>
     <span class='ocr_line' id='line_1_5' title="bbox 335 516 1834 573; baseline 0 -13"><span class='ocrx_word' id='word_1_39' title='bbox 335 520 439 560; x_wconf 80' lang='grc' dir='ltr'><em>ἔστιν</em></span> <span class='ocrx_word' id='word_1_40' title='bbox 477 518 597 559; x_wconf 82' lang='grc' dir='ltr'><em>οὐσία</em></span> <span class='ocrx_word' id='word_1_41' title='bbox 635 534 692 563; x_wconf 84' lang='grc' dir='ltr'><em>τις</em></span> <span class='ocrx_word' id='word_1_42' title='bbox 730 516 993 571; x_wconf 78' lang='grc' dir='ltr'><em>προκόσμιος</em></span> <span class='ocrx_word' id='word_1_43' title='bbox 1031 517 1147 564; x_wconf 88' lang='grc' dir='ltr'><em>ζῶσα</em></span> <span class='ocrx_word' id='word_1_44' title='bbox 1186 516 1256 558; x_wconf 84' lang='grc' dir='ltr'><em>καὶ</em></span> <span class='ocrx_word' id='word_1_45' title='bbox 1294 517 1517 571; x_wconf 80' lang='grc' dir='ltr'><em>ὑφεστῶσα</em></span> <span class='ocrx_word' id='word_1_46' title='bbox 1555 519 1580 572; x_wconf 82' lang='grc' dir='ltr'>ἡ</span> <span class='ocrx_word' id='word_1_47' title='bbox 1613 523 1673 572; x_wconf 76' lang='grc' dir='ltr'><em>τῷ</em></span> <span class='ocrx_word' id='word_1_48' title='bbox 1709 518 1834 573; x_wconf 80' lang='grc' dir='ltr'><em>πατρὶ</em></span> 
     </span>
     <span class='ocr_line' id='line_1_6' title="bbox 334 584 1868 643; baseline 0 -14"><span class='ocrx_word' id='word_1_49' title='bbox 334 587 405 629; x_wconf 83' lang='grc' dir='ltr'><em>καὶ</em></span> <span class='ocrx_word' id='word_1_50' title='bbox 435 587 529 640; x_wconf 76' lang='grc' dir='ltr'>θεῷ</span> <span class='ocrx_word' id='word_1_51' title='bbox 559 589 646 627; x_wconf 89' lang='grc' dir='ltr'>τῶν</span> <span class='ocrx_word' id='word_1_52' title='bbox 678 585 790 627; x_wconf 83' lang='grc' dir='ltr'><em>ὅλων</em></span> <span class='ocrx_word' id='word_1_53' title='bbox 822 586 878 631; x_wconf 85' lang='grc' dir='ltr'>εἷς</span> <span class='ocrx_word' id='word_1_54' title='bbox 909 584 982 638; x_wconf 81' lang='grc' dir='ltr'>τὴν</span> <span class='ocrx_word' id='word_1_55' title='bbox 1013 588 1098 626; x_wconf 88' lang='grc' dir='ltr'>τῶν</span> <span class='ocrx_word' id='word_1_56' title='bbox 1124 588 1308 639; x_wconf 84' lang='grc' dir='ltr'><em>γενητῶν</em></span> <span class='ocrx_word' id='word_1_57' title='bbox 1330 586 1605 641; x_wconf 82' lang='grc' dir='ltr'><em>δημιουργίαν</em></span> <span class='ocrx_word' id='word_1_58' title='bbox 1625 588 1868 643; x_wconf 76' lang='grc' dir='ltr'><em>ὗπηρετη-ὖ</em></span> 
     </span>
     <span class='ocr_line' id='line_1_7' title="bbox 276 653 1834 711; baseline 0.001 -14"><span class='ocrx_word' id='word_1_59' title='bbox 276 654 321 690; x_wconf 84' lang='grc'>14</span> <span class='ocrx_word' id='word_1_60' title='bbox 335 657 507 710; x_wconf 83' lang='grc' dir='ltr'><em>σαμένη,</em></span> <span class='ocrx_word' id='word_1_61' title='bbox 546 654 617 696; x_wconf 80' lang='grc' dir='ltr'><em>καὶ</em></span> <span class='ocrx_word' id='word_1_62' title='bbox 648 654 672 696; x_wconf 86' lang='grc' dir='ltr'>ὁ</span> <span class='ocrx_word' id='word_1_63' title='bbox 703 653 917 708; x_wconf 83' lang='grc' dir='ltr'><em>Σολομὼν</em></span> <span class='ocrx_word' id='word_1_64' title='bbox 948 654 1053 707; x_wconf 87' lang='grc' dir='ltr'><em>λέγει</em></span> <span class='ocrx_word' id='word_1_65' title='bbox 1083 654 1306 708; x_wconf 80' lang='grc' dir='ltr'><em>προσώπῳ</em></span> <span class='ocrx_word' id='word_1_66' title='bbox 1336 659 1409 709; x_wconf 86' lang='grc' dir='ltr'><em>τῆς</em></span> <span class='ocrx_word' id='word_1_67' title='bbox 1439 659 1512 697; x_wconf 83' lang='grc' dir='ltr'><em>τοῦ</em></span> <span class='ocrx_word' id='word_1_68' title='bbox 1543 656 1649 698; x_wconf 85' lang='grc' dir='ltr'><em>θεοῦ</em></span> <span class='ocrx_word' id='word_1_69' title='bbox 1681 657 1834 711; x_wconf 82' lang='grc' dir='ltr'><em>σοφίας</em></span> 
     </span>
     <span class='ocr_line' id='line_1_8' title="bbox 276 721 1830 779; baseline 0 -13"><span class='ocrx_word' id='word_1_70' title='bbox 276 723 515 778; x_wconf 81' lang='grc' dir='ltr'>15“κύριος</span> <span class='ocrx_word' id='word_1_71' title='bbox 552 723 683 764; x_wconf 78' lang='grc' dir='ltr'><em>ἔκτισέ</em></span> <span class='ocrx_word' id='word_1_72' title='bbox 718 739 771 776; x_wconf 91' lang='grc' dir='ltr'>με</span> <span class='ocrx_word' id='word_1_73' title='bbox 811 721 946 776; x_wconf 82' lang='grc' dir='ltr'><em>ἀρχὴν</em></span> <span class='ocrx_word' id='word_1_74' title='bbox 983 722 1100 764; x_wconf 88' lang='grc' dir='ltr'><em>ὁδῶν</em></span> <span class='ocrx_word' id='word_1_75' title='bbox 1139 723 1303 764; x_wconf 80' lang='grc' dir='ltr'><em>αὖτοῦ”</em></span> <span class='ocrx_word' id='word_1_76' title='bbox 1340 724 1410 765; x_wconf 80' lang='grc' dir='ltr'><em>καὶ</em></span> <span class='ocrx_word' id='word_1_77' title='bbox 1448 725 1556 779; x_wconf 77' lang='grc' dir='ltr'>ἑξῆς.</span> <span class='ocrx_word' id='word_1_78' title='bbox 1619 725 1690 766; x_wconf 82' lang='grc' dir='ltr'><em>καὶ</em></span> <span class='ocrx_word' id='word_1_79' title='bbox 1731 721 1830 779; x_wconf 81' lang='grc' dir='ltr'><em>μεθ’</em></span> 
     </span>
     <span class='ocr_line' id='line_1_9' title="bbox 335 790 1834 847; baseline 0.001 -13"><span class='ocrx_word' id='word_1_80' title='bbox 335 794 452 846; x_wconf 74' lang='grc' dir='ltr'><em>ἔτερα</em></span> <span class='ocrx_word' id='word_1_81' title='bbox 484 792 652 833; x_wconf 84' lang='grc' dir='ltr'><em>πλείονα</em></span> <span class='ocrx_word' id='word_1_82' title='bbox 685 791 836 845; x_wconf 79' lang='grc' dir='ltr'><em>φάσκει</em></span> <span class='ocrx_word' id='word_1_83' title='bbox 867 790 975 832; x_wconf 67' lang='lat' dir='ltr'>“nal</span> <span class='ocrx_word' id='word_1_84' title='bbox 1007 791 1072 832; x_wconf 76' lang='grc' dir='ltr'>ἐπὶ</span> <span class='ocrx_word' id='word_1_85' title='bbox 1110 794 1210 833; x_wconf 85' lang='grc' dir='ltr'><em>πᾶσι</em></span> <span class='ocrx_word' id='word_1_86' title='bbox 1247 792 1417 846; x_wconf 83' lang='grc' dir='ltr'><em>τούτοις,</em></span> <span class='ocrx_word' id='word_1_87' title='bbox 1459 793 1526 834; x_wconf 84' lang='grc' dir='ltr'><em>οἶα</em></span> <span class='ocrx_word' id='word_1_88' title='bbox 1565 794 1671 835; x_wconf 84' lang='grc' dir='ltr'><em>θεοῦ</em></span> <span class='ocrx_word' id='word_1_89' title='bbox 1708 793 1834 847; x_wconf 87' lang='grc' dir='ltr'><em>λόγον</em></span> 
     </span>
     <span class='ocr_line' id='line_1_10' title="bbox 334 859 1835 917; baseline 0.001 -15"><span class='ocrx_word' id='word_1_90' title='bbox 334 860 518 915; x_wconf 87' lang='grc' dir='ltr'><em>προόντα</em></span> <span class='ocrx_word' id='word_1_91' title='bbox 550 859 621 901; x_wconf 83' lang='grc' dir='ltr'><em>καὶ</em></span> <span class='ocrx_word' id='word_1_92' title='bbox 651 859 736 913; x_wconf 87' lang='grc' dir='ltr'>πρὸ</span> <span class='ocrx_word' id='word_1_93' title='bbox 769 860 940 901; x_wconf 84' lang='grc' dir='ltr'><em>αἰώνων</em></span> <span class='ocrx_word' id='word_1_94' title='bbox 972 859 1170 902; x_wconf 79' lang='grc' dir='ltr'><em>ἁπάντων</em></span> <span class='ocrx_word' id='word_1_95' title='bbox 1202 861 1475 915; x_wconf 80' lang='grc' dir='ltr'><em>οὐσιωμένον,</em></span> <span class='ocrx_word' id='word_1_96' title='bbox 1508 862 1582 916; x_wconf 88' lang='grc' dir='ltr'>τὴν</span> <span class='ocrx_word' id='word_1_97' title='bbox 1607 862 1835 917; x_wconf 85' lang='grc' dir='ltr'><em>σεβάσμιον</em></span> 
     </span>
     <span class='ocr_line' id='line_1_11' title="bbox 333 927 1894 984; baseline -0.001 -13"><span class='ocrx_word' id='word_1_98' title='bbox 333 929 454 984; x_wconf 86' lang='grc' dir='ltr'><em>τιμὴν</em></span> <span class='ocrx_word' id='word_1_99' title='bbox 485 927 601 982; x_wconf 86' lang='grc' dir='ltr'><em>παρὰ</em></span> <span class='ocrx_word' id='word_1_100' title='bbox 632 932 706 970; x_wconf 78' lang='grc' dir='ltr'><em>τοῦ</em></span> <span class='ocrx_word' id='word_1_101' title='bbox 737 927 896 982; x_wconf 84' lang='grc' dir='ltr'><em>πατρὸς</em></span> <span class='ocrx_word' id='word_1_102' title='bbox 927 928 1138 983; x_wconf 78' lang='grc' dir='ltr'><em>εἰληφότα,</em></span> <span class='ocrx_word' id='word_1_103' title='bbox 1170 931 1499 982; x_wconf 73' lang='grc' dir='ltr'><em>προσκυνεῖσθαι</em></span> <span class='ocrx_word' id='word_1_104' title='bbox 1531 931 1593 977; x_wconf 81' lang='grc' dir='ltr'>ὡς</span> <span class='ocrx_word' id='word_1_105' title='bbox 1621 932 1673 972; x_wconf 81' lang='grc' dir='ltr'><em>ἂν</em></span> <span class='ocrx_word' id='word_1_106' title='bbox 1693 930 1832 972; x_wconf 81' lang='grc' dir='ltr'><em>θεόν.”</em></span> <span class='ocrx_word' id='word_1_107' title='bbox 1850 935 1894 970; x_wconf 89' lang='grc'>10</span> 
     </span>
     <span class='ocr_line' id='line_1_12' title="bbox 212 996 1833 1053; baseline 0.001 -14"><span class='ocrx_word' id='word_1_108' title='bbox 212 997 247 1033; x_wconf 86' lang='lat' dir='ltr'>D</span> <span class='ocrx_word' id='word_1_109' title='bbox 277 998 320 1033; x_wconf 87' lang='grc'>16</span> <span class='ocrx_word' id='word_1_110' title='bbox 334 1002 460 1039; x_wconf 82' lang='grc' dir='ltr'><em>ταῦτα</em></span> <span class='ocrx_word' id='word_1_111' title='bbox 499 996 570 1038; x_wconf 85' lang='grc' dir='ltr'><em>καὶ</em></span> <span class='ocrx_word' id='word_1_112' title='bbox 610 997 727 1051; x_wconf 77' lang='grc' dir='ltr'><em>ἕτερα</em></span> <span class='ocrx_word' id='word_1_113' title='bbox 765 1001 849 1043; x_wconf 85' lang='grc' dir='ltr'><em>τοῖς</em></span> <span class='ocrx_word' id='word_1_114' title='bbox 887 997 1162 1051; x_wconf 85' lang='grc' dir='ltr'><em>ἀρειανίζουσι</em></span> <span class='ocrx_word' id='word_1_115' title='bbox 1204 998 1382 1052; x_wconf 82' lang='grc' dir='ltr'><em>δόγμασι</em></span> <span class='ocrx_word' id='word_1_116' title='bbox 1427 999 1684 1041; x_wconf 80' lang='grc' dir='ltr'><em>δεικνύουσιν</em></span> <span class='ocrx_word' id='word_1_117' title='bbox 1728 999 1833 1053; x_wconf 83' lang='grc' dir='ltr'><em>ὁμό-</em></span> 
     </span>
     <span class='ocr_line' id='line_1_13' title="bbox 335 1065 1835 1123; baseline 0.001 -15"><span class='ocrx_word' id='word_1_118' title='bbox 335 1082 474 1121; x_wconf 89' lang='grc' dir='ltr'><em>φρονα</em></span> <span class='ocrx_word' id='word_1_119' title='bbox 503 1065 575 1108; x_wconf 86' lang='grc' dir='ltr'>τὸν</span> <span class='ocrx_word' id='word_1_120' title='bbox 596 1065 816 1121; x_wconf 79' lang='grc' dir='ltr'><em>Εὐσέβιον,</em></span> <span class='ocrx_word' id='word_1_121' title='bbox 850 1067 887 1107; x_wconf 84' lang='grc' dir='ltr'>εἰ</span> <span class='ocrx_word' id='word_1_122' title='bbox 913 1067 974 1121; x_wconf 89' lang='grc' dir='ltr'>μή</span> <span class='ocrx_word' id='word_1_123' title='bbox 1007 1082 1065 1112; x_wconf 87' lang='grc' dir='ltr'><em>τις</em></span> <span class='ocrx_word' id='word_1_124' title='bbox 1097 1067 1200 1121; x_wconf 91' lang='grc' dir='ltr'><em>φαίη</em></span> <span class='ocrx_word' id='word_1_125' title='bbox 1233 1067 1318 1121; x_wconf 83' lang='grc' dir='ltr'>πρὸ</span> <span class='ocrx_word' id='word_1_126' title='bbox 1349 1072 1421 1122; x_wconf 84' lang='grc' dir='ltr'><em>τῆς</em></span> <span class='ocrx_word' id='word_1_127' title='bbox 1443 1068 1696 1123; x_wconf 79' lang='grc' dir='ltr'><em>ἐπιστροφῆς</em></span> <span class='ocrx_word' id='word_1_128' title='bbox 1717 1068 1835 1122; x_wconf 78' lang='grc' dir='ltr'><em>αὖτῷ</em></span> 
     </span>
     <span class='ocr_line' id='line_1_14' title="bbox 276 1134 1834 1191; baseline 0 -13"><span class='ocrx_word' id='word_1_129' title='bbox 276 1135 319 1171; x_wconf 81' lang='grc'>17</span> <span class='ocrx_word' id='word_1_130' title='bbox 333 1136 573 1191; x_wconf 89' lang='grc' dir='ltr'><em>πονηθῆναι</em></span> <span class='ocrx_word' id='word_1_131' title='bbox 603 1135 765 1177; x_wconf 86' lang='grc' dir='ltr'><em>τούτων</em></span> <span class='ocrx_word' id='word_1_132' title='bbox 795 1134 870 1189; x_wconf 82' lang='grc' dir='ltr'>τὴν</span> <span class='ocrx_word' id='word_1_133' title='bbox 902 1136 1161 1189; x_wconf 85' lang='grc' dir='ltr'><em>συγγραφήν.</em></span> <span class='ocrx_word' id='word_1_134' title='bbox 1224 1136 1391 1190; x_wconf 80' lang='grc' dir='ltr'><em>εὕρηται</em></span> <span class='ocrx_word' id='word_1_135' title='bbox 1430 1136 1509 1190; x_wconf 78' lang='grc' dir='ltr'>γόιρ</span> <span class='ocrx_word' id='word_1_136' title='bbox 1548 1137 1591 1178; x_wconf 80' lang='grc' dir='ltr'><em>ἓν</em></span> <span class='ocrx_word' id='word_1_137' title='bbox 1627 1141 1689 1191; x_wconf 76' lang='grc' dir='ltr'><em>τῷ</em></span> <span class='ocrx_word' id='word_1_138' title='bbox 1724 1152 1834 1190; x_wconf 94' lang='grc' dir='ltr'><em>πρα-</em></span> 
     </span>
     <span class='ocr_line' id='line_1_15' title="bbox 334 1203 1833 1259; baseline 0 -12"><span class='ocrx_word' id='word_1_139' title='bbox 334 1210 467 1259; x_wconf 77' lang='grc' dir='ltr'><em>κτικῷ</em></span> <span class='ocrx_word' id='word_1_140' title='bbox 497 1208 569 1259; x_wconf 85' lang='grc' dir='ltr'><em>τῆς</em></span> <span class='ocrx_word' id='word_1_141' title='bbox 605 1204 778 1258; x_wconf 86' lang='grc' dir='ltr'><em>πρώτης</em></span> <span class='ocrx_word' id='word_1_142' title='bbox 810 1203 992 1245; x_wconf 79' lang='grc' dir='ltr'><em>συνόδου</em></span> <span class='ocrx_word' id='word_1_143' title='bbox 1030 1204 1292 1258; x_wconf 80' lang='grc' dir='ltr'><em>ὑπερμαχῶν</em></span> <span class='ocrx_word' id='word_1_144' title='bbox 1329 1209 1402 1246; x_wconf 84' lang='grc' dir='ltr'><em>τοῦ</em></span> <span class='ocrx_word' id='word_1_145' title='bbox 1442 1205 1579 1259; x_wconf 83' lang='grc' dir='ltr'><em>ὀρθοῦ</em></span> <span class='ocrx_word' id='word_1_146' title='bbox 1613 1205 1833 1259; x_wconf 86' lang='grc' dir='ltr'><em>δόγματος.</em></span> 
     </span>
     <span class='ocr_line' id='line_1_16' title="bbox 277 1271 1894 1327; baseline 0.001 -12"><span class='ocrx_word' id='word_1_147' title='bbox 277 1274 321 1308; x_wconf 82' lang='grc'>18</span> <span class='ocrx_word' id='word_1_148' title='bbox 448 1272 510 1314; x_wconf 79' lang='lat' dir='ltr'>‘H</span> <span class='ocrx_word' id='word_1_149' title='bbox 534 1272 612 1327; x_wconf 84' lang='grc' dir='ltr'><em>μὲν</em></span> <span class='ocrx_word' id='word_1_150' title='bbox 644 1271 720 1314; x_wconf 82' lang='grc' dir='ltr'><em>οὗν</em></span> <span class='ocrx_word' id='word_1_151' title='bbox 752 1272 846 1326; x_wconf 80' lang='grc' dir='ltr'><em>ἁγία</em></span> <span class='ocrx_word' id='word_1_152' title='bbox 880 1271 1059 1319; x_wconf 86' lang='grc' dir='ltr'><em>σύνοδος</em></span> <span class='ocrx_word' id='word_1_153' title='bbox 1089 1272 1136 1314; x_wconf 88' lang='grc' dir='ltr'><em>τὸ</em></span> <span class='ocrx_word' id='word_1_154' title='bbox 1168 1272 1397 1327; x_wconf 85' lang='grc' dir='ltr'><em>ὁμοούσιον</em></span> <span class='ocrx_word' id='word_1_155' title='bbox 1427 1274 1498 1316; x_wconf 83' lang='grc' dir='ltr'><em>καὶ</em></span> <span class='ocrx_word' id='word_1_156' title='bbox 1529 1273 1740 1316; x_wconf 83' lang='grc' dir='ltr'><em>συναΐδιον</em></span> <span class='ocrx_word' id='word_1_157' title='bbox 1770 1273 1835 1316; x_wconf 78' lang='grc' dir='ltr'>ἐπὶ</span> <span class='ocrx_word' id='word_1_158' title='bbox 1850 1276 1894 1313; x_wconf 80' lang='grc'>15</span> 
     </span>
    </p>
   </div>
   <div class='ocr_carea' id='block_1_3' title="bbox 338 1411 994 1458">
    <p class='ocr_par' dir='ltr' id='par_1_3' title="bbox 338 1411 994 1458">
     <span class='ocr_line' id='line_1_17' title="bbox 338 1411 994 1458; baseline -0.003 -9"><span class='ocrx_word' id='word_1_159' title='bbox 338 1413 381 1449; x_wconf 78' lang='grc'>15</span> <span class='ocrx_word' id='word_1_160' title='bbox 405 1412 486 1458; x_wconf 80' lang='grc' dir='ltr'><em>περὶ</em></span> <span class='ocrx_word' id='word_1_161' title='bbox 510 1417 572 1448; x_wconf 85' lang='grc' dir='ltr'><em>τοῦ</em></span> <span class='ocrx_word' id='word_1_162' title='bbox 598 1412 699 1458; x_wconf 84' lang='grc' dir='ltr'><em>ἁγίου</em></span> <span class='ocrx_word' id='word_1_163' title='bbox 726 1412 903 1457; x_wconf 87' lang='grc' dir='ltr'><em>συμβόλου</em></span> <span class='ocrx_word' id='word_1_164' title='bbox 932 1411 994 1447; x_wconf 87' lang='lat' dir='ltr'>CE</span> 
     </span>
    </p>
   </div>
   <div class='ocr_carea' id='block_1_4' title="bbox 408 1540 1838 2066">
    <p class='ocr_par' dir='ltr' id='par_1_4' title="bbox 408 1540 1838 2066">
     <span class='ocr_line' id='line_1_18' title="bbox 410 1540 1836 1586; baseline 0.001 -10"><span class='ocrx_word' id='word_1_165' title='bbox 410 1541 428 1576; x_wconf 90' lang='lat'>1</span> <span class='ocrx_word' id='word_1_166' title='bbox 455 1541 557 1586; x_wconf 87' lang='grc' dir='ltr'><em>λέγει]</em></span> <span class='ocrx_word' id='word_1_167' title='bbox 585 1541 642 1576; x_wconf 90' lang='lat' dir='ltr'>Ib.</span> <span class='ocrx_word' id='word_1_168' title='bbox 670 1540 688 1575; x_wconf 88' lang='lat' dir='ltr'>I</span> <span class='ocrx_word' id='word_1_169' title='bbox 714 1541 746 1585; x_wconf 82' lang='grc'>2,</span> <span class='ocrx_word' id='word_1_170' title='bbox 775 1540 818 1575; x_wconf 98' lang='grc'>11</span> <span class='ocrx_word' id='word_1_171' title='bbox 925 1541 956 1577; x_wconf 91' lang='grc'>1.</span> <span class='ocrx_word' id='word_1_172' title='bbox 984 1541 1006 1576; x_wconf 83' lang='grc'><strong>2</strong></span> <span class='ocrx_word' id='word_1_173' title='bbox 1031 1541 1290 1586; x_wconf 79' lang='grc' dir='ltr'><em>ὑπάρχοντα-</em></span> <span class='ocrx_word' id='word_1_174' title='bbox 1307 1543 1435 1586; x_wconf 88' lang='grc' dir='ltr'><em>σοφίαν</em></span> <span class='ocrx_word' id='word_1_175' title='bbox 1461 1542 1521 1577; x_wconf 87' lang='grc' dir='ltr'><em>καὶ</em></span> <span class='ocrx_word' id='word_1_176' title='bbox 1548 1552 1638 1577; x_wconf 81' lang='lat' dir='ltr'>cum</span> <span class='ocrx_word' id='word_1_177' title='bbox 1666 1542 1836 1578; x_wconf 71' lang='lat' dir='ltr'>deterio-</span> 
     </span>
     <span class='ocr_line' id='line_1_19' title="bbox 409 1589 1836 1636; baseline 0 -11"><span class='ocrx_word' id='word_1_178' title='bbox 409 1590 522 1625; x_wconf 84' lang='lat' dir='ltr'>ribus</span> <span class='ocrx_word' id='word_1_179' title='bbox 548 1589 713 1624; x_wconf 88' lang='lat' dir='ltr'>Eusebii</span> <span class='ocrx_word' id='word_1_180' title='bbox 741 1589 949 1624; x_wconf 79' lang='lat' dir='ltr'>codicibus</span> <span class='ocrx_word' id='word_1_181' title='bbox 977 1591 1029 1631; x_wconf 90' lang='lat' dir='ltr'>(v.</span> <span class='ocrx_word' id='word_1_182' title='bbox 1056 1600 1148 1624; x_wconf 86' lang='lat' dir='ltr'>ann.</span> <span class='ocrx_word' id='word_1_183' title='bbox 1177 1600 1229 1624; x_wconf 82' lang='lat' dir='ltr'>cr.</span> <span class='ocrx_word' id='word_1_184' title='bbox 1256 1590 1299 1624; x_wconf 87' lang='lat'>41</span> <span class='ocrx_word' id='word_1_185' title='bbox 1329 1589 1583 1631; x_wconf 83' lang='lat' dir='ltr'>Heinicheni)</span> <span class='ocrx_word' id='word_1_186' title='bbox 1728 1590 1751 1625; x_wconf 82' lang='lat'>2</span> <span class='ocrx_word' id='word_1_187' title='bbox 1776 1595 1836 1636; x_wconf 78' lang='grc' dir='ltr'>τῆς</span> 
     </span>
     <span class='ocr_line' id='line_1_20' title="bbox 410 1636 1838 1682; baseline 0.001 -9"><span class='ocrx_word' id='word_1_188' title='bbox 410 1648 485 1673; x_wconf 89' lang='lat' dir='ltr'>om.</span> <span class='ocrx_word' id='word_1_189' title='bbox 512 1636 548 1671; x_wconf 92' lang='lat' dir='ltr'>D</span> <span class='ocrx_word' id='word_1_190' title='bbox 679 1637 701 1672; x_wconf 85' lang='lat'><strong>3</strong></span> <span class='ocrx_word' id='word_1_191' title='bbox 727 1651 761 1672; x_wconf 87' lang='grc' dir='ltr'>τε</span> <span class='ocrx_word' id='word_1_192' title='bbox 787 1636 848 1672; x_wconf 79' lang='grc' dir='ltr'><em>καὶ</em></span> <span class='ocrx_word' id='word_1_193' title='bbox 876 1637 956 1681; x_wconf 81' lang='grc' dir='ltr'>ἀρχ.</span> <span class='ocrx_word' id='word_1_194' title='bbox 982 1637 1128 1673; x_wconf 83' lang='lat' dir='ltr'>Euseb.</span> <span class='ocrx_word' id='word_1_195' title='bbox 1250 1637 1368 1682; x_wconf 80' lang='grc' dir='ltr'><em>αὖθις]</em></span> <span class='ocrx_word' id='word_1_196' title='bbox 1397 1637 1454 1673; x_wconf 88' lang='lat' dir='ltr'>Ib.</span> <span class='ocrx_word' id='word_1_197' title='bbox 1481 1637 1500 1672; x_wconf 91' lang='lat' dir='ltr'>I</span> <span class='ocrx_word' id='word_1_198' title='bbox 1525 1637 1557 1682; x_wconf 76' lang='lat'>2,</span> <span class='ocrx_word' id='word_1_199' title='bbox 1586 1637 1630 1672; x_wconf 88' lang='grc'>14</span> <span class='ocrx_word' id='word_1_200' title='bbox 1751 1638 1775 1673; x_wconf 89' lang='grc'>4</span> <span class='ocrx_word' id='word_1_201' title='bbox 1799 1639 1838 1682; x_wconf 86' lang='grc' dir='ltr'><em>γέ</em></span> 
     </span>
     <span class='ocr_line' id='line_1_21' title="bbox 408 1684 1835 1731; baseline 0 -11"><span class='ocrx_word' id='word_1_202' title='bbox 408 1686 500 1721; x_wconf 81' lang='grc' dir='ltr'><em>ἔστιν</em></span> <span class='ocrx_word' id='word_1_203' title='bbox 524 1685 670 1720; x_wconf 76' lang='lat' dir='ltr'>Euseb.</span> <span class='ocrx_word' id='word_1_204' title='bbox 792 1684 883 1720; x_wconf 76' lang='grc' dir='ltr'><em>ἐστὶν</em></span> <span class='ocrx_word' id='word_1_205' title='bbox 909 1684 1068 1730; x_wconf 82' lang='lat' dir='ltr'>prDi</span> <span class='ocrx_word' id='word_1_206' title='bbox 1186 1685 1428 1730; x_wconf 83' lang='grc' dir='ltr'><em>πρόσκόσμιος</em></span> <span class='ocrx_word' id='word_1_207' title='bbox 1453 1684 1499 1728; x_wconf 88' lang='lat' dir='ltr'>A,</span> <span class='ocrx_word' id='word_1_208' title='bbox 1525 1687 1762 1731; x_wconf 86' lang='grc' dir='ltr'><em>προςκόσμιος</em></span> <span class='ocrx_word' id='word_1_209' title='bbox 1787 1686 1835 1729; x_wconf 87' lang='lat' dir='ltr'>D,</span> 
     </span>
     <span class='ocr_line' id='line_1_22' title="bbox 410 1732 1837 1779; baseline 0.001 -11"><span class='ocrx_word' id='word_1_210' title='bbox 410 1743 510 1769; x_wconf 82' lang='lat' dir='ltr'>corr.</span> <span class='ocrx_word' id='word_1_211' title='bbox 527 1732 597 1771; x_wconf 87' lang='lat' dir='ltr'>Dw</span> <span class='ocrx_word' id='word_1_212' title='bbox 674 1732 708 1767; x_wconf 86' lang='lat'>4.</span> <span class='ocrx_word' id='word_1_213' title='bbox 722 1732 744 1768; x_wconf 85' lang='lat'>5</span> <span class='ocrx_word' id='word_1_214' title='bbox 761 1733 863 1778; x_wconf 83' lang='grc' dir='ltr'><em>πατρὶ</em></span> <span class='ocrx_word' id='word_1_215' title='bbox 878 1733 938 1768; x_wconf 83' lang='grc' dir='ltr'><em>καὶ</em></span> <span class='ocrx_word' id='word_1_216' title='bbox 951 1734 1029 1778; x_wconf 78' lang='grc' dir='ltr'>θεῷ</span> <span class='ocrx_word' id='word_1_217' title='bbox 1043 1732 1114 1768; x_wconf 84' lang='lat' dir='ltr'>AR</span> <span class='ocrx_word' id='word_1_218' title='bbox 1128 1734 1286 1778; x_wconf 64' lang='lat' dir='ltr'>Euseb„</span> <span class='ocrx_word' id='word_1_219' title='bbox 1312 1734 1417 1778; x_wconf 80' lang='grc' dir='ltr'><em>πατρὶ</em></span> <span class='ocrx_word' id='word_1_220' title='bbox 1443 1734 1502 1769; x_wconf 84' lang='grc' dir='ltr'><em>καὶ</em></span> <span class='ocrx_word' id='word_1_221' title='bbox 1520 1738 1570 1768; x_wconf 86' lang='grc' dir='ltr'><em>τῶ</em></span> <span class='ocrx_word' id='word_1_222' title='bbox 1588 1734 1664 1769; x_wconf 84' lang='grc' dir='ltr'>θεῶ</span> <span class='ocrx_word' id='word_1_223' title='bbox 1691 1734 1733 1779; x_wconf 85' lang='grc' dir='ltr'>Ε,</span> <span class='ocrx_word' id='word_1_224' title='bbox 1759 1734 1837 1778; x_wconf 84' lang='grc' dir='ltr'>θεῷ</span> 
     </span>
     <span class='ocr_line' id='line_1_23' title="bbox 409 1780 1838 1828; baseline 0.001 -12"><span class='ocrx_word' id='word_1_225' title='bbox 409 1781 470 1817; x_wconf 82' lang='grc' dir='ltr'><em>καὶ</em></span> <span class='ocrx_word' id='word_1_226' title='bbox 483 1781 585 1826; x_wconf 85' lang='grc' dir='ltr'><em>πατρὶ</em></span> <span class='ocrx_word' id='word_1_227' title='bbox 600 1780 702 1827; x_wconf 90' lang='lat' dir='ltr'>pr</span> <span class='ocrx_word' id='word_1_228' title='bbox 801 1781 824 1816; x_wconf 83' lang='grc'>5</span> <span class='ocrx_word' id='word_1_229' title='bbox 849 1786 1024 1826; x_wconf 86' lang='grc' dir='ltr'><em>γεννητῶν</em></span> <span class='ocrx_word' id='word_1_230' title='bbox 1037 1782 1202 1816; x_wconf 82' lang='grc' dir='ltr'><em>ἁπάντων</em></span> <span class='ocrx_word' id='word_1_231' title='bbox 1216 1781 1362 1816; x_wconf 74' lang='lat' dir='ltr'>Euseb.</span> <span class='ocrx_word' id='word_1_232' title='bbox 1452 1782 1474 1817; x_wconf 89' lang='grc'><strong>6</strong></span> <span class='ocrx_word' id='word_1_233' title='bbox 1500 1782 1664 1826; x_wconf 81' lang='grc' dir='ltr'><em>σολομῶν</em></span> <span class='ocrx_word' id='word_1_234' title='bbox 1679 1780 1838 1828; x_wconf 80' lang='lat' dir='ltr'>prDi</span> 
     </span>
     <span class='ocr_line' id='line_1_24' title="bbox 410 1828 1837 1875; baseline 0.001 -12"><span class='ocrx_word' id='word_1_235' title='bbox 410 1840 447 1864; x_wconf 87' lang='lat' dir='ltr'>v.</span> <span class='ocrx_word' id='word_1_236' title='bbox 474 1829 494 1864; x_wconf 95' lang='lat' dir='ltr'>I</span> <span class='ocrx_word' id='word_1_237' title='bbox 518 1840 555 1875; x_wconf 90' lang='lat' dir='ltr'>p.</span> <span class='ocrx_word' id='word_1_238' title='bbox 584 1828 662 1873; x_wconf 87' lang='lat'>141,</span> <span class='ocrx_word' id='word_1_239' title='bbox 691 1829 736 1864; x_wconf 80' lang='lat'>12</span> <span class='ocrx_word' id='word_1_240' title='bbox 762 1832 801 1864; x_wconf 78' lang='lat' dir='ltr'>et</span> <span class='ocrx_word' id='word_1_241' title='bbox 827 1829 908 1864; x_wconf 87' lang='lat' dir='ltr'>ind.</span> <span class='ocrx_word' id='word_1_242' title='bbox 1066 1830 1088 1864; x_wconf 85' lang='lat'>8</span> <span class='ocrx_word' id='word_1_243' title='bbox 1115 1829 1258 1874; x_wconf 76' lang='grc' dir='ltr'><em>φάσκει]</em></span> <span class='ocrx_word' id='word_1_244' title='bbox 1287 1829 1344 1864; x_wconf 83' lang='grc'>11).</span> <span class='ocrx_word' id='word_1_245' title='bbox 1371 1829 1389 1864; x_wconf 86' lang='grc' dir='ltr'>Ι</span> <span class='ocrx_word' id='word_1_246' title='bbox 1414 1829 1446 1873; x_wconf 89' lang='lat'>3,</span> <span class='ocrx_word' id='word_1_247' title='bbox 1475 1830 1534 1874; x_wconf 71' lang='lat'>193</span> <span class='ocrx_word' id='word_1_248' title='bbox 1562 1841 1599 1864; x_wconf 87' lang='lat' dir='ltr'>V.</span> <span class='ocrx_word' id='word_1_249' title='bbox 1626 1830 1756 1865; x_wconf 81' lang='lat' dir='ltr'>Vales.</span> <span class='ocrx_word' id='word_1_250' title='bbox 1784 1830 1837 1865; x_wconf 85' lang='lat' dir='ltr'>ad</span> 
     </span>
     <span class='ocr_line' id='line_1_25' title="bbox 410 1876 1837 1922; baseline 0.001 -10"><span class='ocrx_word' id='word_1_251' title='bbox 410 1877 447 1912; x_wconf 87' lang='lat' dir='ltr'>h.</span> <span class='ocrx_word' id='word_1_252' title='bbox 473 1877 497 1912; x_wconf 89' lang='lat' dir='ltr'>l.</span> <span class='ocrx_word' id='word_1_253' title='bbox 596 1877 618 1911; x_wconf 85' lang='lat'>9</span> <span class='ocrx_word' id='word_1_254' title='bbox 642 1876 712 1921; x_wconf 83' lang='grc' dir='ltr'>πρὸ</span> <span class='ocrx_word' id='word_1_255' title='bbox 726 1877 878 1917; x_wconf 75' lang='grc' dir='ltr'><em>,αἰώνων</em></span> <span class='ocrx_word' id='word_1_256' title='bbox 897 1876 1060 1922; x_wconf 76' lang='lat' dir='ltr'>prDi</span> <span class='ocrx_word' id='word_1_257' title='bbox 1088 1877 1246 1921; x_wconf 63' lang='lat' dir='ltr'>Euseb„</span> <span class='ocrx_word' id='word_1_258' title='bbox 1271 1877 1484 1921; x_wconf 84' lang='grc' dir='ltr'><em>προαιώνων</em></span> <span class='ocrx_word' id='word_1_259' title='bbox 1503 1876 1549 1921; x_wconf 87' lang='grc' dir='ltr'>Α,</span> <span class='ocrx_word' id='word_1_260' title='bbox 1574 1878 1788 1922; x_wconf 88' lang='grc' dir='ltr'><em>προαιώνιον</em></span> <span class='ocrx_word' id='word_1_261' title='bbox 1806 1878 1837 1913; x_wconf 89' lang='grc' dir='ltr'>Ε</span> 
     </span>
     <span class='ocr_line' id='line_1_26' title="bbox 410 1925 1837 1971; baseline 0.001 -11"><span class='ocrx_word' id='word_1_262' title='bbox 410 1925 457 1960; x_wconf 89' lang='grc'>10</span> <span class='ocrx_word' id='word_1_263' title='bbox 480 1925 700 1970; x_wconf 78' lang='grc' dir='ltr'><em>ὑπειληφότα</em></span> <span class='ocrx_word' id='word_1_264' title='bbox 714 1925 774 1960; x_wconf 85' lang='grc' dir='ltr'><em>καὶ</em></span> <span class='ocrx_word' id='word_1_265' title='bbox 790 1925 934 1960; x_wconf 83' lang='lat' dir='ltr'>Euseb.</span> <span class='ocrx_word' id='word_1_266' title='bbox 950 1925 1036 1967; x_wconf 87' lang='lat' dir='ltr'>(sed</span> <span class='ocrx_word' id='word_1_267' title='bbox 1052 1936 1088 1960; x_wconf 89' lang='lat' dir='ltr'>v.</span> <span class='ocrx_word' id='word_1_268' title='bbox 1105 1936 1197 1960; x_wconf 82' lang='lat' dir='ltr'>ann.</span> <span class='ocrx_word' id='word_1_269' title='bbox 1215 1936 1267 1960; x_wconf 81' lang='lat' dir='ltr'>cr.</span> <span class='ocrx_word' id='word_1_270' title='bbox 1283 1925 1329 1960; x_wconf 87' lang='grc'>69</span> <span class='ocrx_word' id='word_1_271' title='bbox 1343 1925 1597 1967; x_wconf 86' lang='lat' dir='ltr'>Heinicheni)</span> <span class='ocrx_word' id='word_1_272' title='bbox 1684 1926 1728 1960; x_wconf 90' lang='lat'>11</span> <span class='ocrx_word' id='word_1_273' title='bbox 1748 1928 1837 1971; x_wconf 82' lang='lat' dir='ltr'>post</span> 
     </span>
     <span class='ocr_line' id='line_1_27' title="bbox 409 1972 1837 2019; baseline 0.001 -12"><span class='ocrx_word' id='word_1_274' title='bbox 409 1973 509 2018; x_wconf 81' lang='grc' dir='ltr'><em>ἕτερα</em></span> <span class='ocrx_word' id='word_1_275' title='bbox 535 1972 628 2008; x_wconf 82' lang='lat' dir='ltr'>add.</span> <span class='ocrx_word' id='word_1_276' title='bbox 655 1972 694 2008; x_wconf 86' lang='grc' dir='ltr'>δὲ</span> <span class='ocrx_word' id='word_1_277' title='bbox 719 1972 817 2018; x_wconf 86' lang='lat' dir='ltr'>pr</span> <span class='ocrx_word' id='word_1_278' title='bbox 953 1973 1007 2007; x_wconf 86' lang='lat'>13.</span> <span class='ocrx_word' id='word_1_279' title='bbox 1036 1973 1080 2008; x_wconf 90' lang='lat'>14</span> <span class='ocrx_word' id='word_1_280' title='bbox 1106 1974 1248 2016; x_wconf 79' lang='grc' dir='ltr'><em>εὕρηται</em></span> <span class='ocrx_word' id='word_1_281' title='bbox 1266 1993 1307 1998; x_wconf 93' lang='grc'><strong>-</strong></span> <span class='ocrx_word' id='word_1_282' title='bbox 1324 1974 1495 2017; x_wconf 84' lang='grc' dir='ltr'><em>δόγματος</em></span> <span class='ocrx_word' id='word_1_283' title='bbox 1523 1973 1615 2008; x_wconf 82' lang='lat' dir='ltr'>add.</span> <span class='ocrx_word' id='word_1_284' title='bbox 1643 1977 1733 2019; x_wconf 76' lang='lat' dir='ltr'>post</span> <span class='ocrx_word' id='word_1_285' title='bbox 1757 1987 1837 2019; x_wconf 88' lang='grc' dir='ltr'><em>συγ-</em></span> 
     </span>
     <span class='ocr_line' id='line_1_28' title="bbox 409 2019 1422 2066; baseline 0 -11"><span class='ocrx_word' id='word_1_286' title='bbox 409 2021 561 2066; x_wconf 81' lang='grc' dir='ltr'><em>γραφήν.</em></span> <span class='ocrx_word' id='word_1_287' title='bbox 586 2019 666 2064; x_wconf 87' lang='lat' dir='ltr'>AE,</span> <span class='ocrx_word' id='word_1_288' title='bbox 696 2031 770 2056; x_wconf 88' lang='lat' dir='ltr'>om.</span> <span class='ocrx_word' id='word_1_289' title='bbox 799 2019 920 2066; x_wconf 86' lang='lat' dir='ltr'>pr,</span> <span class='ocrx_word' id='word_1_290' title='bbox 948 2031 984 2055; x_wconf 86' lang='lat' dir='ltr'>v.</span> <span class='ocrx_word' id='word_1_291' title='bbox 1013 2021 1064 2055; x_wconf 89' lang='lat' dir='ltr'>ad</span> <span class='ocrx_word' id='word_1_292' title='bbox 1091 2020 1189 2055; x_wconf 89' lang='lat' dir='ltr'>XIII</span> <span class='ocrx_word' id='word_1_293' title='bbox 1213 2021 1246 2064; x_wconf 82' lang='lat'>4,</span> <span class='ocrx_word' id='word_1_294' title='bbox 1273 2022 1295 2055; x_wconf 82' lang='lat'>8</span> <span class='ocrx_word' id='word_1_295' title='bbox 1322 2024 1422 2056; x_wconf 79' lang='lat' dir='ltr'>extr.</span> 
     </span>
    </p>
   </div>
   <div class='ocr_carea' id='block_1_5' title="bbox 278 2151 1838 2915">
    <p class='ocr_par' dir='ltr' id='par_1_5' title="bbox 278 2151 1838 2915">
     <span class='ocr_line' id='line_1_29' title="bbox 337 2151 1836 2198; baseline 0.001 -11"><span class='ocrx_word' id='word_1_296' title='bbox 337 2151 408 2187; x_wconf 87' lang='lat' dir='ltr'>sed</span> <span class='ocrx_word' id='word_1_297' title='bbox 443 2152 667 2187; x_wconf 89' lang='lat' dir='ltr'>secundum</span> <span class='ocrx_word' id='word_1_298' title='bbox 704 2152 756 2187; x_wconf 82' lang='lat' dir='ltr'>ab</span> <span class='ocrx_word' id='word_1_299' title='bbox 792 2163 839 2187; x_wconf 87' lang='lat' dir='ltr'>eo</span> <span class='ocrx_word' id='word_1_300' title='bbox 876 2152 1056 2187; x_wconf 86' lang='lat' dir='ltr'>divinum</span> <span class='ocrx_word' id='word_1_301' title='bbox 1096 2153 1267 2188; x_wconf 86' lang='lat' dir='ltr'>verbum</span> <span class='ocrx_word' id='word_1_302' title='bbox 1303 2156 1473 2198; x_wconf 83' lang='lat' dir='ltr'>paterna</span> <span class='ocrx_word' id='word_1_303' title='bbox 1509 2153 1678 2198; x_wconf 76' lang='lat' dir='ltr'>exsequi</span> <span class='ocrx_word' id='word_1_304' title='bbox 1716 2154 1836 2188; x_wconf 81' lang='lat' dir='ltr'>iussa.</span> 
     </span>
     <span class='ocr_line' id='line_1_30' title="bbox 278 2196 1836 2246; baseline 0.001 -11"><span class='ocrx_word' id='word_1_305' title='bbox 278 2196 323 2231; x_wconf 79' lang='grc'>12</span> <span class='ocrx_word' id='word_1_306' title='bbox 335 2200 433 2236; x_wconf 82' lang='lat' dir='ltr'><strong>Post</strong></span> <span class='ocrx_word' id='word_1_307' title='bbox 458 2199 655 2235; x_wconf 87' lang='lat' dir='ltr'>nonnulla</span> <span class='ocrx_word' id='word_1_308' title='bbox 681 2199 778 2235; x_wconf 87' lang='lat' dir='ltr'>dicit</span> <span class='ocrx_word' id='word_1_309' title='bbox 803 2200 910 2236; x_wconf 89' lang='lat' dir='ltr'>idem</span> <span class='ocrx_word' id='word_1_310' title='bbox 937 2201 1041 2245; x_wconf 90' lang='grc'>111110,</span> <span class='ocrx_word' id='word_1_311' title='bbox 1067 2204 1113 2235; x_wconf 89' lang='lat' dir='ltr'>ut</span> <span class='ocrx_word' id='word_1_312' title='bbox 1140 2201 1265 2246; x_wconf 87' lang='lat' dir='ltr'>patris</span> <span class='ocrx_word' id='word_1_313' title='bbox 1292 2201 1498 2246; x_wconf 82' lang='lat' dir='ltr'>potentiae</span> <span class='ocrx_word' id='word_1_314' title='bbox 1523 2211 1571 2235; x_wconf 85' lang='lat' dir='ltr'>ac</span> <span class='ocrx_word' id='word_1_315' title='bbox 1601 2201 1836 2246; x_wconf 76' lang='lat' dir='ltr'>sapientiae,</span> 
     </span>
     <span class='ocr_line' id='line_1_31' title="bbox 278 2244 1838 2294; baseline 0.002 -14"><span class='ocrx_word' id='word_1_316' title='bbox 278 2244 323 2280; x_wconf 92' lang='lat'>13</span> <span class='ocrx_word' id='word_1_317' title='bbox 337 2250 377 2284; x_wconf 87' lang='lat' dir='ltr'>et</span> <span class='ocrx_word' id='word_1_318' title='bbox 402 2247 604 2283; x_wconf 82' lang='lat' dir='ltr'>secundas</span> <span class='ocrx_word' id='word_1_319' title='bbox 631 2250 768 2293; x_wconf 84' lang='lat' dir='ltr'>partes</span> <span class='ocrx_word' id='word_1_320' title='bbox 794 2249 912 2294; x_wconf 82' lang='lat' dir='ltr'>regni</span> <span class='ocrx_word' id='word_1_321' title='bbox 939 2251 978 2283; x_wconf 88' lang='lat' dir='ltr'>et</span> <span class='ocrx_word' id='word_1_322' title='bbox 1003 2249 1161 2294; x_wconf 84' lang='lat' dir='ltr'>imperii</span> <span class='ocrx_word' id='word_1_323' title='bbox 1187 2249 1227 2283; x_wconf 87' lang='lat' dir='ltr'>in</span> <span class='ocrx_word' id='word_1_324' title='bbox 1256 2259 1394 2284; x_wconf 87' lang='lat' dir='ltr'>omnes</span> <span class='ocrx_word' id='word_1_325' title='bbox 1421 2259 1509 2284; x_wconf 85' lang='lat' dir='ltr'>esse</span> <span class='ocrx_word' id='word_1_326' title='bbox 1536 2248 1720 2283; x_wconf 80' lang='lat' dir='ltr'>creditas.</span> <span class='ocrx_word' id='word_1_327' title='bbox 1772 2247 1838 2283; x_wconf 91' lang='lat' dir='ltr'>At-</span> 
     </span>
     <span class='ocr_line' id='line_1_32' title="bbox 338 2295 1836 2341; baseline 0.001 -11"><span class='ocrx_word' id='word_1_328' title='bbox 338 2305 417 2340; x_wconf 91' lang='lat' dir='ltr'>que</span> <span class='ocrx_word' id='word_1_329' title='bbox 444 2295 564 2331; x_wconf 88' lang='lat' dir='ltr'>etiam</span> <span class='ocrx_word' id='word_1_330' title='bbox 595 2295 731 2341; x_wconf 88' lang='lat' dir='ltr'>paullo</span> <span class='ocrx_word' id='word_1_331' title='bbox 764 2299 855 2341; x_wconf 87' lang='lat' dir='ltr'>post</span> <span class='ocrx_word' id='word_1_332' title='bbox 890 2296 1036 2331; x_wconf 83' lang='lat' dir='ltr'>iterum</span> <span class='ocrx_word' id='word_1_333' title='bbox 1072 2296 1168 2331; x_wconf 88' lang='lat' dir='ltr'>dicit</span> <span class='ocrx_word' id='word_1_334' title='bbox 1202 2299 1242 2331; x_wconf 86' lang='lat' dir='ltr'>et</span> <span class='ocrx_word' id='word_1_335' title='bbox 1277 2307 1364 2331; x_wconf 82' lang='lat' dir='ltr'>csse</span> <span class='ocrx_word' id='word_1_336' title='bbox 1397 2299 1583 2331; x_wconf 78' lang='lat' dir='ltr'>naturam</span> <span class='ocrx_word' id='word_1_337' title='bbox 1620 2296 1836 2341; x_wconf 82' lang='lat' dir='ltr'>quandam,</span> 
     </span>
     <span class='ocr_line' id='line_1_33' title="bbox 338 2343 1837 2388; baseline 0 -10"><span class='ocrx_word' id='word_1_338' title='bbox 338 2353 444 2388; x_wconf 86' lang='lat' dir='ltr'>quae</span> <span class='ocrx_word' id='word_1_339' title='bbox 470 2347 565 2378; x_wconf 86' lang='lat' dir='ltr'>ante</span> <span class='ocrx_word' id='word_1_340' title='bbox 590 2343 786 2378; x_wconf 89' lang='lat' dir='ltr'>mundum</span> <span class='ocrx_word' id='word_1_341' title='bbox 814 2344 962 2378; x_wconf 84' lang='lat' dir='ltr'>vixerit</span> <span class='ocrx_word' id='word_1_342' title='bbox 989 2347 1028 2379; x_wconf 88' lang='lat' dir='ltr'>et</span> <span class='ocrx_word' id='word_1_343' title='bbox 1053 2344 1277 2379; x_wconf 76' lang='lat' dir='ltr'>substiterit</span> <span class='ocrx_word' id='word_1_344' title='bbox 1303 2355 1351 2378; x_wconf 86' lang='lat' dir='ltr'>ac</span> <span class='ocrx_word' id='word_1_345' title='bbox 1378 2345 1483 2388; x_wconf 76' lang='lat' dir='ltr'>patri</span> <span class='ocrx_word' id='word_1_346' title='bbox 1504 2347 1543 2379; x_wconf 86' lang='lat' dir='ltr'>et</span> <span class='ocrx_word' id='word_1_347' title='bbox 1562 2344 1637 2379; x_wconf 86' lang='lat' dir='ltr'>deo</span> <span class='ocrx_word' id='word_1_348' title='bbox 1655 2344 1837 2379; x_wconf 81' lang='lat' dir='ltr'>universi</span> 
     </span>
     <span class='ocr_line' id='line_1_34' title="bbox 279 2388 1837 2437; baseline 0.002 -14"><span class='ocrx_word' id='word_1_349' title='bbox 279 2388 378 2426; x_wconf 87' lang='lat' dir='ltr'>14in</span> <span class='ocrx_word' id='word_1_350' title='bbox 404 2401 541 2426; x_wconf 87' lang='lat' dir='ltr'>rerum</span> <span class='ocrx_word' id='word_1_351' title='bbox 568 2392 768 2426; x_wconf 83' lang='lat' dir='ltr'>factarum</span> <span class='ocrx_word' id='word_1_352' title='bbox 797 2391 956 2436; x_wconf 82' lang='lat' dir='ltr'>opificio</span> <span class='ocrx_word' id='word_1_353' title='bbox 986 2392 1277 2427; x_wconf 79' lang='lat' dir='ltr'>ministraverit</span> <span class='ocrx_word' id='word_1_354' title='bbox 1305 2395 1344 2427; x_wconf 84' lang='lat' dir='ltr'>et</span> <span class='ocrx_word' id='word_1_355' title='bbox 1368 2391 1622 2428; x_wconf 84' lang='lat' dir='ltr'>Salomonem</span> <span class='ocrx_word' id='word_1_356' title='bbox 1649 2391 1724 2426; x_wconf 79' lang='lat' dir='ltr'>sub</span> <span class='ocrx_word' id='word_1_357' title='bbox 1751 2402 1837 2437; x_wconf 81' lang='lat' dir='ltr'>per-</span> 
     </span>
     <span class='ocr_line' id='line_1_35' title="bbox 338 2438 1836 2484; baseline 0.001 -11"><span class='ocrx_word' id='word_1_358' title='bbox 338 2449 438 2474; x_wconf 84' lang='lat' dir='ltr'>sona</span> <span class='ocrx_word' id='word_1_359' title='bbox 457 2439 682 2484; x_wconf 85' lang='lat' dir='ltr'>sapientiae</span> <span class='ocrx_word' id='word_1_360' title='bbox 702 2438 764 2474; x_wconf 89' lang='lat' dir='ltr'>dei</span> <span class='ocrx_word' id='word_1_361' title='bbox 790 2439 925 2474; x_wconf 81' lang='lat' dir='ltr'>dicere</span> <span class='ocrx_word' id='word_1_362' title='bbox 943 2439 1163 2474; x_wconf 76' lang='lat' dir='ltr'>“Dominus</span> <span class='ocrx_word' id='word_1_363' title='bbox 1192 2439 1371 2474; x_wconf 79' lang='lat' dir='ltr'>condidit</span> <span class='ocrx_word' id='word_1_364' title='bbox 1397 2449 1460 2474; x_wconf 87' lang='lat' dir='ltr'>me</span> <span class='ocrx_word' id='word_1_365' title='bbox 1486 2439 1728 2484; x_wconf 81' lang='lat' dir='ltr'>principium</span> <span class='ocrx_word' id='word_1_366' title='bbox 1755 2440 1836 2474; x_wconf 83' lang='lat' dir='ltr'>via-</span> 
     </span>
     <span class='ocr_line' id='line_1_36' title="bbox 279 2482 1837 2532; baseline 0.001 -12"><span class='ocrx_word' id='word_1_367' title='bbox 279 2482 324 2518; x_wconf 81' lang='grc'>15</span> <span class='ocrx_word' id='word_1_368' title='bbox 338 2496 426 2521; x_wconf 87' lang='lat' dir='ltr'>rum</span> <span class='ocrx_word' id='word_1_369' title='bbox 453 2486 641 2521; x_wconf 77' lang='lat' dir='ltr'>suarum&#39;’</span> <span class='ocrx_word' id='word_1_370' title='bbox 675 2489 715 2522; x_wconf 90' lang='lat' dir='ltr'>et</span> <span class='ocrx_word' id='word_1_371' title='bbox 741 2490 887 2522; x_wconf 84' lang='lat' dir='ltr'>cetera.</span> <span class='ocrx_word' id='word_1_372' title='bbox 940 2486 1158 2522; x_wconf 82' lang='lat' dir='ltr'>Praeterea</span> <span class='ocrx_word' id='word_1_373' title='bbox 1181 2490 1271 2532; x_wconf 80' lang='lat' dir='ltr'>post</span> <span class='ocrx_word' id='word_1_374' title='bbox 1290 2487 1368 2522; x_wconf 84' lang='lat' dir='ltr'>alia</span> <span class='ocrx_word' id='word_1_375' title='bbox 1387 2488 1504 2532; x_wconf 78' lang='lat' dir='ltr'>plura</span> <span class='ocrx_word' id='word_1_376' title='bbox 1523 2487 1640 2522; x_wconf 82' lang='lat' dir='ltr'>affert</span> <span class='ocrx_word' id='word_1_377' title='bbox 1659 2489 1697 2522; x_wconf 86' lang='lat' dir='ltr'>et</span> <span class='ocrx_word' id='word_1_378' title='bbox 1715 2497 1837 2532; x_wconf 80' lang='lat' dir='ltr'>super</span> 
     </span>
     <span class='ocr_line' id='line_1_37' title="bbox 337 2533 1837 2579; baseline 0.001 -11"><span class='ocrx_word' id='word_1_379' title='bbox 337 2533 438 2569; x_wconf 87' lang='lat' dir='ltr'>haec</span> <span class='ocrx_word' id='word_1_380' title='bbox 471 2534 616 2579; x_wconf 84' lang='lat' dir='ltr'>omnia,</span> <span class='ocrx_word' id='word_1_381' title='bbox 652 2535 756 2570; x_wconf 83' lang='lat' dir='ltr'>sicut</span> <span class='ocrx_word' id='word_1_382' title='bbox 789 2535 853 2570; x_wconf 89' lang='lat' dir='ltr'>dei</span> <span class='ocrx_word' id='word_1_383' title='bbox 885 2535 1068 2579; x_wconf 87' lang='lat' dir='ltr'>verbum,</span> <span class='ocrx_word' id='word_1_384' title='bbox 1104 2535 1213 2579; x_wconf 83' lang='lat' dir='ltr'>quod</span> <span class='ocrx_word' id='word_1_385' title='bbox 1248 2538 1341 2570; x_wconf 87' lang='lat' dir='ltr'>ante</span> <span class='ocrx_word' id='word_1_386' title='bbox 1372 2536 1447 2570; x_wconf 83' lang='lat' dir='ltr'>fuit</span> <span class='ocrx_word' id='word_1_387' title='bbox 1480 2538 1518 2570; x_wconf 89' lang='lat' dir='ltr'>et</span> <span class='ocrx_word' id='word_1_388' title='bbox 1549 2538 1642 2569; x_wconf 85' lang='lat' dir='ltr'>ante</span> <span class='ocrx_word' id='word_1_389' title='bbox 1673 2534 1837 2570; x_wconf 84' lang='lat' dir='ltr'>saecula</span> 
     </span>
     <span class='ocr_line' id='line_1_38' title="bbox 339 2582 1836 2627; baseline 0 -11"><span class='ocrx_word' id='word_1_390' title='bbox 339 2582 473 2616; x_wconf 84' lang='lat' dir='ltr'>omnia</span> <span class='ocrx_word' id='word_1_391' title='bbox 505 2583 657 2617; x_wconf 78' lang='lat' dir='ltr'>factum</span> <span class='ocrx_word' id='word_1_392' title='bbox 694 2586 766 2623; x_wconf 87' lang='lat' dir='ltr'>est,</span> <span class='ocrx_word' id='word_1_393' title='bbox 801 2582 1075 2618; x_wconf 84' lang='lat' dir='ltr'>venerabilem</span> <span class='ocrx_word' id='word_1_394' title='bbox 1107 2582 1300 2617; x_wconf 81' lang='lat' dir='ltr'>honorem</span> <span class='ocrx_word' id='word_1_395' title='bbox 1329 2593 1351 2616; x_wconf 90' lang='lat' dir='ltr'>a</span> <span class='ocrx_word' id='word_1_396' title='bbox 1379 2583 1454 2618; x_wconf 87' lang='lat' dir='ltr'>deo</span> <span class='ocrx_word' id='word_1_397' title='bbox 1485 2584 1601 2627; x_wconf 83' lang='lat' dir='ltr'>patre</span> <span class='ocrx_word' id='word_1_398' title='bbox 1633 2582 1836 2627; x_wconf 81' lang='lat' dir='ltr'>adeptum,</span> 
     </span>
     <span class='ocr_line' id='line_1_39' title="bbox 279 2626 1836 2675; baseline 0.001 -13"><span class='ocrx_word' id='word_1_399' title='bbox 279 2626 324 2661; x_wconf 85' lang='grc'>16</span> <span class='ocrx_word' id='word_1_400' title='bbox 339 2629 502 2664; x_wconf 81' lang='lat' dir='ltr'>adorari</span> <span class='ocrx_word' id='word_1_401' title='bbox 540 2632 746 2675; x_wconf 83' lang='lat' dir='ltr'>tamquam</span> <span class='ocrx_word' id='word_1_402' title='bbox 787 2630 918 2665; x_wconf 86' lang='lat' dir='ltr'>deum.</span> <span class='ocrx_word' id='word_1_403' title='bbox 970 2630 1082 2665; x_wconf 84' lang='lat' dir='ltr'>Haec</span> <span class='ocrx_word' id='word_1_404' title='bbox 1121 2634 1159 2664; x_wconf 82' lang='lat' dir='ltr'>et</span> <span class='ocrx_word' id='word_1_405' title='bbox 1194 2630 1272 2664; x_wconf 79' lang='lat' dir='ltr'>alia</span> <span class='ocrx_word' id='word_1_406' title='bbox 1308 2630 1584 2665; x_wconf 77' lang='lat' dir='ltr'>demonstrant</span> <span class='ocrx_word' id='word_1_407' title='bbox 1617 2629 1836 2665; x_wconf 84' lang='lat' dir='ltr'>Eusebium</span> 
     </span>
     <span class='ocr_line' id='line_1_40' title="bbox 338 2675 1835 2723; baseline 0.001 -13"><span class='ocrx_word' id='word_1_408' title='bbox 338 2675 491 2710; x_wconf 78' lang='lat' dir='ltr'>Ariana</span> <span class='ocrx_word' id='word_1_409' title='bbox 519 2677 712 2722; x_wconf 75' lang='lat' dir='ltr'>dogmata</span> <span class='ocrx_word' id='word_1_410' title='bbox 739 2678 944 2723; x_wconf 85' lang='lat' dir='ltr'>probasse,</span> <span class='ocrx_word' id='word_1_411' title='bbox 984 2678 1059 2712; x_wconf 79' lang='lat' dir='ltr'>nisi</span> <span class='ocrx_word' id='word_1_412' title='bbox 1093 2678 1182 2722; x_wconf 83' lang='lat' dir='ltr'>quis</span> <span class='ocrx_word' id='word_1_413' title='bbox 1215 2678 1310 2712; x_wconf 82' lang='lat' dir='ltr'>dicit</span> <span class='ocrx_word' id='word_1_414' title='bbox 1341 2678 1382 2711; x_wconf 88' lang='lat' dir='ltr'>id</span> <span class='ocrx_word' id='word_1_415' title='bbox 1416 2688 1517 2722; x_wconf 85' lang='lat' dir='ltr'>opus</span> <span class='ocrx_word' id='word_1_416' title='bbox 1548 2681 1643 2713; x_wconf 87' lang='lat' dir='ltr'>ante</span> <span class='ocrx_word' id='word_1_417' title='bbox 1670 2687 1835 2712; x_wconf 85' lang='lat' dir='ltr'>conver-</span> 
     </span>
     <span class='ocr_line' id='line_1_41' title="bbox 279 2722 1835 2771; baseline 0.001 -14"><span class='ocrx_word' id='word_1_418' title='bbox 279 2722 324 2756; x_wconf 85' lang='grc'>17</span> <span class='ocrx_word' id='word_1_419' title='bbox 339 2724 492 2759; x_wconf 83' lang='lat' dir='ltr'>sionem</span> <span class='ocrx_word' id='word_1_420' title='bbox 523 2725 574 2759; x_wconf 86' lang='lat' dir='ltr'>ab</span> <span class='ocrx_word' id='word_1_421' title='bbox 607 2735 654 2760; x_wconf 93' lang='lat' dir='ltr'>eo</span> <span class='ocrx_word' id='word_1_422' title='bbox 688 2726 813 2761; x_wconf 81' lang='lat' dir='ltr'>fuisse</span> <span class='ocrx_word' id='word_1_423' title='bbox 846 2727 1128 2771; x_wconf 83' lang='lat' dir='ltr'>conscriptum.</span> <span class='ocrx_word' id='word_1_424' title='bbox 1178 2725 1279 2761; x_wconf 81' lang='lat' dir='ltr'>Nam</span> <span class='ocrx_word' id='word_1_425' title='bbox 1314 2725 1355 2759; x_wconf 86' lang='lat' dir='ltr'>in</span> <span class='ocrx_word' id='word_1_426' title='bbox 1390 2726 1490 2761; x_wconf 84' lang='lat' dir='ltr'>actis</span> <span class='ocrx_word' id='word_1_427' title='bbox 1525 2725 1641 2770; x_wconf 85' lang='lat' dir='ltr'>primi</span> <span class='ocrx_word' id='word_1_428' title='bbox 1677 2724 1835 2760; x_wconf 84' lang='lat' dir='ltr'>concilii</span> 
     </span>
     <span class='ocr_line' id='line_1_42' title="bbox 339 2772 1661 2809; baseline 0.002 -4"><span class='ocrx_word' id='word_1_429' title='bbox 339 2772 546 2806; x_wconf 79' lang='lat' dir='ltr'>invenitur</span> <span class='ocrx_word' id='word_1_430' title='bbox 571 2772 772 2808; x_wconf 84' lang='lat' dir='ltr'>Eusebius</span> <span class='ocrx_word' id='word_1_431' title='bbox 798 2776 950 2809; x_wconf 84' lang='lat' dir='ltr'>rectam</span> <span class='ocrx_word' id='word_1_432' title='bbox 977 2773 1217 2808; x_wconf 87' lang='lat' dir='ltr'>sententiam</span> <span class='ocrx_word' id='word_1_433' title='bbox 1245 2773 1391 2807; x_wconf 84' lang='lat' dir='ltr'>acriter</span> <span class='ocrx_word' id='word_1_434' title='bbox 1419 2772 1661 2808; x_wconf 79' lang='lat' dir='ltr'>defendisse.</span> 
     </span>
     <span class='ocr_line' id='line_1_43' title="bbox 279 2818 1836 2866; baseline 0.001 -14"><span class='ocrx_word' id='word_1_435' title='bbox 279 2818 325 2853; x_wconf 88' lang='lat'>18</span> <span class='ocrx_word' id='word_1_436' title='bbox 457 2818 562 2854; x_wconf 88' lang='lat' dir='ltr'>Illud</span> <span class='ocrx_word' id='word_1_437' title='bbox 588 2820 715 2865; x_wconf 76' lang='lat' dir='ltr'>igitur</span> <span class='ocrx_word' id='word_1_438' title='bbox 742 2823 926 2856; x_wconf 83' lang='lat' dir='ltr'>sanctum</span> <span class='ocrx_word' id='word_1_439' title='bbox 954 2820 1168 2857; x_wconf 84' lang='lat' dir='ltr'>concilium</span> <span class='ocrx_word' id='word_1_440' title='bbox 1196 2820 1345 2866; x_wconf 77' lang='lat' dir='ltr'>dogma</span> <span class='ocrx_word' id='word_1_441' title='bbox 1373 2820 1422 2856; x_wconf 89' lang='lat' dir='ltr'>de</span> <span class='ocrx_word' id='word_1_442' title='bbox 1450 2821 1591 2855; x_wconf 84' lang='lat' dir='ltr'>eadem</span> <span class='ocrx_word' id='word_1_443' title='bbox 1617 2824 1764 2857; x_wconf 88' lang='lat' dir='ltr'>natura</span> <span class='ocrx_word' id='word_1_444' title='bbox 1797 2822 1836 2855; x_wconf 84' lang='lat' dir='ltr'>et</span> 
     </span>
     <span class='ocr_line' id='line_1_44' title="bbox 339 2867 1836 2915; baseline 0 -13"><span class='ocrx_word' id='word_1_445' title='bbox 339 2867 580 2903; x_wconf 77' lang='lat' dir='ltr'>aeternitate</span> <span class='ocrx_word' id='word_1_446' title='bbox 609 2867 677 2903; x_wconf 89' lang='lat' dir='ltr'>filii</span> <span class='ocrx_word' id='word_1_447' title='bbox 704 2869 844 2905; x_wconf 82' lang='lat' dir='ltr'>statuit</span> <span class='ocrx_word' id='word_1_448' title='bbox 870 2871 909 2906; x_wconf 86' lang='lat' dir='ltr'>et</span> <span class='ocrx_word' id='word_1_449' title='bbox 936 2869 1118 2906; x_wconf 87' lang='lat' dir='ltr'>divinum</span> <span class='ocrx_word' id='word_1_450' title='bbox 1150 2868 1243 2904; x_wconf 86' lang='lat' dir='ltr'>fidei</span> <span class='ocrx_word' id='word_1_451' title='bbox 1276 2868 1502 2915; x_wconf 80' lang='lat' dir='ltr'>symbolum</span> <span class='ocrx_word' id='word_1_452' title='bbox 1533 2868 1667 2904; x_wconf 85' lang='lat' dir='ltr'>statim</span> <span class='ocrx_word' id='word_1_453' title='bbox 1699 2867 1836 2912; x_wconf 84' lang='lat' dir='ltr'>edidit,</span> 
     </span>
    </p>
   </div>
  </div>
 </body>
</html>
