2054 3282
513 251 758 293 AGARENI.
810 254 1094 295 EXPEDITIO
1120 254 1431 296 BVLGARICA.
1649 258 1720 297 309

221 377 413 435 βασιλεὺς
434 377 727 433 ἐβουλεύσατο·
759 379 834 421 καί
850 396 958 426 τινος
977 383 1063 422 τῶν
1086 380 1351 423 οἰκειοτάτων
1381 380 1499 435 αὐτῷ
1529 381 1718 435 συμβου-

220 448 413 495 λεύοντος
443 449 561 504 αὐτῷ
592 449 783 491 ἐνδοῦναι
822 453 907 496 τοῖς
943 449 1148 504 ὑπηκόοις
1183 449 1257 505 τὴν
1292 450 1497 503 κάκωσιν,
1540 449 1719 497 “minag

220 517 300 572 γάρ
310 518 337 534 ”
368 518 449 573 ἔφη
481 518 778 572 “καταβοῶσιν
809 518 935 572 ἡμῶν
965 518 1048 571 καί,
1081 520 1124 560 εἴ
1142 535 1177 560 τι
1197 521 1283 560 τῶν
1305 518 1511 560 ἀπαισίων
1532 519 1716 573 συμβαίη
1734 521 1780 558 W
1800 521 1941 558 111101

219 586 330 640 ἡμῖν,
361 587 510 634 πάντες
541 587 860 641 ἕπιχαρήσονται
890 591 940 642 τῇ
970 587 1124 629 πτώσει
1155 587 1328 642 ἡμῶν”,
1362 587 1519 634 ἐκεῖνος
1549 588 1631 641 ἔφη
1656 587 1753 634 ὡς9

182 652 274 696 5“ὁ
312 655 415 702 θεὸς
457 656 683 710 ἔσκλήρυνε
717 655 791 710 τὴν
833 656 1012 710 καρδίαν
1047 671 1134 710 μου
1171 655 1277 698 κατὰ
1313 655 1388 711 τὴν
1422 659 1496 698 τοῦ
1534 655 1715 710 Φαραώ·
1730 657 1761 693 Β

217 723 277 778 μὴ
311 722 388 766 οὖν
418 724 594 780 ἕκὸέχου
625 741 660 766 τι
691 724 858 779 ἀγαθὸν
887 728 972 771 τοῖς
994 723 1077 766 ὑπὸ
1098 724 1216 779 χεῖρά
1237 740 1323 779 μου
1346 725 1392 773 ἒξ
1411 723 1561 778 ἕμοῦ.”
1619 739 1715 765 συν-
1730 726 1777 763 10

218 792 424 847 αθροίσας
454 792 530 835 οὖν
560 793 609 835 τὰ
640 794 827 848 τάγματα
858 793 1068 835 πάντοθεν
1099 792 1170 834 καὶ
1201 793 1258 840 εἷς
1279 793 1547 847 Βουλγαρίαν
1577 808 1715 847 παρα-

218 860 451 916 γενόμενος,
494 865 567 904 τοῦ
607 861 816 916 Κρούμου
858 866 932 904 τοῦ
976 862 1130 908 ἔθνους
1173 862 1511 917 ἀρχηγετοῦντος,
1554 861 1601 904 τὸ
1639 862 1718 916 μὲν

216 932 387 984 πρῶτον
425 929 660 985 εὐτύχησεν,
705 930 812 972 ὥστε
848 930 918 972 καὶ
956 929 1030 985 τὴν
1067 934 1141 972 τοῦ
1176 930 1382 985 Κρούμου
1418 930 1717 985 παρειληφέναι

61 993 119 1031 ῙῙῙ
132 995 204 1032 373
217 998 349 1053 αὐλήν
389 997 519 1053 (οὕτω
558 998 637 1052 γὰρ
674 998 749 1054 τὴν
783 1002 857 1040 τοῦ
897 1002 1021 1053 σφῶν
1052 999 1242 1054 ἀρχηγοῦ
1274 1001 1315 1041 οἱ
1345 999 1586 1054 Βούλγαροι
1617 999 1715 1041 ε’κά-

214 1066 316 1109 λουν
336 1066 608 1122 κατοίκησιν),
640 1067 711 1109 καὶ
731 1071 816 1114 τοῖς
837 1068 996 1109 ἐκείνου
1018 1068 1199 1122 ταμείοις
1230 1068 1466 1122 σφραγῖδας
1497 1068 1715 1123 ἐπιβαλεῖν,

215 1134 277 1182 ὡς
307 1135 390 1191 ἤδη
423 1136 662 1190 γενομένοις
692 1137 833 1184 αὐτοῦ,
865 1136 935 1178 καὶ
960 1136 1140 1183 πολλοὺς
1161 1140 1246 1178 τῶν
1267 1138 1434 1178 οἰκείων
1457 1136 1523 1178 διὰ
1546 1136 1716 1178 σκύλων

214 1203 410 1259 ἁρπαγὴν
454 1205 790 1259 τιμωρήσασθαι.
853 1209 926 1246 τοῦ
975 1204 1021 1247 δὲ
1067 1205 1276 1259 Κρούμου
1327 1205 1715 1252 ἀποδεδειλιακότος
1730 1208 1769 1244 11

213 1271 285 1314 καὶ
327 1272 580 1319 ἱκετεύοντος
617 1273 842 1327 φείσασθαι
878 1278 951 1315 τοῦ
992 1274 1145 1320 ἔθνους
1184 1274 1254 1316 καὶ
1292 1271 1358 1329 ἐφ’
1393 1275 1497 1321 οἵαις
1528 1276 1580 1316 ἂν
1610 1274 1713 1328 βού-

155 1335 200 1372 15
213 1339 323 1382 λοιτο
354 1341 587 1396 συνθήκαις
618 1342 866 1384 σπείσασθαι
897 1343 1027 1396 αὐτῷ,
1073 1342 1285 1396 ὀγκωθεὶς
1316 1343 1473 1390 ἐκεῖνος
1504 1348 1565 1397 τῷ
1595 1344 1712 1384 εὐτυ·
1728 1345 1757 1382 C

212 1409 365 1463 χήματι
395 1408 468 1455 τὰς
498 1409 684 1456 σπονδὰς
715 1411 766 1452 οὐ
797 1411 1053 1465 προσήκατο.
1116 1410 1327 1465 ἀπογνοὺς
1359 1410 1435 1453 οὖν
1460 1411 1485 1453 ὁ
1506 1411 1712 1466 Κροῦμος
1728 1415 1772 1451 12

212 1477 283 1519 καὶ
312 1476 384 1518 τὸν
413 1477 507 1531 περὶ
538 1482 680 1532 ψυχῆς
712 1478 793 1533 ἤδη
825 1479 1093 1533 λογιζόμενος
1123 1479 1248 1533 θέειν,
1293 1479 1366 1526 τὰς
1401 1480 1551 1521 ἑαυτοῦ
1585 1480 1711 1521 δυνά-

210 1561 302 1600 μεις
322 1546 573 1600 συναγαγὼν
593 1546 665 1589 καὶ
685 1547 824 1601 λόγοις
845 1548 1172 1603 παρακλητικοῒς
1192 1548 1521 1603 παρακροτήσας
1545 1549 1711 1598 αὐτούς,

211 1614 337 1656 ἔπεισι
373 1613 524 1662 νυκτὸς
560 1616 615 1658 ἔτι
654 1617 784 1671 οὔσης
822 1615 928 1658 κατὰ
967 1621 1039 1672 τῆς
1075 1620 1161 1658 τῶν
1186 1616 1410 1672 Ῥωμαίων
1440 1618 1713 1673 παρεμβολῆς

212 1755 235 1791 6
259 1755 462 1801 ἔκστρατεία
487 1756 577 1793 κατὰ
603 1758 837 1804 Βουλγάρων·
870 1759 907 1794 ἐν
931 1758 956 1804 ᾗ
982 1759 1173 1805 εὐτυχήσας
1202 1759 1262 1795 καὶ
1286 1758 1454 1805 ἐπαρθεὶς
1479 1760 1625 1806 ὕστερον
1651 1760 1710 1807 ἢτ-

209 1804 300 1850 τήθη
327 1804 387 1840 καὶ
413 1804 501 1850 (pro
528 1805 598 1851 ἧττ.
623 1806 701 1842 καῖε
727 1806 888 1852 ἡττηθεὶς
916 1807 962 1851 Ε)
989 1807 1150 1843 ἀπώλετο
1177 1806 1241 1844 CE

280 1935 303 1970 2
327 1935 424 1980 αὐτῷ
451 1946 526 1971 οηι.
552 1936 649 1982 pr
777 1939 799 1973 8
825 1939 988 1983 κρούμου
1016 1938 1095 1982 AR,
1124 1938 1170 1974 G.
1198 1939 1246 1974 M.
1275 1950 1311 1984 p.
1338 1940 1418 1982 676,
1450 1940 1502 1983 11,
1531 1939 1645 1975 Cedr.
1674 1939 1710 1975 ΙΙ

280 1994 317 2028 p.
343 1983 400 2027 41,
427 1984 460 2018 9.
490 1983 567 2024 184,
591 1985 645 2028 19,
671 1987 808 2030 κρόμου
836 1986 938 2032 w*p;
966 1988 1161 2031 Κροῦμμος
1187 1987 1366 2033 Theoph.
1393 1987 1409 2022 I
1437 1999 1473 2032 p.
1499 1987 1581 2030 485,
1607 1987 1630 2022 4
1657 1989 1709 2031 (v.

280 2031 453 2066 indicem
481 2031 530 2066 de
557 2031 690 2068 Boorii
719 2045 747 2069 s.
776 2034 828 2077 v.)
926 2035 948 2069 9
974 2040 1034 2070 τοῦ
1062 2045 1138 2070 om.
1161 2034 1225 2070 BC
1327 2035 1370 2070 10
1395 2034 1518 2080 αὐλὴν]
1546 2035 1661 2081 ἀρχὴν
1680 2035 1710 2071 C

282 2078 323 2113 ll
350 2080 549 2123 σφραγῖδας
568 2079 717 2124 BSCDl',
742 2082 939 2127 σφραγίδας
957 2081 1092 2128 Apr
1163 2082 1207 2119 15
1231 2083 1421 2119 πείσασθαι
1441 2083 1489 2128 D,
1517 2094 1619 2119 corr.
1639 2083 1707 2123 Dw

282 2126 326 2161 19
350 2127 465 2162 ἔπεισε
489 2126 519 2163 C
617 2129 672 2173 ἔτη
701 2128 771 2175 ρ*,

208 2266 284 2306 tur,
312 2273 403 2298 cum
429 2263 576 2299 bellum
604 2264 801 2301 advorsus
827 2265 1024 2309 Bulgaros
1051 2268 1258 2313 suscipere
1285 2267 1532 2303 decrevisset
1559 2271 1599 2303 et
1626 2269 1709 2314 qui-

209 2310 301 2346 dam
337 2322 386 2346 ex
421 2312 508 2347 eius
543 2313 691 2348 intimis
731 2314 766 2348 ei
804 2314 1007 2357 suasisset,
1048 2318 1093 2350 ut
1127 2315 1330 2350 subiectos
1363 2316 1599 2351 clementius
1633 2321 1709 2351 tra-

208 2362 347 2403 ctaret,
374 2358 504 2395 “Nam
533 2360 702 2395 omnes''
727 2362 858 2406 inquit
879 2362 1056 2397 “contra
1082 2373 1155 2397 nos
1183 2363 1460 2398 vociferantur
1486 2367 1525 2399 et
1551 2364 1583 2398 si
1611 2364 1706 2409 quid

208 2406 369 2442 adversi
411 2407 527 2442 nobis
566 2408 769 2452 acciderit,
810 2419 948 2444 omnes
987 2419 1085 2445 casu
1132 2414 1269 2445 nostro
1305 2410 1606 2454 laetabuntur”,
1644 2409 1744 2447 ine9

206 2453 380 2489 “Deus'’
405 2455 461 2490 ait
485 2455 589 2490 “cor
614 2466 746 2491 meum
775 2457 1113 2502 quemadmodum
1144 2457 1365 2493 Pharaonis
1396 2458 1620 2503 induravit,
1656 2470 1708 2494 ne

209 2501 305 2546 quid
333 2502 458 2547 igitur
484 2502 577 2538 boni
598 2504 644 2538 iis
663 2514 687 2539 a
706 2515 768 2540 mo
787 2509 1028 2540 eventurum
1053 2515 1139 2540 osse
1166 2506 1406 2550 speraveris,
1435 2506 1502 2551 qni
1523 2506 1562 2541 in
1584 2517 1707 2542 manu

208 2558 298 2584 mea
329 2549 460 2584 suntss’
515 2548 728 2586 Arcessitis
762 2553 886 2597 igitur
918 2552 1100 2598 undique
1134 2553 1363 2598 legionibus
1397 2554 1436 2588 in
1471 2553 1705 2599 Bulgariam
1724 2553 1768 2588 10

209 2597 426 2641 profectus,
453 2595 600 2633 Crumo
627 2600 738 2644 genti
767 2600 1001 2644 imperante,
1030 2601 1201 2645 primum
1229 2601 1389 2645 quidem
1418 2607 1497 2636 tam
1526 2601 1707 2637 secunda

209 2643 370 2679 fortuna
397 2654 495 2679 usus
521 2649 591 2688 est,
629 2643 673 2682 ut
700 2651 739 2682 et
766 2647 900 2682 aulam
928 2647 1062 2683 Crumi
1091 2653 1255 2693 caperet
1282 2649 1352 2691 (sic
1378 2649 1482 2683 onim
1511 2650 1571 2684 sui
1601 2650 1706 2695 prin-

208 2691 306 2736 cipis
339 2690 503 2738 Bulgari
543 2694 749 2739 appellant·
791 2695 1094 2737 habitationem)
1137 2700 1175 2730 et
1217 2695 1321 2730 illius
1361 2696 1624 2732 conclavibus
1663 2700 1707 2732 ut

207 2739 290 2773 suis
321 2739 451 2784 sigilla
485 2740 731 2786 imprimeret,
763 2748 802 2777 et
838 2743 984 2778 multos
1011 2743 1060 2777 do
1088 2743 1170 2778 suis
1198 2743 1248 2778 ob
1275 2743 1493 2789 spoliorum
1523 2745 1704 2790 rapinam

207 2786 406 2822 multaret.
457 2786 603 2823 Crumo
629 2795 762 2824 autom
784 2791 920 2825 fractis
947 2791 1090 2825 animis
1117 2791 1381 2837 supplicante,
1408 2795 1452 2826 ut
1478 2792 1590 2837 genti
1619 2803 1704 2838 pnr—
1723 2792 1764 2827 ll

208 2838 316 2869 ceret
334 2837 374 2870 et
392 2834 539 2879 quibus
557 2837 643 2881 ipse
659 2837 778 2872 vellet
797 2838 1097 2873 conditionibus
1117 2848 1257 2883 pacem
1278 2838 1404 2880 daret,
1431 2839 1494 2874 ine
1514 2849 1704 2875 successu

208 2880 337 2917 elatus
364 2892 503 2927 pacem
530 2893 608 2918 non
634 2886 842 2920 concessit.
885 2884 1055 2922 Crumus
1083 2886 1207 2930 igitur
1234 2886 1460 2932 desperatis
1487 2886 1609 2922 rebus
1628 2888 1703 2923 sibi
1722 2887 1765 2923 12

209 2928 288 2965 iam
320 2928 370 2965 de
401 2930 488 2976 ipsa
521 2932 604 2967 vita
638 2931 910 2970 dimicandum
945 2938 1069 2977 rami-1,
1110 2933 1259 2970 coactis
1290 2934 1372 2971 suis
1399 2934 1525 2981 copiis
1553 2944 1704 2982 easque
