1968 3302
277 226 323 264 72
632 225 816 263 ZONAR.
843 226 975 262 EPIT.
1003 225 1099 262 XIII
1127 224 1182 270 14,
1211 224 1362 270 14—15‚
1389 226 1421 262 7.

217 359 262 395 15
275 350 383 396 λέως
420 349 706 404 ἐβουλεύοντο.
769 347 840 390 καὶ
879 350 919 390 οἱ
954 347 1032 403 μὲν
1062 347 1195 401 τόνδε,
1241 348 1281 389 οἷ
1312 347 1358 390 δὲ
1387 347 1507 390 τόνδε
1539 348 1779 403 ὠνόμαζον,

276 420 316 460 οἱ
358 418 524 465 πλείους
569 415 605 460 δ’
653 417 718 459 ἐπὶ
761 422 823 471 τῷ
866 417 1114 470 Σαλουστίῳ
1157 416 1340 471 ὑπάρχῳ
1383 420 1468 459 τῶν
1510 418 1781 472 πραιτωρίων

157 495 187 530 Β
216 496 260 531 16
274 488 514 542 τυγχάνοντι
547 487 867 541 ὡμοφώνησαν.
931 486 955 527 ὁ
979 483 1015 527 δ’
1040 486 1295 540 ἀπηνήνατο,
1328 485 1374 528 τὸ
1397 490 1530 540 γῆρας
1550 486 1609 532 εἷς
1628 487 1780 540 παραί-

216 564 260 600 17
274 572 388 611 τησιν
418 555 755 610 προβαλόμενος.
820 555 1081 608 αἰτουμένων
1116 554 1161 596 δὲ
1191 554 1263 596 τὸν
1294 554 1442 596 τούτου
1474 553 1566 596 υἱὸν
1588 555 1639 596 οὓ
1660 555 1780 597 κατέ-

274 640 404 671 νευσε,
451 624 517 666 διὰ
558 624 728 678 νεότητα
768 623 838 665 καὶ
877 624 1051 678 γνώμης
1082 623 1278 678 ἀφέλειαν
1309 621 1454 677 κρίνας
1486 624 1644 665 ἐκεῖνον
1673 623 1818 677 πρὸς5

216 701 261 737 18
276 693 412 748 ἀρχὴν
442 692 634 747 τοιαύτην
667 692 958 746 ἀνεπιτήδειον.
1024 691 1088 733 διὸ
1119 691 1223 746 μετὰ
1254 695 1340 734 τῶν
1371 692 1511 733 ἄλλων
1546 691 1618 733 καὶ
1656 692 1783 739 αὐτὸς

276 763 301 804 ὁ
331 762 590 807 Σαλούστιος
620 761 791 815 βασιλέα
824 761 895 802 καὶ
927 760 1086 802 ἀπόντα
1125 759 1466 802 Οὐαλεντινιανόν
1498 761 1746 815 ἐψηφίσατο.

217 833 261 868 19
390 830 443 872 Ὁ
472 831 611 884 μέντοι
638 828 841 883 Ἰοβιανὸς
873 829 1048 884 εὐσεβὴς
1088 828 1140 884 ἦν
1177 829 1272 883 περὶ
1307 829 1354 871 τὸ
1393 829 1532 884 δόγμα
1570 829 1642 872 καὶ
1678 830 1781 884 ἀγα-

214 900 262 935 20
274 899 476 953 θοθελής.
540 899 655 940 οἴνου
689 895 725 939 δ’
760 899 906 953 ἥττητο
938 898 1009 939 καὶ
1041 898 1319 952 ἀφροδισίων·
1365 898 1435 940 καὶ
1473 897 1548 953 τὴν
1585 902 1659 941 τοῦ
1695 899 1781 941 σώ-

274 983 407 1022 ματος
429 966 678 1021 ἀναδρομὴν
700 967 891 1021 εὐμήκης
912 967 1109 1022 ἐτύγχανε
1132 967 1203 1008 καὶ
1225 967 1488 1021 γραμμάτων
1504 968 1584 1010 οὐκ
1601 968 1782 1022 ἄπειρος.
1799 966 1844 1001 10

215 1037 259 1072 21
275 1037 323 1082 ὃς
361 1036 496 1077 ὀπίσω
537 1034 637 1077 ποτὲ
675 1039 748 1077 τοῦ
781 1035 1010 1077 Ἰουλιανοῦ
1049 1035 1336 1090 πορευόμενος
1381 1036 1443 1082 ὡς
1486 1036 1697 1091 χιλίαρχος
1740 1036 1784 1078 ἐν

276 1104 395 1158 τόπῳ
427 1104 615 1145 κατάντει
646 1104 868 1158 προϊόντος
895 1104 1072 1159 ἐπάτησε
1094 1104 1141 1146 τὸ
1163 1105 1404 1158 κράσπεδον
1424 1109 1496 1159 τῆς
1517 1105 1784 1160 πορφυρίδος

215 1174 261 1209 22
275 1174 418 1215 αὐτοῦ.
482 1173 506 1214 ὁ
545 1173 604 1227 δέ,
651 1170 718 1214 εἴτ’
767 1174 813 1214 ἐκ
859 1173 1008 1214 τούτου
1055 1173 1253 1228 διάδοχον
1297 1173 1426 1215 αὐτοῦ
1469 1173 1541 1215 τὸν
1579 1173 1784 1228 Ἰοβιανὸν

231 1242 260 1278 C
275 1242 533 1296 ἐτεκμήρατο
567 1242 634 1284 εἴτ’
669 1243 716 1283 ἐκ
748 1243 943 1296 μαντείας
975 1243 1084 1296 ἔγνω
1117 1242 1238 1284 τοῦτό
1264 1258 1383 1290 τινος,
1416 1242 1527 1284 εἶπεν
1547 1242 1575 1258 “
1584 1243 1682 1285 αἴθε
1702 1244 1783 1284 κᾶν

214 1311 260 1346 23
274 1310 559 1365 ἅνθρωπος”.
622 1310 724 1365 ἦρξε
747 1310 792 1352 δὲ
815 1311 907 1352 οὐδ’
932 1311 1058 1357 ὅλους
1084 1315 1223 1366 μῆνας
1250 1311 1380 1352 ὀκτώ·
1414 1312 1438 1353 ὁ
1465 1311 1606 1366 μέντοι
1633 1311 1783 1366 νεκρὸς
1798 1311 1843 1347 15

275 1379 404 1421 αὐτοῦ
445 1380 501 1426 εἰς
536 1379 584 1421 τὸ
616 1379 849 1428 Βυζάντιον
889 1380 1189 1434 ἀνακομισθεὶς
1229 1380 1272 1421 ἐν
1303 1384 1364 1433 τῷ
1395 1383 1480 1422 τῶν
1511 1380 1644 1435 ἁγίων
1675 1381 1781 1422 ἀπο-

275 1442 436 1490 στόλων
481 1448 612 1503 ἐτάφη
659 1453 763 1502 ναῷ,
809 1448 918 1490 ὅπου
958 1448 1061 1503 μετὰ
1100 1453 1226 1490 ταῦτα
1268 1449 1477 1504 συνετάφη
1515 1449 1587 1490 καὶ
1618 1450 1643 1504 ἡ
1677 1449 1779 1504 γυνὴ

274 1604 297 1638 3
321 1602 400 1648 περὶ
426 1603 644 1639 Σαλουστίου
673 1602 735 1639 CE
867 1603 888 1638 6
914 1604 966 1638 ὅτι
992 1602 1088 1647 παρὰ
1113 1603 1255 1638 πάντων
1280 1603 1443 1649 βασιλεὺς
1469 1603 1490 1638 ό
1515 1603 1607 1649 (om.
1633 1603 1679 1645 Ε)
1709 1605 1781 1641 Οὐ-

274 1651 506 1690 αλεντινιανὸς
523 1651 713 1697 ἐψηφίσθη
735 1649 797 1687 CE
920 1652 942 1686 8
968 1652 1041 1690 οἶος
1058 1651 1102 1697 ἦν
1119 1650 1160 1686 τὰ
1179 1652 1251 1697 ἤθη
1272 1651 1312 1696 (τ.
1328 1652 1362 1697 ἠ.
1383 1661 1457 1687 om.
1475 1650 1518 1694 C)
1533 1652 1702 1698 Ἰοβιανός
1717 1651 1779 1689 CE

350 1795 365 1829 l
396 1796 432 1829 οἵ
455 1793 602 1840 Apr,
631 1795 651 1829 ό
668 1794 703 1829 D
801 1796 838 1830 οῖ
860 1794 1017 1840 ARW1],·
1036 1795 1056 1829 ὁ
1073 1794 1108 1829 D
1207 1795 1394 1839 ὠνόμαζον
1412 1793 1494 1837 AR,
1519 1794 1575 1830 ἐπὶ
1595 1793 1780 1840 ὠνόμαζον

347 1842 434 1888 Wssp
533 1842 555 1877 2
579 1843 720 1882 πλείους
738 1841 886 1888 Apr,
911 1843 1093 1882 πλείστους
1108 1842 1176 1880 Dw
1273 1843 1418 1888 ἐπάρχω
1433 1842 1474 1886 E,
1503 1853 1541 1877 V.
1567 1842 1660 1879 XIV
1684 1844 1717 1887 3,
1732 1844 1779 1879 28

348 1894 386 1926 et
414 1889 641 1926 Usenerum
668 1891 705 1926 d.
732 1888 822 1926 hail.
854 1891 1050 1926 Theodos.
1078 1890 1187 1935 Lips.
1216 1890 1309 1926 1890
1334 1901 1370 1935 p.
1389 1890 1456 1925 1⁸29
1553 1891 1576 1926 3
1601 1890 1639 1925 τὸ
1665 1891 1778 1927 initio

347 1948 452 1974 vers.
479 1949 554 1974 om.
582 1938 618 1973 D
716 1938 739 1973 4
762 1939 1046 1984 προβαλλόμενος
1072 1936 1385 1983 BSCEwapDz‘
1482 1938 1504 1973 5
1529 1938 1724 1984 ἀσφάλειαν
1750 1939 1779 1975 C

348 1986 368 2020 7
393 1986 452 2021 τὸν
478 1985 571 2021 add.
599 1989 694 2021 ante
720 1986 817 2021 οὐαλ.
845 1985 1003 2031 prDi
1164 1986 1387 2031 ἐψηφίσαντο
1414 1985 1482 2021 CD
1643 1986 1688 2021 14
1713 1987 1781 2022 κᾶν

347 2032 554 2080 AprDi‚
582 2033 622 2069 δὲ
646 2034 714 2069 κᾶν
741 2033 782 2078 Ε,
810 2034 842 2068 δ’
869 2034 1005 2069 ἐκεῖνον
1033 2045 1084 2069 ex
1112 2034 1251 2069 codice
1278 2033 1338 2077 W,
1378 2037 1423 2069 ut
1450 2033 1623 2079 Videtur,
1662 2034 1780 2070 affert

352 2082 421 2117 WO
521 2081 565 2117 17
593 2086 684 2127 post
709 2081 887 2127 συνετάφη
915 2081 1007 2117 add.
1035 2082 1131 2126 αὐτῷ
1159 2081 1288 2127 Bpr

217 2228 262 2264 15
276 2241 376 2278 rege
422 2231 599 2267 creando
647 2231 930 2267 deliberantes.
1005 2230 1104 2267 Aliis
1149 2234 1284 2267 autem
1328 2231 1427 2268 alios
1476 2231 1779 2268 nominantibus

216 2277 262 2312 16
276 2278 413 2324 plures
452 2278 503 2315 de
542 2278 730 2323 Salustio‚
769 2280 978 2325 praefecto
1018 2280 1235 2325 praetorio,
1275 2281 1579 2315 consenserunt.
1629 2278 1778 2315 Verum

215 2325 260 2360 17
275 2326 342 2362 ille
369 2330 566 2362 excusata
593 2329 727 2363 aetate
752 2328 899 2363 renuit.
951 2327 1074 2363 Cuius
1107 2327 1232 2363 filium
1267 2338 1358 2362 cum
1394 2327 1656 2372 postularent,
1695 2337 1778 2362 non

277 2374 486 2420 concessit,
517 2375 588 2410 tali
614 2375 783 2421 imperio
812 2385 903 2410 cum
931 2375 983 2411 ob
1009 2378 1183 2411 aetatem
1210 2378 1293 2410 tum
1323 2375 1374 2410 ob
1402 2375 1695 2420 simplicitatem
1722 2375 1778 2410 in·

216 2421 262 2455 18
275 2422 388 2468 genii
421 2425 535 2458 ratus
568 2423 775 2468 imparem.
826 2422 969 2468 Itaque
1000 2433 1083 2458 una
1110 2433 1200 2458 cum
1229 2423 1374 2458 ceteris
1400 2425 1439 2457 et
1464 2423 1551 2468 ipse
1577 2421 1777 2459 Salustius

275 2469 604 2506 Valentinianum
632 2471 818 2516 quamvis
845 2470 1054 2507 absentem
1079 2481 1218 2517 regem
1246 2471 1438 2505 nominat.

145 2515 199 2551 19.
214 2515 262 2551 20
393 2517 588 2554 Iovianus
615 2518 664 2554 de
690 2518 889 2564 religione
915 2521 1025 2554 recte
1051 2519 1186 2562 sensit,
1227 2519 1289 2553 vir
1315 2518 1551 2561 benevolus,
1591 2518 1776 2562 quamvis

277 2565 358 2600 vini
386 2567 426 2601 et
451 2565 664 2602 libidinum
688 2566 1003 2612 intemperantia
1027 2566 1275 2610 vinceretur3
1303 2569 1459 2601 statura
1483 2565 1664 2610 eorporis
1689 2568 1777 2602 erat

214 2611 257 2646 21
275 2612 448 2656 excelsa,
489 2613 714 2649 litterarum
752 2624 833 2649 non
873 2613 997 2649 rudis.
1064 2613 1140 2655 Qui
1185 2624 1275 2648 cum
1314 2613 1535 2658 aliquando
1574 2612 1776 2648 Iulianum

274 2660 469 2696 acclivem
495 2661 629 2696 locum
655 2660 941 2697 ascendentem
966 2664 1012 2696 ut
1036 2661 1223 2696 tribunus
1249 2661 1520 2703 comitaretur,
1547 2663 1772 2696 extremum

213 2706 499 2753 22marginem
526 2718 734 2754 purpurae
761 2709 847 2744 eius
874 2707 1056 2744 calcavit.
1108 2707 1211 2743 Tum
1242 2708 1316 2752 ille,
1356 2709 1443 2744 sive
1478 2718 1528 2744 ex
1561 2708 1638 2743 hoc
1669 2708 1775 2743 coni-

275 2755 385 2790 ciens
403 2765 495 2790 eum
513 2756 672 2802 imperii
689 2757 777 2792 fore
795 2766 1080 2799 successorem,
1108 2757 1194 2792 sive
1214 2756 1378 2791 oraculo
1399 2755 1575 2800 quodam
1595 2755 1773 2797 edoctus,

214 2801 260 2837 23
275 2802 394 2838 dixit:
420 2803 558 2847 “Esto,
577 2804 611 2839 si
629 2803 748 2839 modo
770 2803 847 2849 [sit]
866 2803 1026 2840 h0m0”.
1076 2803 1297 2849 Imperavit
1315 2814 1396 2838 non
1414 2804 1598 2848 integros
1618 2812 1774 2838 menses

276 2852 384 2896 octo,
424 2860 571 2896 corpus
604 2852 691 2887 eius
723 2850 965 2897 Byzantium
1001 2851 1201 2898 perlatum
1234 2851 1273 2886 in
1304 2853 1536 2886 sanctorum
1575 2850 1774 2895 apostolo-

273 2907 362 2932 rum
389 2898 491 2933 aede
517 2899 719 2944 sepultum
746 2903 816 2943 est,
843 2899 914 2935 ubi
943 2902 1034 2946 post
1058 2909 1166 2936 uxor
1196 2899 1317 2934 etiam
1343 2899 1430 2934 eius
1450 2897 1612 2934 Charite
1630 2900 1691 2933 est
1716 2907 1774 2933 se—
