1968 3302
0 183 24 210 ε»
338 174 622 215 CONCILIVM
647 171 929 215 NICAENUM.
980 171 1228 210 Estmvs
1253 170 1494 210 ARIANVS.
1625 170 1670 209 21

169 301 260 344 υἱὸν
304 300 533 356 όμοούσιον
576 298 646 342 καὶ
690 298 894 354 ὁμότιμον
937 296 1008 340 καὶ
1045 296 1257 339 συναΐδιον
1295 295 1572 350 ε’δογμάτισαν
1610 300 1672 350 τῷ

167 372 304 426 πατρί,
348 370 420 412 τὸν
449 369 613 424 ’Ἀρειον
653 369 699 411 δὲ
737 369 808 411 καὶ
846 367 943 415 τοὺς
986 366 1133 422 ἐκείνῳ
1177 365 1429 421 ὁμόφρονας
1471 369 1543 420 τῆς
1586 367 1671 407 τῶν

168 440 423 495 ὂρθοδόξων
454 438 707 494 ὁμηγύρεως
738 438 1008 492 ἐξεκήρυξαν.

279 509 361 551 Ἦν
405 508 450 551 δὲ
493 511 578 549 τῶν
620 506 669 548 τὰ
703 506 866 560 Ἀρείου
903 504 1224 561 πρεσβευόντων
1261 503 1334 546 καὶ
1373 503 1397 545 ὁ
1434 502 1707 558 Παμφίλουὸ

131 576 386 634 5Εὗσέβιος,
424 581 496 632 τῆς
528 578 572 619 ἒν
602 575 857 630 Παλαιστίνῃ
891 574 1148 630 Καισαρείας
1177 572 1397 628 τυγχάνων
1429 571 1670 624 ἐπίσκοπος,

167 649 216 694 ὃς
256 648 469 702 μετέπειτα
513 647 669 700 λέγεται
713 645 941 700 ἀποστῆναι
984 648 1057 698 τῆς
1102 645 1176 684 τοῦ
1213 641 1378 696 Ἀρείου
1426 639 1554 694 δόξης
1600 639 1671 682 καὶ

167 716 523 771 ὁμογνωμονῆσαι
569 718 653 760 τοῖς
699 712 912 755 συναΐδιον
958 710 1030 754 τὸν
1072 711 1164 753 υἱὸν
1210 709 1281 752 καὶ
1328 708 1558 763 ὀμοούσιον
1609 713 1671 762 τῷ

165 785 291 839 πατρὶ
332 784 626 839 δογματίζουσι
663 783 734 824 καὶ
774 782 976 837 δεχθῆναι
1012 779 1129 835 παρὰ
1172 782 1258 821 τῶν
1300 778 1433 820 θείων
1474 777 1672 831 πατέρων

167 854 223 901 εἰς
254 854 488 896 κοινωνίαν.
552 853 664 894 οὕτω
695 851 774 906 μὲν
806 850 882 893 οὗν
917 849 1040 892 ταῦθ’
1081 847 1355 903 ἱστορούμενα
1392 846 1509 901 παρά
1546 847 1706 888 τινων9
1722 846 1754 883 Β

108 923 153 959 10
166 923 352 977 εὕρηται·
385 921 602 977 ἀμφίβολα
635 918 672 962 δ’
707 921 864 966 ἐκεῖνος
895 918 999 960 αὐτοὶ
1033 917 1084 960 δι’
1109 915 1172 959 ὧν
1202 917 1246 958 ἐν
1273 920 1323 971 τῇ
1353 915 1670 970 ἓκκλησιαστικῇ

10 993 69 1037 111
85 993 154 1031 185
167 992 324 1046 ἱστορίᾳ
356 992 523 1046 εὕρηται
554 989 910 1044 συγγραψάμενος
945 988 1093 1041 τίθησι.
1154 986 1369 1040 πολλαχοῦ
1409 984 1489 1039 γὰρ
1529 984 1573 1026 ἕν
1609 989 1671 1038 τῷ
1685 985 1731 1021 10

168 1061 377 1115 εἰρημένῳ
409 1060 701 1114 συγγράμματι
731 1057 978 1112 ἀρειανίζων
999 1054 1374 1109 καταλαμβάνεται,
1408 1053 1555 1095 αὐτίκα
1576 1053 1675 1107 περί

167 1145 251 1171 που
282 1129 356 1184 τὴν
388 1128 523 1183 ἀρχὴν
554 1132 627 1170 τοῦ
658 1127 820 1182 βιβλίου
851 1125 923 1167 τὸν
944 1124 1078 1179 Δαβὶδ
1109 1123 1289 1178 εἰσάγων
1317 1123 1487 1177 λέγοντα
1508 1121 1672 1168 “αῧτὸς

168 1197 265 1246 εἷπε,
297 1198 368 1239 καὶ
401 1197 677 1252 ἐγενήθησαν·
710 1195 836 1242 αὐτὸς
868 1194 1103 1247 ἐνετείλατο,
1136 1193 1208 1234 καὶ
1234 1192 1533 1247 ε’κτίσθησαν”,
1567 1191 1671 1246 φησὶ
1686 1192 1729 1228 11

107 1272 153 1308 15
166 1266 237 1309 τὸν
267 1267 346 1321 μὲν
375 1267 534 1321 πατέρα
566 1266 637 1308 καὶ
672 1264 847 1319 ποιητὴν
884 1264 946 1310 ὡς
983 1262 1159 1317 ποιητὴν
1195 1260 1467 1315 πανηγεμόνα
1505 1261 1668 1315 νομίζε-

166 1336 266 1378 σθαι
309 1336 514 1390 βασιλικῷ
555 1334 860 1389 προστάττοντα
905 1333 1088 1387 νεύματι,
1132 1331 1204 1373 τὸν
1249 1330 1294 1372 δὲ
1337 1330 1486 1372 τούτου
1532 1330 1669 1371 δευτε-

165 1405 339 1459 ρεύοντα
387 1405 504 1446 θεῖον
546 1403 672 1458 λόγον
714 1406 802 1449 ταῖς
845 1405 1064 1456 πατρικαῖς
1105 1401 1401 1455 ὑπουργοῦντα
1446 1399 1668 1453 ἐπιταγαῖς.

164 1543 188 1580 4
211 1544 291 1590 περὶ
316 1544 491 1591 Εὐσεβίου
517 1547 576 1580 τοῦ
601 1543 798 1589 Παμφίλου
826 1541 866 1588 C,
892 1541 914 1577 ὅ
937 1540 1135 1587 Παμφίλου
1162 1539 1336 1586 Εὐσέβιος
1364 1538 1572 1584 ἆρειανίζων
1597 1537 1629 1574 Ε

237 1677 259 1712 2
277 1678 481 1723 ὁμόφρονας
498 1676 625 1721 ἐκείνῳ
644 1675 795 1718 (ἐκείνου
813 1674 864 1719 D)
884 1673 981 1720 pr
1079 1673 1103 1708 4
1129 1675 1224 1708 ante
1242 1676 1312 1707 τῶν
1332 1671 1424 1707 add.
1443 1672 1518 1706 τότε
1532 1669 1668 1716 DEwp

237 1725 259 1761 6
284 1730 345 1761 τοῦ
372 1735 447 1761 om.
475 1725 506 1760 E
675 1724 798 1768 δόξης·
827 1723 863 1758 οἵ
886 1722 925 1758 δὲ
949 1721 1010 1758 καὶ
1037 1720 1104 1758 CD
1268 1720 1291 1756 8
1316 1720 1428 1756 θείων
1450 1717 1532 1764 AR,
1559 1719 1669 1764 ἁγίων

237 1773 339 1819 pr
437 1773 459 1808 9
479 1776 569 1818 post
586 1773 776 1807 κοινωνίαν
795 1771 886 1806 add.
907 1770 1025 1816 pr:
1050 1769 1184 1814 μᾶλλον
1200 1768 1320 1814 μέντοι
1337 1768 1375 1803 ἕν
1400 1773 1450 1813 τῷ
1475 1773 1667 1812 πρακτικῷ

237 1827 297 1867 τῆς
320 1821 465 1866 πρώτης
492 1821 643 1856 συνόδου
678 1820 739 1855 καὶ
769 1820 986 1864 ὑπερμαχῶν
1017 1818 1161 1863 εὕρηται
1197 1821 1269 1851 τῶν
1299 1820 1442 1860 πιστῶν,
1483 1826 1558 1852 om.
1586 1813 1667 1859 AE,

237 1871 304 1914 qui
333 1869 474 1905 eadem
502 1870 588 1904 fere
615 1868 773 1903 addunt
799 1870 818 1909 ἓ
840 1867 896 1911 17,
923 1866 994 1901 ubi
1020 1866 1118 1911 pr
1148 1865 1336 1900 omittunt
1434 1863 1480 1898 10
1505 1864 1668 1908 εὕρηνται

237 1917 268 1953 Ε
367 1917 409 1952 11
437 1918 580 1962 εὕρηται
608 1927 683 1952 om.
712 1916 741 1950 B
841 1915 887 1950 13
912 1913 1037 1961 Δαβὶδ]
1060 1913 1205 1948 Psalm.
1224 1912 1270 1948 32
1285 1912 1371 1956 (33),
1387 1911 1409 1947 9
1508 1911 1553 1946 14
1578 1911 1668 1956 ἔγεν-

235 1966 396 2010 νήθησαν
422 1965 464 2009 Ε,
492 1975 528 2000 v.
557 1964 609 2000 ad
634 1963 731 1999 XIII
758 1964 790 2007 1,
817 1963 839 1998 2
1015 1960 1117 2007 φησὶ]
1145 1960 1192 1996 Η.
1220 1961 1263 1996 Ε.
1290 1960 1307 1995 I
1334 1959 1366 2004 2,
1394 1960 1416 1995 5
1441 1959 1667 1995 Heinichen

238 2014 282 2049 15
297 2013 394 2048 ὡσάν
411 2013 555 2048 Euseb.
645 2011 796 2057 ποιητὴν
810 2011 870 2047 καὶ
883 2011 1106 2055 πανηγεμόνα
1121 2008 1266 2054 Cpr,
1280 2008 1505 2054 πανηγεμόνα
1519 2007 1666 2042 Euseb.

237 2060 293 2096 Di
397 2060 602 2105 νομίζεσθαι
628 2058 797 2105 prDi‚
825 2059 946 2104 νομίζε
971 2057 1006 2093 Α
1118 2057 1163 2092 16
1188 2057 1366 2102 βασιλικῷ
1392 2056 1536 2101 νεύματι
1560 2069 1667 2100 προσ-

236 2109 397 2143 τάττοντα
423 2108 567 2144 Euseb.
706 2107 761 2143 16.
790 2107 834 2142 17
861 2107 918 2141 τὸν
943 2105 982 2141 δὲ
1007 2106 1130 2141 τούτου
1157 2102 1665 2149 δευτερεύοντα-ἐπιταγαῖς]

237 2157 282 2192 V.
296 2157 427 2192 Vales.
446 2156 499 2191 ad
518 2156 663 2191 Euseb.
682 2155 732 2190 H.
749 2155 792 2190 E.
811 2154 829 2190 I
847 2154 880 2197 2,
895 2154 918 2190 5
993 2154 1037 2188 16
1063 2153 1312 2198 δευτερεύοντα
1337 2151 1377 2187 δὲ
1401 2152 1525 2186 τούτου
1552 2150 1592 2195 C,
1629 2150 1668 2186 δὲ

236 2205 349 2249 τούτῳ
375 2204 623 2249 δευτερεύοντα
648 2203 809 2238 Euseb..
934 2205 1025 2248 post
1049 2201 1152 2246 λόγον
1179 2200 1374 2236 nonnulla
1401 2199 1492 2235 add.
1518 2198 1666 2234 Euseb.

284 2258 355 2292 ταῖς
380 2257 567 2298 πατρικαῖς
590 2251 786 2293 ἐπιτάξεσιν
810 2251 1054 2295 ὑπουργοῦντα
1080 2249 1226 2285 Euseb.

284 2382 368 2420 Arii
407 2387 558 2420 sectam
597 2387 681 2418 tum
721 2382 1032 2428 amplexabatur
1067 2382 1188 2416 etiam
1222 2380 1422 2415 Eusebius
1458 2376 1704 2424 Pamphili,8

166 2432 392 2469 Caesareae
411 2431 667 2467 Palaestinae
686 2431 911 2477 episcopus,
941 2439 1059 2474 quem
1088 2428 1255 2474 posthac
1282 2428 1501 2463 descivisse
1528 2427 1668 2461 dicunt

166 2481 217 2516 ab
237 2479 391 2516 Ariana
418 2480 609 2526 opinione
636 2482 675 2514 et
702 2478 954 2514 consensisse
982 2488 1070 2511 (eum
1099 2477 1146 2511 iis
1173 2477 1240 2521 qui
1268 2476 1390 2510 filium
1418 2476 1523 2520 patri
1551 2484 1666 2509 coae-

166 2532 324 2564 ternum
360 2527 622 2572 eiusdemque
657 2530 831 2562 naturae
865 2536 953 2560 osse
991 2525 1137 2559 docent
1174 2528 1213 2559 et.
1246 2535 1269 2558 a
1303 2523 1450 2558 divinis
1483 2523 1666 2568 patribus

166 2576 217 2611 ad
251 2576 574 2611 communionem
605 2577 825 2620 receptum.
877 2572 942 2610 Sic.
974 2574 1073 2607 haec
1108 2583 1131 2606 a
1165 2572 1368 2606 nonnullis
1399 2571 1585 2616 exposita
1610 2568 1703 2605 νει-9

167 2625 398 2670 periuntur;
431 2623 500 2658 sed
536 2623 730 2668 ambigua
762 2622 828 2657 ille
861 2632 908 2656 oa
941 2621 1073 2656 reddit
1100 2621 1158 2664 iis,
1194 2630 1299 2664 quae
1326 2620 1364 2653 in
1394 2619 1667 2654 ecclesiastica

167 2671 332 2708 historia
355 2672 406 2707 ab
434 2681 482 2706 eo
509 2671 732 2716 composita
758 2670 1033 2705 inveniuntur.
1087 2667 1389 2713 Saepenumero
1417 2667 1522 2702 enim
1546 2667 1585 2701 in
1606 2677 1666 2708 eo,
1684 2664 1728 2698 10

167 2719 217 2755 de
244 2729 323 2765 quo
352 2719 538 2762 diximus,
566 2719 714 2764 scripto
735 2717 832 2753 Ario
859 2718 1000 2751 favore
1029 2715 1362 2760 ‹leprelienditur3
1390 2726 1437 2749 ao
1465 2715 1596 2750 statim
1625 2714 1665 2748 in

167 2767 257 2803 libri
284 2768 368 2803 fere
395 2767 508 2802 initio
536 2765 734 2802 Davidem
760 2765 958 2800 inducens
985 2765 1183 2798 dicentem
1211 2763 1324 2808 “Ipse
1351 2762 1452 2797 dixit
1481 2766 1521 2798 et
1557 2763 1666 2797 facta

168 2818 271 2859 sunt,
302 2815 389 2861 ipse
422 2814 631 2850 mandavit
663 2817 702 2849 et
734 2817 870 2848 creata.
897 2812 1011 2847 sunt?⁹
1038 2812 1094 2846 ait
1121 2814 1274 2856 pan-em
1302 2814 1341 2846 et
1368 2811 1563 2846 factorem
1593 2820 1664 2855 pro
1683 2808 1724 2842 11

168 2863 322 2899 faetore
350 2866 388 2899 et
415 2863 591 2898 onmium
620 2872 754 2898 rerum
782 2861 885 2897 duce
914 2861 1063 2904 haberi,
1099 2860 1165 2905 qui
1200 2859 1314 2904 regio
1347 2862 1451 2895 nutu
1483 2859 1665 2904 imperet,
