2054 3282
309 231 378 294 3iss
665 256 844 295 z0NAR.
873 256 1002 293 EPIT.
1030 254 1101 292 xv
1128 255 1183 302 17,
1210 254 1362 301 20-18,
1390 253 1445 292 12.

307 381 515 435 κρίνοντες
552 380 652 422 εἶναι
688 380 840 422 παθεῖν
876 379 1069 433 μετρίους
1105 378 1215 425 τινὰς
1251 380 1276 433 ἢ
1313 378 1456 433 πλήθη
1493 377 1665 432 πάσχειν
1702 378 1800 419 ἄνά-

248 450 453 503 21ριθμα.
516 451 555 491 οἱ
588 449 632 491 δὲ
663 449 754 502 περὶ
787 447 858 489 τὸν
888 447 1057 501 βασιλέα
1090 447 1160 488 καὶ
1187 448 1211 489 ὁ
1233 447 1461 501 Στουδίτης
1483 445 1710 502 Θεόδωρος
1731 448 1803 495 τοὶς

308 518 492 564 σπονδὰς
530 518 807 572 ἀπηγόρευον,
853 516 1037 569 λέγοντες
1073 516 1132 570 μὴ
1173 516 1257 557 δεῖν
1298 515 1506 557 ἐκδιδόναι
1545 516 1641 562 τοὺς
1670 517 1801 570 πρόσ-

248 588 294 623 22
307 603 455 640 φυγας.
518 588 561 627 αῖ
596 586 673 640 μὲν
711 584 786 626 οὖν
824 584 932 637 πρὸς
968 584 1064 630 τοὺς
1097 585 1372 639 Βουλγάρους
1403 584 1581 626 σπονδαὶ
1613 585 1804 626 ἐντεῦθεν

248 655 293 691 ‘23
307 655 559 697 κεκώλυντο.
623 654 674 708 ἦν
707 653 785 707 γὰρ
819 653 842 694 ὁ
875 653 1150 706 αὐτοκράτωρ
1183 651 1305 699 οὗτος
1331 652 1402 694 τὸν
1422 652 1500 706 μὲν
1520 652 1676 706 τρόπον
1698 655 1838 708 χρη-5

307 723 402 769 στὸς
423 723 493 764 καὶ
513 722 587 777 τὴν
607 723 737 763 πίστιν
759 721 903 775 ὀρθός,
925 721 1018 775 περὶ
1041 721 1085 763 δὲ
1106 722 1368 776 πραγμάτων
1390 722 1634 774 οἰκονομίαν
1655 722 1803 777 νωθὴς

306 791 376 832 καὶ
407 796 491 838 τοῖς
521 791 769 845 ὑπερέχουσι
800 795 886 832 τῶν
918 790 1135 845 ἀρχόντων
1167 790 1250 845 ὅπῃ
1284 792 1335 832 ἂν
1361 791 1500 844 ἄγοιτο
1523 790 1683 844 ῥᾳδίως
1703 790 1802 833 ἑπό-

305 875 444 913 μενος.

239 924 291 966 18
426 928 628 982 Κομήτης
660 925 695 969 δ’
731 927 860 982 ἀστὴρ
893 927 1026 982 ἐφάνη
1059 927 1148 969 τότε
1179 927 1473 982 σχηματισθεὶς
1504 928 1559 974 εἷς
1591 928 1678 983 εἴδη
1712 927 1800 970 διά-

306 1011 434 1050 φορα,
479 994 542 1038 ὧν
572 996 726 1050 λέγεται
763 996 864 1038 εἶναι
894 996 965 1037 καὶ
997 996 1232 1049 ἀνθρώπου
1266 1001 1406 1051 σχῆμα
1438 996 1570 1051 χωρὶς
1600 996 1798 1051 κεφαλῆς.
1818 997 1862 1034 10

214 1066 245 1102 Β
271 1067 293 1102 2
431 1064 482 1107 Oi
512 1065 751 1119 Βούλγαροι
783 1066 922 1119 μέντοι
953 1070 1024 1119 τῆς
1051 1066 1330 1119 ΛἸΙεσημβρίας
1360 1065 1639 1120 κρατήσαντες
1668 1064 1801 1107 πολλὰ

306 1134 349 1175 ἓν
380 1134 504 1188 ταύτῃ
538 1135 751 1188 εὖρήκασι,
795 1133 897 1188 μετὰ
934 1139 1020 1175 τῶν
1051 1133 1190 1175 ἄλλων
1223 1134 1267 1175 δὲ
1298 1134 1367 1175 καὶ
1399 1138 1472 1175 τοῦ
1504 1134 1635 1188 ὑγροῦ
1666 1133 1802 1188 πυρὸς

269 1202 384 1243 3οὗκ
425 1202 648 1257 ἐλάχιστον.
712 1202 992 1256 αἰχμαλώτων
1032 1199 1068 1243 δ’
1108 1202 1425 1244 ἐπανελθόντων
1462 1208 1598 1256 τινῶν,
1642 1202 1802 1257 μαθὼν

305 1271 352 1312 ἔκ
395 1271 556 1313 τούτων
593 1271 617 1312 ὁ
653 1270 844 1326 βασιλεὺς
886 1271 1114 1325 βούλεσθαι
1156 1270 1228 1312 τὸν
1272 1270 1473 1325 Κροῦμον
1515 1271 1589 1326 τὴν
1625 1269 1801 1325 Θρᾴκην

268 1339 539 1393 4ληίσασθαι,
573 1340 723 1394 ἐξῆλθε
753 1344 825 1394 τῆς
855 1339 1032 1385 πόλεως.
1096 1339 1198 1380 ὅθεν
1220 1339 1344 1381 οὐδὲν
1366 1337 1429 1380 ὧν
1451 1340 1618 1394 ε’μελέτα
1642 1339 1800 1394 δράσας
1817 1339 1860 1375 15

304 1408 328 1450 ὁ
359 1408 589 1463 βάρβαρος,
627 1407 728 1449 ἀλλὰ
761 1408 831 1449 καὶ
861 1407 1041 1454 πολλοὺς
1071 1413 1157 1449 ταῖν
1189 1408 1355 1449 οἰκείων
1387 1408 1617 1462 ἀποβαλὼν
1648 1409 1797 1451 ὗπενό-

304 1573 326 1609 5
352 1574 423 1613 οἷος
450 1573 494 1619 ἦν
518 1573 555 1609 τὸ
580 1574 670 1619 ἦθος
695 1576 715 1610 ὁ
739 1575 887 1620 Μιχαήλ
915 1574 1090 1620 (βασιλεύς
1108 1575 1153 1618 Ε)
1180 1573 1248 1609 ΑΕ
1334 1575 1528 1619 σημείωσαι
1555 1575 1586 1609 Ε
1677 1575 1720 1610 11
1747 1577 1797 1610 ὅτι

302 1621 434 1666 μαθὼν
459 1623 480 1657 ὁ
502 1622 666 1668 βασιλεὺς
696 1623 834 1667 μέλλειν
859 1622 939 1661 τοὺς
965 1622 1194 1667 Βουλγάρους
1226 1628 1268 1668 τῇ
1297 1623 1423 1667 Θρᾴκῃ
1451 1623 1620 1667 ἐπελθεῖν,
1658 1623 1798 1668 ἐξῆλθε.

305 1668 368 1705 CE
398 1670 459 1705 καὶ
490 1671 526 1704 οἶ
550 1670 615 1715 μὲν
640 1671 839 1715 Βούλγαροι
864 1671 1037 1715 ἄπρακτοι
1063 1670 1218 1714 ἐζιιειναν·
1257 1670 1390 1709 ἐκεῖνος
1417 1670 1456 1705 δὲ
1481 1669 1542 1716 τὴν
1568 1671 1702 1706 οἰκείαν
1726 1671 1797 1717 χώ-

303 1731 369 1762 ραν
393 1717 450 1754 διὰ
475 1723 534 1763 τῆς
557 1719 768 1763 προσεδρίας
793 1723 852 1754 τοῦ
879 1723 1026 1763 στρατοῦ
1051 1718 1185 1753 ἐκάκου
1212 1717 1241 1754 C

377 1873 395 1907 1
423 1874 602 1918 κρίνοντες
627 1872 712 1909 εἶναι
737 1874 866 1909 παθεῖν
890 1874 1053 1918 μετρίους
1079 1871 1159 1916 AR,
1186 1872 1272 1908 εἶναι
1295 1874 1422 1908 παθεῖν
1440 1874 1618 1918 κρίνοντες
1635 1875 1799 1919 μετρίους

377 1921 485 1966 Ewp,
511 1922 688 1966 κρίνοντες
713 1921 799 1956 εἶναι
822 1923 985 1966 μετρίους
1002 1922 1130 1956 παθεῖν
1157 1920 1186 1957 C
1259 1921 1282 1955 3
1308 1921 1473 1956 ἐκδοῦναι
1493 1921 1591 1966 pr
1665 1922 1688 1956 4
1711 1921 1799 1966 πρὸς

377 1979 451 2003 om.
472 1968 555 2013 W*p
575 1969 711 2004 invitis
733 1968 804 2004 AR
901 1969 923 2004 5
946 1969 1162 2003 κεκώλυνται
1185 1969 1279 2014 Ewp
1379 1969 1399 2003 7
1426 1969 1635 2013 ὑπερέχουσι
1654 1968 1798 2015 AEwp,

374 2016 411 2050 ἐν
438 2017 623 2061 ὑπεροχαῖς
643 2016 673 2051 O
771 2022 841 2051 τῶν
865 2017 1048 2061 ἀρχόντων
1075 2027 1148 2052 om.
1166 2016 1196 2051 O
1294 2018 1373 2050 ὅποι
1400 2016 1534 2062 DEwp
1632 2017 1800 2062 ἀγόμενος

375 2064 472 2109 Ewp
569 2064 591 2099 9
617 2063 656 2098 δὲ
682 2063 847 2109 EwpDz',
872 2064 987 2108 μέντοι
1015 2063 1045 2099 Ο
1143 2064 1384 2109 σχηματηθεὶς
1411 2064 1441 2099 Ε
1544 2065 1621 2109 εἴδη
1648 2063 1799 2109 Apr,

376 2111 407 2146 E
433 2122 534 2146 corr.
562 2122 612 2146 ex
640 2112 720 2157 ἤδη,
746 2112 814 2157 ἤδη
842 2112 876 2146 R
1040 2111 1084 2146 10
1111 2115 1200 2156 post
1226 2111 1277 2146 ὧν
1303 2111 1395 2146 add.
1422 2112 1482 2146 καὶ
1507 2112 1543 2146 ἓν
1569 2112 1677 2157 Ewp,
1704 2113 1741 2147 ἓν
1767 2111 1798 2148 Ο

425 2159 466 2193 11
494 2161 530 2194 οἱ
543 2160 578 2205 β.
596 2159 712 2204 μέντοι
731 2158 876 2206 AEwp,
904 2160 941 2194 οἱ
955 2159 1032 2205 δέγε
1048 2160 1084 2205 β.
1104 2159 1146 2203 O,
1176 2170 1213 2195 V.
1229 2159 1301 2195 XV
1322 2159 1375 2203 19,
1393 2159 1437 2195 13
1537 2159 1582 2194 12
1605 2160 1799 2206 εὑρήκασιν

374 2206 412 2242 ἓν
436 2206 524 2252 αὐτῇ
550 2206 581 2243 O

304 2359 408 2394 inter
427 2363 582 2395 ceteras
601 2361 711 2405 pacis
735 2360 985 2396 conditiones
1011 2361 1210 2395 barbarus
1238 2359 1476 2405 postularat)
1505 2359 1735 2404 patriarcha
1759 2361 1799 2393 et

305 2407 536 2442 sacerdotes
568 2411 776 2452 praestare
809 2408 1030 2443 censebant
1062 2408 1285 2452 transfugis
1317 2407 1475 2441 traditis
1509 2417 1661 2451 paucos
1695 2406 1798 2440 male

245 2450 289 2485 21
305 2455 480 2496 tractari,
500 2465 619 2499 quam
640 2455 781 2490 turbas
801 2456 1126 2490 innumerabiles.
1154 2454 1230 2490 Sed
1251 2458 1458 2489 senatores
1477 2454 1597 2488 aulici
1617 2457 1655 2489 ct
1671 2453 1797 2488 Theo-

305 2501 428 2536 dorus
448 2501 606 2538 Studita
625 2513 725 2548 pace
750 2503 965 2547 repudiata
992 2503 1193 2547 supplices
1220 2502 1438 2536 tradendos
1465 2511 1551 2535 esse
1579 2502 1796 2546 negabant.

174 2544 291 2581 2223
305 2549 418 2590 Quae
442 2560 506 2584 rcs
533 2551 623 2595 paci
655 2550 898 2596 Bulgaricae
933 2550 1219 2595 impedimento
1254 2550 1339 2584 fuit.
1389 2549 1489 2584 Nam
1518 2551 1604 2583 erat
1637 2549 1797 2593 quidem

304 2597 523 2641 imperator
551 2598 612 2632 hic
642 2598 807 2643 ingenio
840 2597 919 2633 leni
951 2602 991 2633 et
1024 2597 1101 2632 fide
1135 2600 1256 2640 rect-a,
1296 2596 1365 2632 sed
1404 2596 1456 2630 ad
1493 2606 1558 2630 res
1596 2596 1799 2641 gerendas

305 2644 457 2684 tardus,
484 2645 602 2680 facile
628 2649 801 2689 secutus,
829 2655 1074 2690 quocunque
1100 2655 1124 2679 a
1151 2645 1386 2690 proceribus
1413 2643 1648 2678 ducebatur.

427 2693 479 2726 18.
507 2692 609 2727 Tum
637 2693 750 2728 stella
781 2693 923 2727 crinita
950 2693 1149 2738 apparuit,
1189 2702 1294 2736 quae
1327 2691 1461 2725 varias
1494 2691 1642 2725 formas
1669 2691 1799 2735 expri-

306 2739 449 2779 mebat,
488 2750 658 2784 quarum
686 2741 809 2775 fuisse
836 2741 964 2774 fertur
991 2739 1109 2775 etiam
1141 2739 1310 2773 hominis
1342 2738 1515 2773 carentis
1548 2739 1690 2783 capite.

269 2783 292 2817 2
427 2786 590 2831 Bulgari
609 2790 743 2822 tamen
764 2787 1001 2822 Mesembria
1021 2787 1135 2831 potiti
1157 2796 1248 2821 cum
1275 2786 1399 2820 multa
1427 2786 1505 2819 alia
1531 2786 1586 2819 ibi
1613 2795 1798 2830 reppere-

270 2831 292 2865 3
306 2836 409 2873 runt,
434 2838 518 2868 tum
539 2835 644 2877 ignis
664 2833 807 2870 Graeci
827 2845 907 2869 non
929 2845 1080 2879 parum.
1133 2833 1232 2869 Cum
1251 2836 1386 2868 autem
1408 2843 1479 2868 rex
1509 2843 1530 2866 e
1556 2832 1796 2877 quibusdam

306 2881 475 2925 captivis
514 2881 718 2917 didicisset
755 2882 858 2917 velle
891 2881 1081 2917 Grumum
1119 2881 1331 2916 Thraciam
1370 2880 1567 2925 populari,
1607 2890 1657 2914 ex
1697 2880 1799 2915 urbe

269 2925 494 2972 4egressus
521 2933 591 2964 est.
642 2929 847 2966 Barbarus
876 2930 1000 2979 igitur
1032 2929 1187 2966 omissis
1221 2928 1432 2966 conatibus
1464 2927 1678 2974 nullusque
1710 2937 1798 2963 suo-
