2054 3282
285 285 522 327 SYNODVS
546 276 784 326 SEPTIMA.
834 284 1228 325 CONSTANTINVS
1253 283 1415 323 SOLVS
1441 284 1558 322 REX.
1615 285 1684 322 291

188 410 370 466 μείρακα
406 410 646 464 παρελάσας
684 410 708 451 ὁ
746 409 938 465 βασιλεὺς
969 409 1285 455 Κωνσταντῒνος
1323 407 1402 464 καὶᾶ
1434 408 1491 454 εἷς
1522 407 1687 449 νεανίαν

189 479 314 521 τελεῖν
351 479 560 534 ἠργμένος
598 478 853 533 (εἰκοσαέτης
887 478 966 533 γὰρ
998 477 1066 533 ἦν)
1105 477 1177 519 καὶ
1215 477 1332 531 ὁρῶν
1371 477 1533 518 ἅπαντα
1570 474 1687 530 παρὰ

189 551 262 602 τῆς
298 546 458 602 μητρὸς
497 547 833 601 οἶκονομούμενα
867 547 939 588 καὶ
970 546 1237 600 Σταυράκιον
1267 545 1339 588 τὸν
1368 545 1586 599 πατρίκιον
1616 545 1688 586 καὶ

189 615 420 670 λογοθέτην
456 614 505 656 τὰ
537 615 670 656 πάντα
703 615 937 669 δυνάμενον
968 614 1117 656 ἑαυτὸν
1149 614 1195 656 δὲ
1225 613 1409 669 μηδενὸς
1439 613 1688 667 ἀξιούμενον

154 683 332 737 5λόγου,
369 683 525 737 ἤχθετο
556 683 627 724 καὶ
656 683 760 738 μετά
798 699 922 725 τινων
961 686 1045 724 τῶν
1083 699 1125 723 τε
1162 687 1235 737 τῆς
1266 682 1499 737 συγκλήτου
1529 681 1689 736 βουλῆς

188 751 260 794 καὶ
294 754 380 793 τῶν
416 751 769 806 ὑπηρετουμένων
808 752 925 805 αὐτῷ
965 751 1180 806 ἐμελέτησε
1216 750 1289 792 τὸν
1318 750 1586 804 Σταυράκιον
1615 754 1688 804 τῆς

189 820 323 875 ἀρχῆς
352 819 545 861 καθελεῖν
575 819 647 860 καὶ
676 820 934 874 ποιήσασθαι
962 819 1197 873 ὑπερόριον.
1261 819 1525 873 γνωσθέντος
1547 818 1593 860 δὲ
1613 822 1686 860 τοῦ
1703 824 1747 860 18

188 887 487 943 βουλεύματος,
531 887 627 934 τοὺς
656 887 735 941 μὲν
771 891 846 930 τοῦ
889 887 1095 942 βασιλέως
1134 887 1398 941 θεράποντας
1435 886 1533 934 τοὺς
1570 887 1688 941 αὐτῷ

189 957 520 1011 συμμετέχοντας
550 956 719 1010 τύψασα
749 957 908 1003 πάντας
938 956 1009 998 καὶ
1034 956 1258 1010 ψιλώσασα
1279 959 1365 997 τῶν
1385 959 1540 1010 τριχῶν
1560 956 1586 1010 ἡ
1608 956 1687 1010 βα-

133 1035 177 1071 10
190 1025 345 1067 σίλισσα
377 1025 527 1071 ἄλλους
558 1025 659 1079 ἄλλῃ
693 1025 879 1079 ἐξώρισε,
911 1024 1007 1071 τοὺς
1039 1025 1076 1066 δ’
1111 1025 1158 1066 ἐκ
1190 1029 1261 1079 τῆς
1293 1024 1526 1079 συγκλήτου
1548 1024 1687 1078 ἀτιμίᾳ
1702 1031 1747 1067 19
1773 1030 1804 1066 Β

188 1093 471 1148 περιβαλοῦσα
508 1092 605 1139 τοὺς
641 1093 720 1147 μὲν
751 1093 976 1147 ἀπροΐτους
1006 1097 1091 1135 τῶν
1122 1093 1242 1135 ι’ὅίων
1273 1094 1406 1134 οἴκων
1436 1091 1537 1134 εἷναι
1567 1093 1687 1134 κεκέ-

190 1162 324 1215 λευκε,
367 1165 452 1203 τῶν
490 1162 535 1203 δὲ
572 1162 643 1204 καὶ
681 1162 909 1216 ὑπερορίαν
952 1162 1280 1217 κατεψηφίσατο.
1342 1161 1444 1203 ἀλλὰ
1488 1161 1575 1216 μὴν
1617 1160 1749 1205 καὶ20

188 1230 260 1273 τὸν
290 1230 382 1272 υἱὸν
412 1231 657 1285 αἰκισαμένη
689 1230 760 1272 καὶ
791 1231 1124 1286 λοιδορησαμένη
1146 1231 1334 1285 προϊέναι
1355 1230 1584 1272 κεκώλυκε.
1638 1228 1687 1271 τὰ
1700 1238 1745 1274 21

191 1299 236 1341 δὲ
268 1299 549 1353 στρατεύματα
583 1299 751 1353 ὀμνύειν
782 1299 991 1354 ἠνάγκαζε
1021 1299 1080 1354 μὴ
1115 1299 1318 1347 δέξασθαι
1348 1298 1420 1341 τὸν
1447 1298 1540 1340 υἱὸν
1561 1298 1689 1353 αὐτῆς

134 1378 177 1414 15
191 1369 248 1414 εἷς
285 1368 525 1422 αὖταρχίαν,
571 1368 712 1422 ζώσης
748 1368 917 1422 ἐκείνης.
980 1367 1051 1409 καὶ
1083 1368 1123 1409 οἱ
1151 1367 1230 1421 μὲν
1261 1367 1376 1409 ἄλλοι
1406 1367 1478 1408 καὶ
1517 1367 1688 1413 ἄκοντες
1701 1376 1748 1412 22

191 1437 376 1490 ὤμνυον,
421 1437 461 1477 οἱ
498 1435 542 1477 δὲ
581 1440 653 1477 τοῦ
691 1436 876 1490 θέματος
906 1439 991 1477 τῶν
1016 1436 1306 1490 Ἀρμενιακῶν
1337 1436 1416 1490 οὐχ
1447 1436 1688 1490 ὑπέκυψαν,

192 1583 236 1620 16
259 1597 320 1619 και
345 1584 395 1619 ὅτι
420 1584 458 1619 οἱ
479 1588 540 1620 τοῦ
566 1583 716 1629 θέματος
742 1588 813 1619 τῶν
835 1584 1075 1646 Ἀρμενιακῶν
1100 1589 1140 1631 τῇ
1164 1584 1277 1631 βουλῇ
1302 1589 1363 1630 τῆς
1393 1584 1573 1631 βασιλίδος
1596 1584 1689 1622 ἀντέ-

189 1645 318 1678 στησαν
343 1631 385 1676 Ε,
412 1632 462 1666 ὅτι
487 1637 556 1671 τοῖς
578 1632 814 1677 Ἀρμενιακοῒς
839 1633 900 1668 καὶ
918 1634 956 1667 οἱ
970 1637 1040 1668 τῶν
1057 1633 1175 1668 ἄλλων
1192 1632 1360 1678 θεμάτων
1377 1633 1689 1679 συμφρονήσαντες

188 1679 247 1715 τὸν
271 1679 536 1715 Κωνσταντῒνον
560 1681 670 1725 μόνον
694 1679 891 1726 εὐφήμουν.
924 1694 984 1716 και
1009 1681 1073 1716 ὅσα
1098 1681 1232 1720 ἐκεῖνος
1257 1680 1447 1726 προελθὼν
1471 1681 1633 1726 ἐποίησεν
1659 1681 1689 1718 C

262 1820 281 1855 1
307 1821 442 1860 νεανίας
468 1819 566 1867 pr
685 1820 708 1856 2
733 1820 904 1867 ἠργμένος
929 1819 1098 1868 prDz'‚
1125 1821 1305 1867 εἱργμένος
1330 1821 1366 1857 Α
1486 1822 1689 1884 εἰκοσαέτης

260 1867 327 1914 γὰρ
352 1868 396 1914 ἦν
422 1879 498 1904 om.
514 1868 546 1904 Ο
643 1869 717 1914 ὁρῶ
737 1869 782 1913 D,
810 1879 912 1904 corr.
927 1869 995 1907 Dw
1093 1869 1128 1905 2.
1144 1871 1168 1906 3
1194 1871 1326 1906 ἅπαντα
1350 1869 1446 1916 παρὰ
1471 1875 1531 1916 τῆς
1554 1871 1689 1916 μητρὸς

261 1916 542 1961 οἰκονομούμενα
561 1915 707 1963 AEwp,
733 1916 796 1962 τὴν
818 1917 954 1962 μητέρα
980 1917 1257 1954 ἐναυθεντοῦσαν
1282 1921 1334 1959 (V.
1354 1917 1390 1953 ΙΙ
1418 1929 1454 1964 p.
1481 1918 1562 1963 339,
1588 1918 1690 1963 5)ε’ν

260 1965 365 1999 ἅπασι
391 1963 434 2007 Ο,
461 1970 629 2000 matrem
656 1975 729 2010 pro
755 1966 999 2001 auctoritate
1024 1975 1151 2012 agere
1178 1966 1329 2001 omnia:
1365 1966 1433 2002 Wo
1459 1967 1525 2002 lat.

260 2011 294 2047 3.
312 2012 346 2047 6.
373 2022 409 2058 p.
424 2011 504 2056 292,
521 2012 566 2047 12
582 2012 796 2058 σταβράκιον
814 2012 844 2047 Ε
941 2013 964 2048 3
982 2013 1040 2049 τόν
1058 2024 1134 2049 om.
1153 2013 1240 2060 w*p
1259 2014 1397 2050 invitis
1418 2013 1490 2049 AR
1585 2014 1609 2050 4
1623 2014 1689 2060 μή·

260 2073 352 2098 τινος
375 2059 408 2095 Ο
505 2060 528 2095 5
551 2059 624 2105 μετ’
650 2060 754 2096 ἐνίων
780 2059 812 2096 O
909 2074 945 2095 τε
971 2071 1047 2097 om.
1074 2060 1173 2107 pr
1270 2067 1331 2108 τῆς
1357 2072 1434 2098 om.
1453 2061 1485 2097 E
1581 2062 1606 2098 8
1629 2062 1690 2098 αὐ·

261 2112 322 2143 τοῦ
350 2107 411 2143 BC
561 2108 604 2143 10
627 2107 764 2153 ἐξόρισε
790 2108 886 2154 Ewp
1032 2107 1072 2144 δὲ
1095 2072 1263 2168 ¹13²²·’(p?)wp
1417 2111 1458 2145 11
1485 2109 1630 2145 οἰκείων
1657 2109 1689 2145 Ο

309 2155 499 2190 κεκέλευκε
513 2154 658 2201 AEwp‚
675 2156 858 2200 κατέκρινε
873 2155 905 2191 O
979 2156 1025 2191 12
1042 2157 1102 2191 καὶ
1122 2158 1235 2203 prius
1251 2167 1326 2192 om.
1343 2156 1372 2194 C
1446 2158 1637 2203 ὑπερορίας
1653 2157 1689 2192 D

265 2202 309 2238 13
342 2206 432 2248 post
463 2203 619 2247 προιέναι
660 2203 752 2239 add.
790 2203 850 2239 καὶ
888 2204 1110 2249 δημοσιεύειν
1141 2204 1251 2251 pr‚
1290 2215 1328 2241 v.
1355 2215 1512 2252 argum.
1539 2205 1591 2240 ad
1618 2204 1690 2241 XV

265 2251 390 2294 11,17
491 2251 533 2286 14
558 2251 598 2286 δὲ
624 2261 698 2287 om.
723 2251 753 2286 E
852 2252 896 2286 15
921 2252 1057 2296 ἐκείνης
1084 2251 1203 2295 ABD,
1228 2253 1335 2299 αὐτῆς
1362 2253 1459 2299 pr
1558 2253 1604 2288 16
1629 2252 1689 2298 ἀρ-

261 2302 442 2343 μενιακῶν
468 2308 519 2334 ex
546 2298 628 2344 ἆρμ.
656 2308 756 2335 corr.
785 2298 820 2334 D

192 2437 404 2483 factusque
433 2436 610 2473 adultior
647 2439 755 2479 (nam
785 2437 927 2483 viginti
954 2447 1084 2473 annos
1110 2440 1230 2473 natus
1257 2437 1360 2476 erat)
1401 2447 1492 2474 cum
1519 2440 1688 2474 matrem

191 2495 317 2531 agere
342 2485 477 2520 omnia
503 2485 659 2521 videret
685 2489 725 2520 et
746 2484 1013 2529 stauracium,
1042 2486 1254 2531 patricium
1281 2489 1322 2521 et
1348 2485 1606 2532 logothetam,
1634 2486 1690 2521 ni-

193 2533 244 2568 hii
271 2543 351 2568 non
380 2542 509 2579 posse,
547 2533 608 2568 sui
639 2543 737 2568 vero
764 2533 913 2568 nullam
940 2534 1138 2568 rationem
1166 2533 1318 2577 haberi,
1357 2543 1484 2579 aegre
1509 2533 1575 2569 ille
1600 2533 1691 2569 tulit

192 2584 232 2616 et
254 2580 419 2616 consilio
446 2590 536 2616 cum
562 2580 805 2625 quibusdam
825 2581 1081 2616 senatoribus
1107 2581 1271 2626 suisque
1298 2581 1488 2616 ministris
1515 2581 1613 2616 inito
1640 2581 1690 2618 de

192 2629 432 2673 magistratu
458 2627 670 2664 Stauracio
697 2628 938 2674 abrogando
966 2638 1098 2674 eoque
1124 2628 1346 2674 relegando
1373 2629 1582 2675 cogitavit.
1632 2628 1689 2664 Eo
1706 2629 1751 2664 18

192 2676 358 2711 consilio
385 2677 548 2720 cognito
577 2677 719 2722 regina
745 2677 948 2711 ministros
964 2677 1101 2722 regios
1127 2675 1232 2711 iliius
1258 2676 1315 2711 rei
1342 2677 1525 2712 conscios
1552 2686 1691 2712 omnes

194 2722 432 2759 verberibus
458 2724 625 2758 aii'ectos
651 2728 690 2759 et
719 2723 807 2769 pilis
822 2723 997 2760 nudatos
1023 2725 1123 2759 aiios
1149 2724 1228 2759 aiio
1244 2724 1454 2770 relegavit,
1481 2728 1690 2760 senatores
1707 2724 1750 2760 19

192 2776 325 2806 autem
354 2771 576 2817 ignominia
615 2776 775 2807 notatos
810 2772 955 2817 partim
996 2771 1115 2807 domo
1155 2772 1268 2807 exire
1295 2772 1435 2815 vetuit,
1475 2772 1620 2817 partim
1649 2772 1689 2807 in

192 2819 355 2854 exilium
383 2819 498 2854 misit.
548 2818 628 2854 Sed
660 2825 700 2854 et
738 2819 861 2855 tilium
897 2820 1151 2855 excruciavit
1188 2824 1228 2855 et
1266 2819 1461 2854 conviciis
1492 2819 1751 2855 insectatam

193 2866 355 2913 prodire
377 2867 415 2901 in
443 2866 646 2912 pubiicum
667 2867 882 2913 prohibuit,
910 2868 1007 2913 quin
1026 2871 1066 2902 et
1084 2867 1266 2913 legiones
1284 2870 1538 2903 sacramento
1553 2866 1748 2913 adige-21

195 2914 273 2959 bat,
307 2924 358 2950 ne
393 2924 437 2950 so
463 2915 626 2950 vivente
662 2915 786 2950 tilium
824 2915 877 2950 ad
916 2915 1127 2961 imperium
1160 2914 1429 2950 admitterent.
1480 2913 1540 2950 Ac
1566 2915 1750 2951 ceteri22

194 2962 258 2999 vel
291 2962 404 3000 iuviti
432 2962 632 3008 iurabant,
661 2962 732 2999 sod
759 2962 1027 2999 Armeniacae
1053 2962 1234 3010 legiones
1261 2962 1417 2999 mulieri
1455 2972 1537 2999 non
1564 2972 1690 3000 cesse-
