2054 3282
217 213 500 255 MAVRICIVS
515 212 766 254 CHAGANO
779 210 1040 253 LEGIONES
1049 210 1424 252 TRVCIDANDAS
1439 211 1625 251 OBICIT.
1646 212 1716 251 193

219 339 319 383 οὐδὲ
350 339 487 386 οὕτως
517 338 614 386 τοὺς
645 338 820 385 ἁλόντας
851 338 1032 394 ἠθέλησε
1061 338 1280 392 πρίασθαι,
1313 336 1359 380 τὸ
1389 338 1468 392 μέν
1499 354 1534 379 τι
1556 338 1606 379 ’ἐκ
1627 353 1717 393 φει-

220 408 375 455 δωλίας
408 408 570 463 (ἥττητο
592 407 672 462 γὰρ
694 406 958 463 χρημάτων),
989 407 1036 450 τὸ
1069 407 1116 450 δέ
1136 423 1171 449 τι
1198 410 1283 453 τοῖς
1314 407 1581 460 στρατιώταις
1610 423 1717 461 μνη-

218 480 421 518 σικακῶν.
484 477 676 531 ἐκμανεὶς
708 475 784 518 οὗν
815 476 840 518 ὁ
870 477 1090 531 βάρβαρος
1125 475 1286 522 πάντας
1323 476 1480 530 ξίφεσιν
1511 475 1719 530 ἒξεθέρισε
1734 481 1779 517 19

219 545 290 587 καὶ
312 545 538 594 ἀνέζευξεν.
600 545 792 587 ἐντεῦθεν
811 549 911 586 πᾶσι
936 549 1059 599 μῖσος
1089 544 1195 586 κατὰ
1226 548 1300 586 τοῦ
1330 545 1536 598 βασιλέως
1568 545 1719 599 ἐφύετο
1733 550 1780 586 20
1798 550 1834 584 D

185 614 291 660 ὁκαὶ
321 613 430 668 πρὸς
459 614 630 655 πάντων
661 614 922 668 ἐλοιδορεῖτο.
985 613 1009 655 ὁ
1042 613 1088 655 δὲ
1111 612 1285 668 στρατὸς
1305 612 1411 654 κατὰ
1435 613 1719 668 Κομεντιόλου
1733 620 1776 655 21

221 681 444 737 ἀναφορὰν
475 682 711 737 ἐποιήσατο,
744 682 806 727 ὡς
835 682 1070 735 προδόντος
1101 682 1144 724 ἐν
1171 687 1233 736 τῷ
1253 682 1429 737 πολέμῳ
1451 681 1497 723 τὸ
1519 697 1719 736 στρατιω-

220 751 347 793 τικόν.
408 755 493 796 τοῖς
531 750 575 791 δὲ
611 750 687 804 τὴν
723 750 946 804 ἀναφορὰν
981 751 1134 805 ταύτην
1176 752 1444 805 ποιουμένοις
1482 755 1611 806 συνῆν
1650 750 1720 793 καὶ
1734 757 1781 793 22

221 820 246 861 ὁ
283 820 534 874 στρατιώτης
570 818 730 865 Φωκᾶς
766 818 838 860 καὶ
874 819 1060 865 ἀναιδῶς
1097 825 1159 873 τῷ
1201 819 1363 874 βασιλεῖ
1403 819 1614 874 διελέγετο,
1659 820 1722 866 ὡς

218 888 478 943 τυπτηθῆναι
499 887 615 941 παρά
636 903 770 929 τινων.
833 887 857 928 ὁ
879 887 925 928 δὲ
949 887 1141 941 βασιλεὺς
1161 887 1221 942 μὴ
1244 888 1474 942 προσσχὼν
1499 892 1584 935 τοῖς
1614 887 1720 930 κατὰ
1735 896 1781 931 23

164 962 294 1003 1οτοῦ
318 957 599 1012 Κομεντιόλου
624 957 857 1011 αἰτιάμασιν
889 957 1130 1010 ἀπράκτους
1161 956 1258 1002 τοὺς
1289 956 1416 998 αὐτὸν
1448 958 1723 1012 αἰτιωμένους

222 1027 448 1080 ἀνέπεμψε.
510 1025 790 1071 λιτανεύοντας
822 1024 898 1067 οὖν
928 1029 1002 1066 τοῦ
1034 1025 1240 1079 βασιλέως
1261 1026 1399 1071 στάσις
1420 1026 1582 1080 ἠγέρθη
1605 1025 1721 1080 παρὰ
1735 1034 1782 1069 24

221 1099 294 1136 τοῦ
339 1095 493 1149 δήμου,
538 1094 609 1135 καὶ
645 1094 755 1135 λίθοι
793 1093 883 1135 κατ’
922 1094 1051 1135 αὐτοῦ
1088 1094 1204 1147 παρά
1240 1109 1364 1135 τινων
1395 1094 1720 1149 ἠκοντίσθησαν·

223 1161 286 1205 ὧν
317 1163 483 1218 ζήτησιν
515 1162 539 1204 ὁ
569 1162 760 1217 βασιλεὺς
790 1163 1072 1217 ποιησάμενος
1093 1164 1166 1204 καί
1183 1179 1295 1209 τινας
1316 1163 1511 1217 εὑρηκὼς
1533 1163 1720 1205 ἐκόλασε.

223 1237 284 1273 τώ
323 1247 369 1286 γε
405 1231 491 1286 μὴν
534 1232 615 1272 υἱώ
658 1232 788 1273 αὐτοῦ
825 1231 1044 1274 Θεοδοσίου
1087 1232 1349 1287 κατηγγύησε
1392 1248 1466 1286 την
1508 1233 1721 1287 θυγατέρα
1737 1240 1783 1276 25

168 1311 212 1347 15
224 1300 269 1342 Γ
264 1316 450 1355 ερμανου
489 1301 722 1354 πατρικίου,
766 1304 839 1341 τοῦ
875 1302 1136 1355 πατριάρχου
1174 1301 1396 1354 Κυριακοῦ
1436 1301 1510 1355 τὴν
1554 1302 1619 1342 ἐπὶ
1662 1307 1722 1356 τῷ

14 1345 126 1417 DIII
142 1376 213 1412 298
225 1371 351 1424 γάμῳ
393 1370 694 1452 πληρώσαντος
736 1369 910 1423 τελετην.
971 1369 1160 1424 μοναχὸς
1198 1370 1245 1411 δέ
1280 1386 1338 1415 τις
1376 1370 1497 1424 ξίφος
1533 1371 1725 1425 κατέχων
1740 1378 1786 1414 26
1813 1377 1987 1414 PH78A

225 1438 384 1493 γυμνὸν
422 1437 507 1479 ἀπὸ
543 1442 617 1479 τοῦ
661 1438 806 1492 Φόρου
843 1439 967 1493 μέχρι
1006 1443 1078 1492 τῆς
1114 1437 1291 1493 Χαλκῆς
1333 1439 1635 1494 προελήλυθεν,
1682 1441 1726 1482 ἒν

224 1580 248 1616 4
273 1581 323 1615 ὅτι
349 1579 408 1615 διὰ
433 1579 495 1626 τὴν
520 1584 590 1615 τῶν
616 1580 851 1626 αἰχμαλώτων
876 1579 1054 1615 ἀπώλειαν
1078 1580 1231 1626 ἐμισήθη
1259 1581 1280 1615 ό
1302 1580 1467 1627 βασιλεὺς
1493 1581 1553 1617 καὶ
1576 1583 1597 1616 ὁ
1613 1582 1726 1627 δῆμος

226 1629 424 1664 ἐστασίασεν
450 1628 480 1664 C
506 1628 559 1673 (V.
586 1628 639 1663 ad
664 1627 755 1664 XIV
785 1628 840 1671 13,
866 1627 926 1670 21)
1084 1628 1127 1663 14
1153 1630 1202 1663 ὅτι
1231 1634 1280 1674 τῷ
1307 1630 1374 1674 υἱῷ
1399 1629 1507 1664 αὐτοῦ
1533 1636 1682 1675 γυναῖκα
1708 1631 1728 1665 ὁ

225 1675 389 1723 βασιλεὺς
413 1677 619 1717 συνέζευξεν
645 1677 774 1718 (συνέζ.
800 1677 821 1710 ὁ
842 1677 877 1722 β.
906 1675 951 1719 Ε)
980 1675 1042 1712 ΟΕ

301 1810 320 1844 1
347 1810 460 1848 οὕτως
484 1807 584 1852 EDi,
610 1808 711 1847 οὗτος
736 1806 782 1853 Α,
809 1808 974 1843 τοσούτου
1002 1808 1099 1854 pr
1229 1809 1294 1854 μέν
1319 1823 1350 1844 τι
1377 1808 1496 1852 AEW,
1521 1812 1639 1854 μέντοι
1668 1809 1728 1855 Op

301 1857 323 1892 2
348 1871 378 1892 τι
403 1855 524 1897 ARw‚
550 1870 600 1891 τοι
627 1855 691 1902 Dp
829 1855 852 1890 5
878 1856 1067 1901 στρατηγὸς
1092 1855 1148 1894 τὸς
1174 1855 1222 1900 D,
1250 1867 1351 1892 corr.
1379 1857 1446 1896 Dw
1591 1858 1612 1893 6
1639 1863 1730 1903 post

302 1905 487 1950 ἐποιήσατο
513 1904 605 1939 add.
631 1905 680 1939 ὅτι
708 1903 767 1940 διὰ
792 1903 855 1949 τὴν
880 1908 950 1939 τῶν
975 1904 1211 1949 αἰχμαλώτων
1235 1904 1423 1950 ἀπώλειαν,
1448 1906 1601 1950 ἐκινήθη
1629 1907 1649 1940 ὁ
1669 1908 1730 1951 βα-

303 1952 418 1991 σιλεὺς
435 1952 494 1987 καὶ
512 1952 532 1986 ὅ
548 1952 694 1998 δῆμος’
677 1953 875 1987 εστασίασεν
892 1951 924 1986 Ε
942 1956 1184 1997 argumento
1212 1954 1264 1995 (v.
1284 1963 1441 1999 argum.
1461 1953 1515 1988 ad
1542 1964 1578 1999 p.
1595 1953 1673 1998 193,
1693 1953 1731 1997 4)

304 2010 517 2047 perperam
543 2000 584 2035 in
611 2002 767 2035 textum
793 2002 957 2045 recepto
984 2002 1038 2041 (ν.
1065 2000 1115 2035 de
1142 2001 1256 2035 simili
1286 2002 1384 2036 vitio
1411 2001 1464 2036 ad
1491 2012 1528 2047 p.
1552 2001 1609 2046 27,
1637 2002 1668 2036 1.
1695 2000 1732 2042 2)

303 2049 327 2084 8
352 2051 442 2094 post
467 2048 517 2086 ὡς
543 2047 635 2083 add.
663 2046 721 2083 διὰ
745 2052 845 2082 τοῦτο
868 2047 928 2082 καὶ
947 2047 1057 2093 pr,
1084 2048 1144 2082 καὶ
1161 2047 1219 2083 διὰ
1238 2054 1338 2083 τοῦτο
1355 2050 1416 2084 καὶ
1435 2048 1504 2084 DE
1602 2049 1624 2084 9
1648 2063 1732 2094 προ<

304 2095 402 2141 σχὼν
427 2093 669 2140 AsstpDi,
695 2106 797 2131 corr.
820 2095 877 2130 B·
885 2096 930 2131 W
1027 2096 1072 2131 10
1096 2101 1156 2131 τοῦ
1183 2106 1258 2131 om.
1285 2097 1353 2132 Fu
1358 2108 1381 2142 p
1483 2098 1522 2132 11
1553 2097 1734 2142 ἀνέπεμψε

305 2143 387 2188 AR,
413 2143 613 2188 ἀνέπεμψεν
639 2142 686 2187 D,
710 2143 940 2188 προέπεμψεν
967 2143 1008 2188 Ε,
1035 2143 1242 2190 ἀπέπεμψεν
1269 2155 1341 2191 wp,
1369 2145 1556 2191 ἀπέπεμψε
1582 2143 1638 2180 Di

308 2192 351 2227 17
376 2191 638 2237 προσελήλυθεν
664 2190 713 2236 p*
739 2191 877 2226 invitis
903 2189 1011 2226 ARW

235 2325 301 2362 ille
326 2334 379 2361 ne
403 2325 460 2360 ita
487 2324 648 2370 quidem
687 2324 832 2360 milites
869 2323 1068 2360 redimere
1097 2325 1226 2368 vellet,
1266 2325 1410 2370 partim
1438 2335 1489 2360 ex
1516 2325 1734 2361 tenacitate

236 2372 439 2417 (sordidus
465 2373 571 2407 enim
588 2372 702 2417 erat),
729 2372 874 2417 partim
892 2372 1060 2407 militum
1089 2371 1193 2417 odio,
1222 2373 1421 2408 barbarus
1441 2373 1578 2408 furore
1605 2383 1734 2409 corre·
1751 2375 1794 2410 19

237 2426 331 2468 ptus
357 2420 543 2456 omnibus
582 2421 746 2455 ensibus
779 2420 1030 2455 obtruncatis
1057 2420 1220 2455 domum
1247 2420 1375 2455 rediit.
1426 2420 1531 2455 Hinc
1557 2422 1734 2456 omnium
1749 2422 1796 2458 20

238 2470 333 2505 odia
358 2469 397 2504 in
424 2478 563 2513 regem
591 2472 700 2511 nata,
732 2471 776 2503 ut
803 2478 827 2503 a
855 2468 1047 2502 conviciis
1072 2478 1153 2503 non
1188 2472 1470 2513 temperarent.
1522 2468 1735 2504 Exercitus
1749 2470 1792 2505 21

239 2527 336 2552 vero
364 2516 654 2552 Comentioluin
671 2515 910 2561 proditionis
930 2525 1042 2551 reum
1071 2516 1180 2560 secit3
1208 2520 1331 2560 atque
1358 2527 1407 2551 ex
1429 2516 1735 2552 accusatoribus
1749 2518 1796 2553 22

237 2565 349 2600 miles
376 2563 538 2609 quidam
566 2563 721 2599 Phocas
747 2563 850 2598 adeo
878 2563 1134 2609 impudenter
1172 2573 1262 2598 cum
1289 2574 1387 2609 rege
1414 2563 1613 2607 disseruit,
1639 2567 1685 2599 ut
1711 2575 1736 2599 a

238 2611 478 2659 quibusdam
500 2611 724 2656 vapularet.
776 2610 922 2646 Verum
950 2621 1021 2646 rex
1038 2611 1253 2656 repudiata
1268 2611 1504 2647 Comentioli
1533 2611 1735 2647 delatione
1749 2613 1795 2649 23

237 2662 498 2695 accusatores
528 2659 679 2694 insecta
705 2669 749 2695 re
776 2659 938 2694 remisit.
990 2658 1135 2694 Postea
1163 2669 1253 2694 cum
1281 2669 1353 2694 rex
1384 2659 1643 2704 supplicaret,
1677 2661 1795 2697 sie-‘24

238 2707 389 2743 ditione
412 2707 548 2752 populi
578 2710 718 2741 coorta
744 2706 863 2741 etiam
893 2706 1046 2752 lapides
1074 2717 1097 2741 a
1124 2706 1327 2742 nonnullis
1354 2710 1495 2742 contra
1522 2717 1614 2742 eum
1640 2708 1734 2743 iacti

237 2758 349 2799 suntt,
376 2764 547 2800 quorum
569 2754 723 2799 aliquot
741 2754 957 2799 indagatos
985 2755 1183 2799 supplicio
1209 2755 1354 2790 affecit.
1405 2754 1635 2790 Theodosio
1653 2755 1733 2791 filio
1749 2757 1795 2792 25

237 2803 429 2839 Germani
454 2802 608 2848 patricii
638 2802 755 2837 liliam
784 2802 1010 2848 despondit,
1052 2803 1284 2847 nuptiarum
1315 2803 1582 2838 caerimonias
1615 2804 1734 2849 patri-

239 2850 360 2886 archa
389 2849 560 2895 cyriaco
587 2854 821 2895 peragente.
873 2849 1059 2885 Ceterum
1099 2850 1321 2885 inonachus
1348 2849 1511 2895 quidam
1552 2852 1733 2886 strictum
1748 2852 1795 2888 26

237 2898 418 2945 gladium
445 2902 588 2933 tenens
614 2908 637 2932 a
659 2897 760 2932 Foro
788 2908 917 2943 usque
945 2898 996 2933 :ul
1024 2897 1196 2933 (flizllcvu
1228 2908 1468 2943 progressus
1496 2897 1732 2934 Mauricium

309 2969 465 2997 Zonaras
486 2968 638 3013 Epitome
661 2967 721 2997 111.
1481 2959 1522 2994 13
