2054 3282
339 218 412 256 482
688 218 867 257 ZONAR.
896 218 1025 255 EPIT.
1052 217 1143 255 XVI
1169 218 1226 263 20,
1252 216 1403 264 20-21,
1431 216 1487 256 11.

281 345 328 380 20
340 342 387 387 ὃς
418 341 652 395 ἀποδρᾶναι
685 341 917 394 δοκιμάσας
946 339 1144 385 πολλάκις
1175 339 1246 380 καὶ
1278 339 1344 380 διὰ
1374 343 1496 382 τοῦτο
1519 342 1739 396 φαρμάκῳ
1763 342 1834 384 τὸν

340 409 606 462 πρωτεύοντα
651 413 735 449 τῶν
773 409 979 461 φυλάκων
1017 408 1145 448 αὐτοῦ
1183 407 1344 448 ἀνελὼν
1382 409 1570 464 ἀνῃρέθη
1604 410 1719 463 παρὰ
1751 415 1835 453 τῶν

281 482 320 516 21
341 478 491 518 ἄλλων.
555 477 578 517 ὁ
612 476 656 517 δὲ
687 476 906 529 Στέφανος
944 475 987 515 ἐν
1019 475 1175 529 Λέσβῳ
1216 475 1392 530 ἀπεβία),
1437 477 1729 520 ἐννεακαίδεκα
1775 479 1834 520 δι-

281 550 326 584 ‘22
340 544 512 597 αγαγὼν
544 543 754 588 ἐνιαυτοὺς
776 539 876 595 παρ’
901 542 1019 597 αὐτῇ.
1083 543 1106 583 ὁ
1130 542 1174 583 δὲ
1197 543 1358 584 τούτων
1378 544 1514 599 πατὴρ
1537 546 1581 586 ἒν
1601 550 1650 601 τῇ
1673 545 1833 602 ΙΙρώτῃ

338 612 411 665 τὴν
434 611 550 665 ζωὴν
568 612 829 664 ἕξεμέτρησε·
854 610 924 650 καὶ
947 611 1059 651 οὕτω
1081 610 1243 652 τούτων
1265 612 1440 654 ἕκαστον
1456 614 1481 667 ἡ
1502 613 1595 668 δίκη
1617 615 1832 670 μετῆλθεν.
1846 621 1869 656 5

213 682 318 722 1321
448 679 559 732 Ἄρτι
599 679 644 719 δὲ
683 683 755 732 τῆς
790 678 1024 732 μοναρχίας
1064 679 1087 719 ὁ
1120 680 1437 727 Κωνσταντῖνος
1479 682 1619 736 τυχὼν
1661 683 1732 724 καὶ
1772 689 1834 737 τῷ

338 748 418 800 υἱῲ
444 747 652 800 Ῥωμανῴ
685 746 867 799 διάδημα
905 747 1133 800 περιέθετο,
1178 752 1262 793 τοῖς
1298 764 1340 788 τε
1378 751 1681 804 συναραμένοις
1717 752 1834 806 αὐτῷ

338 816 393 859 εἷς
423 814 496 868 τὴν
527 818 611 855 τῶν
642 814 947 868 βασιλευόντων
979 815 1224 869 καθαίρεσιν
1258 817 1438 871 ἀμοιβὰς
1466 818 1646 866 ἔκτιννὺς
1666 819 1737 862 τὸν
1756 820 1834 874 μὲν

343 883 502 923 Φωκᾶν
524 882 699 935 Βάρδαν
720 883 947 936 μάγιστρον
969 883 1132 937 ἐτίμησε
1154 884 1224 925 καὶ
1248 885 1493 938 δομέστικον
1520 889 1833 942 προεχειρίσατο

302 954 421 991 *ἐτῶν
452 951 618 1004 σχολῶν
649 955 720 1005 τῆς
746 951 957 1005 ἀνατολῆς.
1011 952 1171 1006 ἀμφοῖν
1194 952 1238 993 ὁὲ
1263 956 1348 994 τῶν
1369 957 1441 995 τοῦ
1464 955 1615 1009 Βάρόα
1637 957 1742 998 υἱῶν
1762 956 1833 998 τὸν
1849 965 1895 1000 10

335 1018 413 1072 μὲν
434 1018 688 1072 Νικηφόρον
713 1018 783 1059 τὸν
804 1020 977 1071 ὕστερον
998 1021 1295 1073 βασιλεύσαντα
1321 1025 1405 1063 τῶν
1427 1023 1684 1065 ἀνατολικῶν
1704 1041 1830 1079 προε-

335 1087 483 1141 βάλετο
521 1087 759 1141 στρατηγόν,
803 1087 874 1127 τὸν
914 1087 958 1128 δὲ
991 1087 1150 1129 Λέοντα
1191 1094 1263 1144 τῆς
1296 1090 1606 1137 Καππαδοκίας
1636 1093 1706 1134 καὶ
1736 1093 1833 1139 τοὺς

301 1155 486 1200 3ἅλλους
525 1155 662 1199 ἄλλως
700 1156 920 1209 ἠμείψατο.
985 1156 1055 1197 τὸν
1088 1157 1133 1197 δὲ
1164 1162 1237 1198 τοῦ
1269 1158 1491 1213 Στεφάνου
1522 1164 1596 1201 τοῦ
1627 1162 1882 1215 βασιλέωςΙ)
1901 1169 1954 1205 IV
1967 1169 2013 1205 67

294 1223 663 1277 Cvibv‘Pwflarov
694 1224 891 1277 ἕκτομίαν
923 1225 1125 1279 ἐποίησεν,
1159 1226 1260 1267 ἀλλὰ
1292 1226 1378 1280 μὴν
1409 1227 1480 1269 καὶ
1502 1228 1730 1277 Βασίλειον,
1761 1229 1833 1271 τὸν

336 1291 469 1332 νόθον
490 1291 581 1332 υἱὸν
602 1296 675 1332 τοῦ
699 1293 892 1346 γέροντος
909 1292 1143 1347 Ῥωμανοῦ,
1178 1295 1226 1335 ὃν
1248 1295 1428 1348 ἐγείνατο
1461 1296 1590 1351 δούλῃ
1622 1297 1695 1338 τινὶ
1726 1314 1831 1352 συμ-
1848 1306 1893 1341 15

301 1367 318 1400 4
338 1360 531 1413 φθαρείς.
563 1359 633 1400 τὸν
652 1359 696 1400 δὲ
712 1364 785 1401 τοῦ
799 1360 1098 1415 Χριστοῳόρου
1118 1362 1208 1403 υἱὸν
1223 1362 1395 1418 ᾹΙιχαὴλ
1413 1364 1604 1419 ἀπέκειρε
1619 1365 1830 1420 κληρικόν.

302 1435 323 1468 ἴ)
449 1427 530 1469 3[Jv
563 1428 607 1469 δὲ
639 1429 663 1469 ὁ
700 1428 1011 1475 Κωνσταντΐνος
1041 1429 1089 1470 τὰ
1121 1430 1229 1484 πρὸς
1259 1431 1363 1472 (θεὸν
1394 1433 1567 1487 εὐσεβὴς
1597 1433 1668 1474 καὶ
1697 1434 1836 1488 λόγοις

337 1497 652 1551 προσκείμενος,
698 1496 760 1542 ὡς
801 1498 881 1538 ἔστι
925 1499 1187 1552 καταμαθεῖν
1227 1499 1274 1540 ἒκ
1313 1502 1654 1555 συγγραμμάτων
1690 1503 1833 1556 αὐτοῦ,

337 1635 359 1670 6
383 1636 558 1680 μοναρχία
584 1636 851 1670 Κωνσταντίνου
876 1641 935 1671 τοῦ
962 1637 1041 1671 υἱοῦ
1068 1637 1160 1679 (υἱοῦ
1178 1642 1238 1672 τοῦ
1258 1636 1335 1682 CE)
1361 1639 1510 1678 Λέοντος
1535 1637 1648 1682 ACE,
1672 1640 1832 1686 βασιλεία

337 1682 375 1717 τὸ
401 1684 562 1727 δεύτερον
587 1684 852 1718 Κωνσταντίνου
879 1689 939 1719 τοῦ
965 1685 1043 1719 υἱοῦ
1070 1690 1130 1719 τοῦ
1156 1685 1307 1724 Λέοντος
1333 1685 1369 1720 D
1475 1687 1518 1722 17
1544 1687 1616 1725 οἷος
1633 1687 1677 1733 ἦν
1695 1688 1716 1722 ὁ
1731 1689 1832 1723 Κων-

337 1736 511 1769 σταντΐνος
535 1731 615 1776 περὶ
637 1731 762 1776 λόγους
788 1731 848 1765 καὶ
872 1731 951 1776 περὶ
976 1731 1017 1767 τὰ
1043 1732 1115 1777 ἤθη
1144 1733 1234 1778 (περὶ
1258 1733 1412 1779 λ.-ἤ19“η
1440 1744 1515 1769 om.
1542 1733 1585 1778 C)
1612 1734 1675 1771 OE

410 1859 428 1893 1
455 1858 647 1903 ἀποδρᾶναι
672 1858 889 1905 BszpDz',
916 1859 1110 1905 ἀποδράναι
1129 1859 1199 1895 AR
1284 1861 1306 1896 3
1331 1861 1558 1898 ε’νεακαίδεκα
1576 1861 1612 1897 D
1701 1863 1724 1899 8
1749 1877 1832 1909 συμ-

407 1908 661 1952 βασιλευόντων
688 1906 727 1950 C,
753 1908 1128 1953 συμβεβασιλευκότων
1156 1908 1191 1942 D
1294 1909 1351 1943 τὸν
1374 1909 1455 1954 AR,
1482 1915 1552 1945 τῶν
1577 1910 1661 1956 w²³⁶p
1768 1911 1833 1956 μὲν

410 1965 485 1990 om.
513 1954 547 1988 D
649 1955 688 1988 ll
715 1956 1065 2000 βασιλευσιλεύσαντα
1092 1956 1127 1989 D
1223 1957 1457 2002 προεβάλλετο
1484 1958 1592 2003 Ewp‚
1619 1969 1656 1994 V.
1671 1959 1723 1994 ad
1739 1959 1832 1995 XIV

410 2002 465 2045 11,
494 2002 538 2037 15
647 2003 690 2037 13
715 2008 774 2037 τοῦ
801 2007 894 2038 unte
919 2004 998 2048 βασ.
1027 2004 1139 2038 initio
1168 2014 1270 2038 vers.
1299 2015 1373 2039 om.
1401 2004 1429 2040 C
1532 2006 1571 2040 17
1597 2007 1617 2040 ὁ
1643 2017 1717 2041 0111.
1744 2006 1830 2052 w*p

409 2050 545 2084 invitis
571 2048 642 2084 AR

277 2168 324 2203 20
338 2168 556 2214 assignata,
585 2179 705 2214 quam
725 2169 863 2215 egredi
883 2180 964 2204 non
992 2171 1138 2206 liceret.
1191 2170 1266 2213 Qui
1294 2181 1382 2206 cum
1410 2181 1532 2217 saepe
1558 2172 1697 2218 sugam
1723 2173 1830 2208 moli-

337 2219 401 2251 tus
421 2219 526 2251 essct
553 2227 683 2261 eaque
710 2217 760 2252 de
787 2228 911 2252 eausa
938 2218 1149 2253 custodum
1171 2220 1390 2264 principem
1411 2229 1570 2254 veneno
1594 2220 1829 2265 sustulisset,

277 2264 317 2298 21
338 2275 361 2298 a
388 2265 529 2299 ceteris
560 2270 619 2298 est
644 2265 893 2300 interfectus.
945 2264 1173 2310 Stephanus
1201 2276 1296 2301 vero
1320 2267 1360 2300 in
1379 2266 1510 2302 Lesbo
1531 2267 1711 2312 decessit,
1739 2278 1829 2303 cum

277 2312 323 2346 22
336 2311 430 2346 XIX
457 2322 585 2347 annos
611 2313 666 2346 ibi
693 2313 871 2347 vixisset.
933 2313 1054 2348 Pater
1081 2323 1220 2348 eorum
1246 2314 1288 2348 111
1313 2314 1444 2349 insula
1466 2314 1587 2350 Prote
1614 2316 1737 2350 vitam
1764 2326 1830 2351 ex-

337 2360 431 2404 egit.
481 2358 546 2394 Sic
573 2370 711 2394 corum
739 2360 910 2405 quisque
936 2361 1131 2395 scelerum
1159 2371 1311 2406 poenas
1339 2361 1459 2397 dedit.

454 2406 511 2441 21.
563 2406 880 2443 CONSTANTJNVS
908 2418 998 2442 cum
1025 2418 1141 2443 suum
1160 2413 1439 2454 recuperasset
1457 2410 1679 2455 imperium,
1705 2410 1829 2446 filium

337 2464 499 2498 quoque
525 2453 750 2489 Romanum
778 2454 1005 2490 diademate
1033 2457 1192 2490 ornavit
1219 2459 1257 2490 et
1282 2459 1327 2491 ut
1352 2457 1409 2499 iis,
1452 2467 1622 2501 quorum
1650 2468 1727 2503 ope
1753 2459 1829 2493 col-

335 2501 449 2546 legas
488 2505 707 2546 amoverat,
746 2503 916 2537 referret
954 2504 1138 2548 gratiam,
1177 2503 1351 2538 Phocam
1385 2503 1558 2538 Bai-dam
1592 2507 1828 2550 magistrum

301 2548 432 2583 21'ecit
471 2553 510 2584 et
547 2550 774 2584 scholarum
814 2551 1066 2585 orientalium
1107 2551 1368 2586 domesticum
1409 2553 1667 2587 renuntiavit.
1716 2553 1829 2588 Nice-

338 2596 521 2640 phorum,
559 2597 645 2632 eius
690 2597 825 2642 filium,
865 2598 934 2642 qui
972 2604 1063 2642 post
1099 2598 1266 2643 imperio
1302 2599 1451 2644 potitus
1490 2602 1559 2642 est,
1600 2603 1828 2644 praetorem

338 2643 521 2687 Orientis,
566 2645 736 2679 alterum
774 2644 952 2680 Leonem
992 2645 1275 2690 Cappadociae
1317 2646 1541 2691 praesidem
1586 2647 1827 2692 designavit,

301 2691 388 2725 3ex
423 2692 566 2726 ceteris
601 2692 689 2726 aliis
724 2692 824 2727 alios
858 2693 1031 2727 honores
1067 2693 1216 2728 habuit.
1266 2693 1408 2728 Filium
1442 2697 1576 2729 autem
1612 2696 1720 2739 regis
1746 2693 1828 2730 Ste-

338 2739 460 2783 phani
495 2738 717 2774 Romanum
758 2740 934 2784 itemque
967 2740 1137 2775 Romani
1177 2741 1345 2775 senioris
1385 2741 1508 2776 filium
1545 2741 1735 2777 Basilium
1775 2752 1827 2778 ex

300 2785 483 2820 4aucilla
515 2790 769 2831 procreatum
807 2789 1009 2827 castravit,
1048 2787 1320 2833 Christophori
1346 2788 1469 2823 filium
1496 2788 1726 2823 Michaelem
1754 2790 1827 2825 cle-

336 2833 461 2867 ricum
489 2833 575 2868 fieri
602 2834 726 2869 iussit.

301 2879 323 2915 5
456 2881 550 2916 Erat
569 2880 854 2917 Constantinus
873 2882 1085 2929 religiosus
1103 2892 1204 2928 erga
1225 2882 1344 2918 deum
1371 2887 1410 2919 et
1436 2884 1578 2920 studiis
1603 2884 1826 2920 litterarum
