2054 3282
344 238 414 274 436
694 237 874 277 ZONAR.
901 237 1032 277 EPIT.
1058 238 1150 277 XVI
1177 238 1232 287 10,
1259 241 1410 289 32-11,
1438 240 1493 279 12.

281 369 328 404 33
344 360 530 415 ὄμματα·
563 361 776 409 ’Ὃόξασόν
798 378 874 403 σου
885 362 912 376 ”
939 361 1024 403 εἷπε
1045 362 1121 404 “τὸ
1144 363 1294 418 ὄνομα,
1327 363 1481 419 Χριστὲ
1503 365 1527 406 ὁ
1549 365 1691 412 θεός.”
1751 367 1836 410 ἕνέ-

341 430 441 471 θετο
473 434 522 484 τῇ
553 435 740 484 πυρκαϊᾷ
770 429 816 470 τὸ
855 429 966 483 ἱερὸν
1005 431 1258 485 εὐαγγέλιον·
1302 431 1349 473 τὸ
1389 433 1433 474 δὲ
1472 434 1668 488 χρονίσαν
1707 435 1751 477 ἓν
1787 439 1837 491 τῇ

280 506 328 541 34
342 497 465 552 φλογὶ
509 498 799 552 ἄδιαλώβητον
843 499 1012 552 ἔμεινεν.
1076 500 1115 540 οἱ
1157 500 1367 555 βάρβαροι
1411 501 1704 556 ἐξεπλάγησαν,
1750 504 1835 544 ἐπί-

342 582 516 608 στευσαν
557 571 619 619 τῷ
661 566 896 620 κηρύγματι
939 567 1010 608 καὶ
1052 567 1293 622 τελεσθῆναι
1336 570 1585 624 κατήπειγον
1627 576 1688 625 τῷ
1730 571 1837 626 θείῳ

340 635 599 688 βαπτίσματι.
661 638 787 675 ταῦτα
818 634 896 688 μὲν
928 634 1004 677 οὖν
1034 636 1159 690 ταύτῃ
1193 638 1468 692 συμβέβηκεν.
1850 648 1873 683 5

273 707 321 748 11
456 701 508 743 ‘O
540 700 576 743 δ’
611 702 667 747 εἷς
697 706 782 744 τῶν
812 707 886 744 τοῦ
917 704 1122 757 βασιλέως
1152 706 1258 746 υἱῶν
1282 706 1306 746 ὁ
1330 707 1657 760 Κωνσταντῖνος,
1690 709 1738 749 ὃν
1765 707 1836 749 καὶ

304 771 498 824 2μᾶλλον
529 774 614 811 τῶν
645 771 784 812 ἄλλων
815 772 954 826 ἐφίλει,
987 774 1170 827 νοσήσας
1202 774 1376 821 ἐξέλιπε·
1409 775 1480 816 καὶ
1508 775 1532 815 ὁ
1560 776 1835 830 αὐτοκράτωρ

339 839 509 892 βαρέως
550 838 621 880 τὸν
660 839 820 880 ἐκείνου
863 841 1010 894 ἤνεγκε
1041 841 1227 882 θάνατον
1257 842 1328 883 καὶ
1359 842 1411 897 ἦν
1442 843 1736 898 ἀπαράκλητος
1766 845 1837 886 καὶ

303 907 470 961 3ἔζήτει
508 908 643 955 ζῶντα
682 911 828 949 τοῦτον
865 909 1173 964 ἐμφανισθῆναι
1213 911 1340 964 αὐτῷ,
1402 910 1454 966 ἢν
1486 912 1532 952 δέ
1562 928 1618 957 τις
1648 913 1837 967 μοναχὸς
1889 917 1894 922 ’

345 973 585 1029 Θεόδωρος,
629 974 668 1029 ᾦ
700 976 1031 1031 Σανταβαρηνὸς
1061 977 1107 1018 τὸ
1139 978 1381 1033 ἐπώνυμον·
1427 978 1548 1026 οὗτος
1583 985 1645 1034 τῷ
1679 982 1884 1035 βασιλεῒΙ)
1904 990 1957 1026 IV
1970 991 2016 1026 36

292 1044 640 1098 Βπροσῳκείωτο
672 1045 729 1090 εἶς
760 1045 893 1099 ἄκρον
925 1046 1120 1099 ἐναρέτου
1151 1047 1245 1100 βίου
1272 1047 1398 1089 αὐτὸν
1420 1048 1652 1102 ἐφθακέναι
1673 1050 1834 1091 πιστεύ-

301 1119 325 1154 4
340 1127 436 1165 σντι,
464 1113 525 1158 ὡς
548 1113 739 1154 ἐντεῦθεν
760 1114 830 1154 καὶ
853 1119 1000 1168 σημεῖα
1024 1115 1291 1168 ἐργάζεσθαι·
1326 1114 1448 1162 οὗτος
1468 1117 1604 1159 τοίνυν
1626 1117 1650 1158 ὁ
1670 1117 1833 1160 Σαντα-

339 1180 537 1235 βαρηνός,
572 1182 619 1226 ὃς
649 1181 719 1222 καὶ
750 1186 822 1236 τῆς
852 1183 1155 1237 μητροπόλεως
1187 1183 1410 1238 Εὗχαΐτων
1441 1185 1687 1240 ἐχρημάτισε
1707 1188 1834 1241 πρόε-

340 1249 453 1303 δρος,
485 1250 641 1303 λέγεται
674 1250 801 1297 δεῖξαι
832 1255 893 1304 τῷ
913 1251 1075 1304 βασιλεῖ
1091 1251 1161 1293 τὸν
1182 1252 1412 1307 τεθνηκότα
1434 1253 1524 1295 υἱὸν
1546 1255 1675 1296 αὐτοῦ
1697 1256 1833 1304 ζῶντα

301 1326 323 1361 5
340 1318 481 1372 δῆθεν.
544 1319 588 1359 ἐν
620 1317 699 1372 γὰρ
731 1318 866 1373 λόχμῃ
899 1320 971 1360 τινὶ
997 1320 1202 1374 φαντάσαι
1223 1320 1294 1362 τὸν
1316 1323 1632 1364 Κωνσταντῖνσν
1653 1324 1834 1378 ἔφιππον
1849 1331 1894 1366 15

335 1390 398 1440 τῷ
429 1387 570 1440 οἰκείῳ
603 1392 851 1442 συναντῆσαι
882 1388 1009 1442 πατρί
1016 1400 1025 1409 ·
1059 1387 1098 1442 ᾧ
1129 1389 1200 1430 καὶ
1230 1390 1532 1445 περιπλακῆναι
1561 1391 1689 1440 δόξας
1709 1393 1734 1434 ὁ
1754 1393 1832 1447 βα-

301 1454 469 1500 ὅσιλεὺς
505 1455 574 1496 καὶ
613 1456 903 1510 καταφιλῆσαι,
949 1457 1086 1500 οὐκέτι
1124 1461 1271 1499 τοῦτον
1309 1459 1488 1513 ἑώρακε.
1551 1460 1621 1501 καὶ
1653 1461 1754 1502 ἄλλα
1788 1461 1834 1503 δὲ

334 1526 501 1564 τοιαῦτα
545 1524 724 1578 ποιήσας
760 1525 784 1565 ὁ
821 1524 1152 1580 Σανταβαρηνὸς
1195 1526 1265 1567 καὶ
1309 1527 1468 1572 τούτοις
1512 1528 1720 1583 ἐκπλήξας
1762 1529 1833 1571 τὸν

2043 928 2045 938 4

2038 942 2046 967 i

2036 1084 2046 1140 1

335 1671 357 1706 6
383 1671 434 1705 ὅτι
460 1671 628 1710 θανόντος
654 1677 714 1707 τοῦ
740 1673 818 1707 υἱοῦ
836 1672 943 1707 αὐτοῦ
961 1674 1238 1719 Κωνσταντίνου,
1264 1675 1284 1709 0‘
1307 1675 1470 1721 βασιλεὺς
1494 1676 1760 1722 ἀπαρηγόρητος
1777 1677 1831 1724 ἦν.

336 1719 398 1754 καὶ
422 1720 519 1758 ὅπως
545 1720 566 1754 ὅ
589 1721 863 1765 Σανταβαρηνὸς
888 1721 1019 1761 ἔδειξεν
1044 1722 1140 1766 αὐτῷ
1167 1722 1224 1757 τὸν
1250 1724 1424 1758 τεθνεῶτα
1451 1724 1603 1769 ἒζιηππον
1628 1723 1691 1760 CE

407 1863 425 1897 1
454 1862 492 1898 τὸ
516 1864 628 1908 ὄνομα
651 1863 726 1898 εἶπε
743 1864 841 1909 pr
932 1865 953 1899 2
980 1864 1018 1899 δὲ
1045 1876 1119 1901 om.
1148 1865 1233 1911 w*p
1256 1867 1393 1902 invitis
1411 1865 1482 1902 AR
1570 1868 1593 1903 5
1621 1869 1725 1914 ταύτῃ
1745 1883 1831 1914 συμ-

405 1911 558 1956 βέβηκεν
584 1910 801 1957 AEwap,
828 1912 901 1946 ὧδέ
923 1927 972 1958 πη
999 1913 1095 1951 τέλος
1122 1916 1212 1955 (om.
1241 1913 1285 1955 C)
1310 1915 1413 1959 ἔσχον
1440 1915 1471 1950 O
1588 1916 1610 1950 6
1636 1916 1675 1951 δὲ
1699 1916 1829 1963 BS(‘?)p

406 1958 428 1992 9
454 1960 567 1998 ζῶντα
594 1958 761 2004 prDz',
789 1961 860 1999 ζῶν
886 1959 920 1994 Α
1054 1961 1317 2006 ε’μφανεσθῆναι
1348 1962 1394 2007 D,
1421 1973 1522 1998 corr.
1549 1962 1617 2000 Dw
1746 1965 1788 1999 lO
1811 1966 1832 1999 ὁ

408 2005 500 2041 add.
526 2009 617 2051 post
643 2007 673 2051 ᾦ
701 2006 736 2040 D
891 2007 948 2043 τὸν
974 2007 1020 2052 D,
1047 2008 1085 2043 τὸ
1113 2019 1213 2044 corr.
1240 2009 1309 2047 Dw
1467 2011 1511 2045 13
1537 2016 1607 2045 τῶν
1632 2011 1706 2056 εὐχ.
1735 2012 1830 2058 Ewp

408 2053 452 2088 14
478 2055 663 2090 τεθνικότα
689 2053 735 2099 D,
764 2065 865 2090 corr.
895 2055 961 2093 Dw
1061 2056 1104 2090 15
1130 2057 1236 2102 ἒῂνιπο
1264 2057 1310 2101 D,
1338 2067 1438 2092 corr.
1465 2058 1533 2097 Dw

274 2198 320 2234 33
334 2197 489 2234 Christe
516 2198 615 2234 deus
626 2198 658 2242 ³³,
687 2209 845 2234 sacrum
873 2200 1130 2245 evangelium
1158 2201 1198 2235 in
1225 2211 1369 2246 rogum
1396 2202 1574 2247 imponit.
1617 2202 1733 2244 Quod
1760 2204 1830 2239 diu

274 2246 320 2281 34
333 2247 374 2282 in
401 2247 562 2281 flamma
588 2247 771 2281 relictum
790 2246 971 2281 illaesum
990 2249 1145 2283 mansit.
1197 2248 1366 2283 Barbari
1386 2249 1655 2295 obstupefacti
1674 2251 1829 2296 praedi-

333 2295 481 2329 cationi
508 2293 766 2329 crediderunt
792 2297 830 2329 et
854 2297 899 2329 ut
916 2305 1031 2330 sacro
1050 2295 1290 2341 baptismate
1309 2297 1566 2333 initiarentur
1583 2297 1829 2343 flagitarunt.

332 2342 444 2377 Haec
470 2342 527 2377 sic
553 2344 644 2377 acta
670 2345 774 2376 sunt.

453 2390 507 2425 11.
559 2388 745 2425 Ceterum
773 2388 1071 2435 Constantinus,
1109 2400 1215 2426 unus
1248 2401 1299 2426 ex
1326 2393 1434 2436 regis
1460 2392 1559 2436 filiis,
1599 2394 1701 2438 patri
1731 2404 1827 2439 prae

296 2437 476 2473 2ceteris
503 2447 622 2472 carus
648 2447 698 2472 ex
731 2438 871 2472 morbo
900 2438 1014 2483 obiit3
1055 2439 1169 2473 cuius
1209 2443 1376 2474 mortem
1403 2440 1622 2485 imperator
1647 2442 1829 2486 graviter

333 2486 476 2529 ferens,
517 2485 623 2520 omni
662 2485 937 2520 consolatione
973 2486 1198 2531 repudiata,
1238 2497 1328 2521 eum
1356 2487 1431 2522 sibi
1463 2488 1665 2522 viventem
1693 2488 1828 2524 offerri

296 2532 319 2567 3
334 2533 534 2578 cupiebat.
585 2532 680 2567 Erat
706 2535 842 2568 autem
860 2533 1024 2578 quidam
1043 2534 1263 2569 monachus
1281 2534 1529 2578 Theodorus,
1558 2540 1826 2580 cog-nomento

333 2579 649 2623 Santabarenus,
683 2581 772 2626 regi
799 2581 850 2615 ob
877 2591 1072 2616 summam
1100 2581 1150 2616 de
1175 2582 1301 2626 ipsius
1329 2582 1477 2617 virtute
1505 2583 1744 2627 opinionem,
1783 2587 1828 2618 ut

295 2627 451 2662 4etiam
478 2628 673 2662 miracula
700 2628 822 2663 edere
847 2628 1090 2673 crederetur,
1129 2628 1336 2663 familiaris
1370 2629 1557 2674 idemque
1595 2631 1827 2676 metropolis

332 2675 618 2710 Euchaitorum
657 2676 834 2711 antistes.
884 2676 985 2710 Eum
1011 2677 1136 2722 igitur
1162 2676 1301 2711 dicunt
1326 2677 1413 2721 regi
1441 2677 1674 2712 defunctum
1703 2678 1826 2713 filium

296 2723 555 2758 bostendisse
594 2724 808 2767 viventem,
837 2733 926 2758 cum
954 2724 1161 2767 effecisset,
1199 2727 1246 2758 ut
1271 2723 1556 2759 Constantinus
1599 2735 1703 2770 equo
1736 2726 1826 2760 insi-

333 2770 432 2805 dens
458 2771 562 2815 patri
595 2780 807 2806 occurrere
843 2771 930 2806 loco
968 2771 1143 2816 quodam
1181 2771 1395 2806 arboribus
1434 2773 1563 2807 obsito
1603 2773 1826 2816 videretur-3

333 2827 463 2862 quem,
505 2828 595 2852 cum
633 2818 843 2864 amplexus
869 2822 908 2854 et
935 2819 1192 2854 deosculatus
1218 2822 1332 2862 esset,
1372 2830 1452 2854 non
1479 2820 1650 2864 amplius
1676 2820 1825 2855 vidisse

297 2865 484 2909 Gregem.
534 2864 613 2900 Sed
641 2869 681 2900 et
707 2866 794 2901 aliis
818 2866 1013 2901 similibus
1040 2867 1156 2901 factis
1182 2864 1486 2902 Santabarenus
1512 2877 1610 2912 rege
1636 2868 1676 2902 in
1703 2867 1825 2902 admi-

331 2913 526 2947 rationem
555 2913 731 2949 adducto
759 2913 959 2960 effecerat,
986 2917 1030 2949 ut
1055 2915 1088 2949 is
1106 2916 1214 2949 totus
1233 2923 1283 2949 ex
1303 2915 1388 2960 ipso
1408 2914 1614 2960 penderet,
1640 2918 1684 2950 ut
1705 2915 1823 2951 fidem
