2054 3282
366 205 434 241 196
713 202 895 241 ZONAR.
922 200 1052 239 EPIT.
1079 201 1170 239 XIV
1198 202 1254 248 13,
1280 201 1432 249 44-14,
1460 203 1515 239 14.

365 326 593 375 σιαζόντων
631 326 840 380 ὑπεξῆλθε
879 329 964 365 τῶν
1001 324 1249 377 ἀνακτόριι)ν
1286 324 1356 365 καὶ
1389 325 1579 379 δρόμωνι
1610 327 1862 382 ἐμβεβηκὼς

362 394 466 449 μετὰ
498 399 570 449 τῆς
602 393 798 448 γυναικὸς
829 393 899 434 καὶ
929 396 1014 433 τῶν
1045 394 1205 433 τέκνων
1236 393 1419 446 ἀπέδρα·
1452 393 1524 435 τὸν
1552 394 1597 436 δὲ
1618 395 1710 437 υἱὸν
1731 397 1859 438 αὐτοῦ

370 462 597 504 Θεοδόσιον
617 463 725 516 πρὸς
747 461 950 515 Χοσρόην
972 461 1216 514 ἀπέστειλεν,
1249 462 1313 502 ἵνα
1346 462 1726 516 ἀπομνημονεύσας
1756 465 1859 506 ἐκεῖ-

364 547 435 577 νος
465 535 550 572 τῶν
580 531 695 584 παρὰ
729 529 973 582 ιΊΙαυρικίου
1007 530 1245 583 γενομένων
1276 530 1392 583 αὐτῷ
1423 531 1616 577 κάκεῖνος
1647 533 1704 578 εἰς
1734 532 1860 574 αὐτὸν

102 605 274 642 P1179A
304 605 349 639 45
363 600 411 640 τὰ
444 601 509 640 ἴσα
540 599 773 652 ἐνδείξηται..
838 598 899 643 ὡς
932 595 968 637 δ’
1003 598 1198 652 ἐγνώσθη
1232 603 1292 651 τῷ
1324 599 1475 653 πλήθει
1506 600 1531 653 ἡ
1563 603 1637 640 τοῦ
1669 601 1895 654 βασιλεύ-5

364 684 482 713 οντος
515 668 795 721 ὑποχώρησις,
827 666 898 707 καὶ
929 666 1003 719 τὴν
1034 667 1173 707 στάσιν
1200 666 1266 707 ἐπὶ
1286 668 1429 720 μεῖζον
1451 667 1527 721 ἦρε
1548 668 1618 709 καὶ
1639 667 1710 709 τὸν
1731 667 1859 710 Μαυ-

364 738 495 789 ρίκιον
528 735 839 790 δυσφημεῖσθαι
872 733 938 775 διόι
970 739 1042 788 τῆς
1073 735 1232 788 ἀγορᾶς
1261 736 1586 789 παρεσκεύασεν.

296 808 348 847 14
474 804 584 858 ’Ήδη
610 804 655 844 δὲ
676 807 748 844 τοῦ
772 804 908 844 (Domi
931 802 990 857 μὴ
1013 803 1165 856 πόρρω
1193 808 1265 858 τῆς
1285 803 1543 852 Βυζαντίδος
1573 805 1859 860 τυγχάνοντος,

327 874 403 915 2οἱ
432 877 504 913 τοῦ
539 873 677 927 δήμου
709 875 794 912 τῶν
825 871 1057 924 Πρασίνων
1089 872 1262 926 ἐξῄεσαν
1293 873 1579 927 εὐφημοῦντες
1614 874 1750 916 αὐτόν.
1812 875 1860 921 ὃς

362 941 437 983 σὺν
469 942 608 987 αὐτοῖς
640 942 683 982 ἒν
710 945 771 994 τῷ
791 939 993 994 Ἑβδόμῳ
1024 941 1378 995 παραγενόμενος,
1411 942 1500 983 ἐκεῖ
1524 942 1640 996 παρὰ
1671 947 1745 984 τοῦ
1775 959 1856 985 πα-
1874 946 1920 981 10

325 1010 559 1064 3τριάρχου
591 1013 810 1050 ταινιοῦται
842 1009 914 1063 τὴν
946 1009 1151 1063 κεφαλήν·
1184 1009 1254 1050 καὶ
1286 1010 1487 1052 εἰσελθὼν
1519 1012 1575 1057 εἷς
1603 1011 1651 1052 τὰ
1673 1011 1857 1066 βασίλεια

360 1079 430 1120 καὶ
468 1078 541 1133 τὴν
579 1083 753 1130 γυναῖκα
794 1078 993 1119 Αεοντίαν
1031 1078 1278 1131 Αὐγούσταν
1317 1078 1446 1124 εὐθὺς
1483 1080 1737 1134 ἀνηγόρευσε
1773 1084 1858 1122 τῶν

323 1148 513 1202 4δήμων
543 1147 783 1201 παρόντων·
826 1146 892 1187 ὅτε
926 1146 991 1187 διὰ
1023 1146 1191 1199 τόπους,
1230 1147 1273 1187 ἓν
1304 1147 1366 1193 οἷς
1397 1148 1571 1201 ἵσταντο,
1604 1148 1858 1203 ἀμφιβολίας

361 1217 586 1270 γενομένης
609 1220 694 1261 τοῖς
714 1215 945 1269 ῙῙρασίνοις
976 1215 1046 1256 καὶ
1077 1219 1161 1260 τοῖς
1183 1215 1385 1270 Βενέτοις,
1419 1217 1646 1265 στασιάζειν
1677 1218 1856 1272 ἤρξαντο
1872 1218 1907 1253 D
1926 1219 1984 1254 ΠῘ
1997 1221 2054 1256 30(

266 1292 296 1327 Β
323 1282 449 1326 ‘bnon'
483 1284 685 1338 ἀλλήλων.
747 1285 922 1338 πέμψας
954 1284 1000 1325 δέ
1030 1299 1141 1329 τινας
1173 1284 1196 1325 ὁ
1234 1284 1393 1330 Φωκᾶς
1424 1286 1686 1334 κατευνάζειν
1718 1287 1858 1333 αὐτοῖς
1875 1290 1919 1326 15

324 1364 344 1396 ‘5
359 1354 432 1408 τὴν
464 1354 602 1394 στάσιν
629 1353 836 1407 ἐπεχείρει.
899 1352 992 1398 ἑνὸς
1014 1351 1089 1393 οὗν
1110 1357 1195 1394 τῶν
1217 1354 1446 1395 σταλέντων
1467 1354 1538 1395 τὸν
1559 1358 1644 1395 τῶν
1665 1354 1857 1397 Βενέτων

358 1422 605 1476 ὑβρίσαντος
637 1421 858 1475 δήμαρχον
889 1421 958 1462 καὶ
990 1425 1136 1462 τοῦτον
1168 1422 1430 1476 ὠθήσαντος,
1462 1423 1522 1477 μὴ
1557 1423 1790 1477 ἐνεγκόντες
1818 1425 1858 1465 οῖ

358 1494 431 1531 τοῦ
465 1490 604 1544 δήμου
635 1494 757 1530 τοῦτο
789 1490 969 1543 ἔκραζον
1000 1490 1161 1537 “ἄπιθι,
1193 1490 1308 1543 μάθε
1339 1491 1598 1539 κατάστασιν,
1631 1492 1655 1532 ὁ
1687 1492 1854 1546 Μαυρί-

323 1568 448 1604 Ἱκιος
480 1559 574 1613 ζῇ.”
635 1558 826 1599 ἐντεῦθεν
858 1558 882 1599 ὁ
912 1558 1115 1611 τύραννος
1146 1559 1202 1604 εἷς
1233 1558 1304 1599 τὸν
1334 1563 1407 1600 τοῦ
1440 1558 1683 1613 Μαυρικίου
1721 1560 1855 1614 φόνον

358 1686 381 1720 8
404 1686 564 1731 βασιλεια
586 1686 700 1720 Φωκᾶ
724 1690 785 1719 τοῦ
811 1685 979 1729 τυράννου
1007 1685 1170 1729 (τυράνου
1189 1685 1239 1728 D)
1268 1684 1334 1721 CD
1434 1687 1483 1720 ὁτι
1501 1687 1521 1721 ὁ
1543 1688 1673 1726 Φωκᾶς
1697 1687 1853 1732 ἐστέφθη

356 1732 451 1777 παρὰ
476 1738 535 1768 τοῦ
560 1734 778 1778 πατριάρχου
809 1732 872 1768 CE
1007 1732 1051 1767 19
1076 1733 1250 1777 ἀναίρεσις
1276 1734 1483 1778 Μαυρικίου
1510 1734 1719 1780 (μαβρικιόυ
1746 1735 1788 1779 Ε,
1816 1746 1853 1771 V.

359 1781 411 1816 ad
437 1780 527 1816 XIV
556 1781 612 1823 11,
639 1781 699 1825 20)
726 1781 786 1815 καὶ
810 1780 937 1818 παντὸς
962 1786 1022 1815 τοῦ
1049 1781 1169 1825 γένους
1194 1781 1301 1816 αὐτοῦ
1328 1780 1391 1817 CE

428 1901 451 1936 3
475 1901 531 1935 ἵνα
557 1898 702 1946 AEwp‚
729 1900 778 1939 ὡς
803 1900 845 1935 ἂν
871 1899 902 1936 O
1015 1900 1038 1934 4
1063 1900 1158 1945 παρὰ
1183 1899 1228 1945 A,
1255 1901 1324 1936 ὑπὸ
1350 1901 1448 1946 pr
1562 1901 1584 1936 5
1609 1906 1670 1937 τοῦ
1694 1902 1853 1948 βασιλεύ-

427 1962 526 1987 οντος
550 1948 572 1993 ἡ
600 1947 631 1984 Ο
732 1948 776 1982 10
800 1948 913 1982 ἐκεῖσε
939 1947 974 1982 D
1075 1949 1117 1982 11
1144 1953 1336 1984 ταινιοῢτον
1362 1948 1410 1993 D,
1439 1959 1539 1984 corr.
1561 1948 1630 1987 Dw
1730 1950 1774 1985 13
1798 1951 1853 1984 ὅτε

428 1994 510 2040 ΑΟ,
536 1997 610 2030 τότε
637 1996 732 2042 Ewp
867 1998 962 2031 ante
988 1997 1113 2034 τόπους
1140 1996 1232 2030 add.
1260 1996 1338 2035 τοὺς
1365 1996 1400 2030 D
1530 1997 1573 2031 16
1598 1997 1765 2043 ἐπεχείρει
1790 1997 1853 2043 τὴν

428 2044 547 2079 στάσιν
573 2043 604 2079 Ο
737 2044 780 2078 18
806 2044 912 2078 ἄπιθε
938 2043 1052 2089 W*(p)
1079 2044 1216 2079 invitis
1242 2044 1323 2088 AR,
1351 2044 1447 2079 Abi:
1478 2045 1545 2081 Wo
1572 2045 1638 2080 lat.
1765 2045 1852 2080 ἀντί-

428 2106 545 2127 στασιν
562 2091 608 2136 D,
636 2092 698 2138 τὴν
723 2092 932 2127 κατάστασιν
952 2091 1015 2129 Dw
1046 2092 1079 2133 (²²
1088 2095 1185 2137 puto
1204 2092 1266 2137 τὴν
1284 2093 1492 2127 κατάστασιν
1518 2092 1593 2127 nisi
1621 2093 1725 2128 forte
1749 2093 1852 2128 κατά-

428 2153 544 2178 στασις
570 2140 642 2174 ἀντὶ
668 2139 907 2185 σωφροσύνης
935 2142 1111 2185 ponatur
1122 2139 1142 2150 '²
1174 2140 1255 2183 nro)

355 2261 425 2305 gia
455 2270 499 2296 se
517 2259 706 2295 subducit
733 2262 771 2295 et
798 2259 993 2294 dromone
1031 2269 1121 2294 cum
1146 2269 1277 2295 uxore
1303 2263 1342 2295 et
1367 2260 1503 2295 liberis
1530 2270 1750 2296 conscenso
1783 2270 1851 2296 au-

355 2309 478 2354 fug-iu
505 2307 629 2342 filium
657 2317 755 2342 vero
783 2307 1055 2342 Theodosium
1082 2307 1135 2342 ad
1162 2306 1377 2343 Chosroem
1403 2307 1578 2353 ablegat,
1611 2311 1656 2342 ut
1683 2317 1851 2343 comme-

293 2357 340 2392 45
354 2358 511 2391 morato
526 2355 709 2390 Mauricii
735 2355 776 2390 in
791 2355 901 2390 illum
916 2354 1113 2390 beneficio
1141 2365 1215 2400 par
1241 2355 1315 2390 sibi
1341 2356 1475 2400 gratia
1490 2355 1702 2390 referatur.
1732 2354 1849 2401 Fuga

355 2404 463 2448 regis
490 2402 640 2449 populo
665 2404 830 2448 cognita
857 2406 895 2438 et
913 2402 1056 2438 seditio
1083 2405 1204 2437 aucta
1231 2407 1290 2437 est
1317 2408 1355 2438 et
1374 2403 1591 2437 Mauricius
1617 2412 1689 2447 per
1715 2403 1847 2438 forum

355 2451 548 2486 conviciis
574 2451 798 2496 proscissus
826 2454 895 2486 est.

475 2499 530 2533 14.
582 2497 682 2533 Cum
697 2497 862 2533 PnocAs
889 2508 971 2533 non
997 2499 1077 2533 iam
1103 2499 1244 2544 procul
1270 2498 1322 2532 ab
1348 2498 1450 2533 urbe
1465 2497 1661 2543 Byzantio
1677 2498 1847 2543 abesset,

355 2547 381 2580 ii
409 2547 477 2591 qui
503 2556 555 2581 ex
570 2547 748 2581 factione
773 2546 943 2581 Prasina
958 2549 1073 2582 erant
1098 2547 1149 2581 ad
1178 2556 1268 2581 eum
1298 2545 1553 2580 salutandum
1570 2545 1847 2591 egrediuntur.

318 2593 431 2635 2Qui
466 2604 557 2628 cum
595 2594 644 2628 iis
669 2593 925 2629 Hebdomum
961 2594 1181 2640 ingressus,
1218 2595 1274 2628 ibi
1300 2603 1324 2627 a
1349 2593 1579 2638 patriarcha
1619 2592 1847 2629 diademate

318 2643 533 2676 301·natur.
584 2641 684 2676 Inde
709 2642 750 2675 in
776 2642 928 2687 regiam
956 2651 999 2677 se
1026 2641 1194 2676 contulit
1221 2645 1260 2677 et
1277 2640 1487 2675 Leontiam
1513 2650 1682 2676 uxorem
1707 2640 1848 2687 Augu-

317 2690 455 2723 4stam
479 2689 612 2723 statim
639 2690 787 2724 salutat
813 2690 1058 2724 factionibus
1085 2689 1378 2734 praesentibus.
1428 2688 1504 2723 Vbi
1529 2689 1634 2723 inter
1658 2687 1847 2724 Prasinos

318 2736 340 2771 5
355 2739 394 2770 et
418 2735 592 2771 Venetos
620 2736 670 2772 de
686 2737 927 2772 stationibus
955 2739 1082 2772 ortam
1103 2736 1418 2772 controversiam
1433 2735 1588 2770 Phocas
1603 2746 1846 2780 componere

318 2783 494 2818 Gvolens
521 2783 711 2819 satellites
739 2784 935 2829 quosdam
961 2784 1077 2820 misit.
1128 2784 1189 2819 De
1216 2784 1363 2829 quibus
1389 2793 1495 2818 unus
1522 2793 1611 2818 cum
1638 2783 1845 2818 tribunum

354 2829 598 2866 Venetorum
638 2841 710 2876 per
736 2832 1019 2867 contumeliam
1053 2832 1283 2877 pepulisset,
1323 2831 1496 2876 populus
1537 2830 1578 2865 id
1603 2841 1685 2865 non
1710 2831 1844 2866 ferens

318 2879 338 2915 7
355 2878 570 2913 exclamat:
596 2878 714 2924 ‘'Abi‚
743 2879 851 2914 disce
878 2879 1132 2924 modestiam3
1160 2879 1377 2915 Mauricius
1406 2878 1545 2914 vivit’'.
1584 2877 1683 2913 Inde
1710 2882 1844 2923 tyran·
