2054 3282
363 222 434 260 410
764 225 944 261 ZONAR.
973 225 1102 260 EPIT.
1128 225 1219 261 XVI
1245 226 1277 270 6,
1309 225 1455 261 14—29.

308 351 351 387 15
364 346 464 387 εἶναι
495 345 566 388 τὸν
597 347 758 401 ὄνειρον
793 347 989 401 ὑπείληφε
1019 346 1206 404 μάταιον.
1268 347 1330 392 ὡς
1362 346 1407 388 δὲ
1438 347 1509 388 καὶ
1539 346 1663 394 αὖθις
1683 347 1729 390 τὸ
1751 347 1854 390 αὐτὸ

364 414 500 455 ἐδόκει
531 415 554 455 ὁ
586 416 702 468 ἅγιος
733 415 1033 468 ἐγκελεύεσθαι,
1066 415 1090 456 ὁ
1122 415 1167 456 δὲ
1198 415 1268 456 καὶ
1299 415 1420 456 πάλιν
1450 416 1635 464 ἐξελθὼν
1666 417 1744 471 οὐχ
1770 418 1851 458 ἕτε-

364 499 440 537 ρον
478 482 597 536 εὗρεν
636 485 659 538 ἢ
692 483 763 524 τὸν
797 483 1024 532 Βασίλειον,
1073 484 1326 537 ὗπέστρεψεν
1367 483 1610 538 ὑπειληφὼς
1646 484 1694 526 τὰ
1734 485 1903 526 αὖτά.1)
1923 490 1974 526 IV
1990 490 2030 526 19

307 557 350 591 16
364 552 410 593 ἐκ
442 553 577 605 τρίτου
608 552 744 592 τοίνυν
775 552 799 592 ὁ
829 552 990 605 μάρτυς
1020 557 1081 605 τῷ
1111 552 1317 606 νεωκόρῳ
1349 553 1557 606 ἐφίσταται
1588 553 1659 594 καὶ
1678 553 1853 607 προτρέ-

362 636 478 660 πεται
516 619 643 661 αὐτὸν
681 621 909 673 εἰσαγαγεῖν
943 619 1016 661 τὸν
1059 619 1177 666 ἐκτὸς
1219 621 1533 674 κατακείμενον
1579 619 1731 667 “οὗτος
1774 621 1891 675 γάρῖ)

306 694 350 729 17
365 689 504 730 ἕστιν”
543 689 623 742 ἔφη
663 688 718 729 “ὁ
749 688 983 742 βασιλεύς.”
1044 689 1230 736 ἐξελθὼν
1267 688 1343 729 οὖν
1374 689 1398 728 ὁ
1430 689 1644 742 νεωκόρος
1675 689 1856 744 ἀνίστησι

319 756 434 797 Βτὸν
465 756 681 797 Βασίλειον
712 756 783 797 καὶ
814 755 956 804 ξενίζει
986 760 1132 797 τοῦτον
1161 756 1277 810 παρὰ
1309 761 1358 811 τῇ
1395 758 1583 811 κατοικίᾳ
1619 758 1748 799 αὐτοῦ
1784 757 1856 798 καὶ

307 831 350 863 18
362 823 638 876 μεταδίδωσιν
682 823 744 865 ὧν
787 825 966 878 εὐπόρει.
1030 824 1081 879 ἧν
1121 825 1166 866 δὲ
1203 831 1265 878 τῷ
1303 825 1508 879 νεωκόρῳ
1547 826 1744 879 ὁμαίμων
1782 825 1856 880 τὴν

307 892 550 947 19ῖατρικὴν
587 893 740 946 μετιὼν
778 893 849 934 καὶ
884 898 945 947 τῷ
982 893 1227 948 Θεοφιλίτζῃ
1265 895 1495 948 ὑπηρετῶν.
1557 894 1581 934 ὁ
1619 894 1664 935 ὃὲ
1700 893 1853 948 Θεοφι-
2003 906 2035 939 ii

362 961 497 1015 λίτζης
529 960 650 1007 οὗτος
681 967 742 1015 τῷ
778 962 954 1016 Καίσαρι
985 962 1137 1015 Βάρὸᾳ
1169 962 1238 1003 καὶ
1269 967 1330 1015 τῴ
1359 962 1520 1016 βασιλεῖ
1545 962 1718 1016 ΛῙΙιχαὴλ
1748 962 1854 1004 κατὰ
1873 967 1916 1002 10

364 1030 482 1082 γένος
519 1031 722 1084 ᾠκείωτο,
768 1030 834 1071 διὰ
872 1030 918 1071 τὸ
954 1035 1026 1084 τῆς
1057 1030 1216 1085 ἡλικίας
1246 1031 1469 1085 βράχιστον
1499 1031 1856 1086 ὑποκοριζόμενος

305 1103 351 1138 20
363 1098 433 1139 καὶ
455 1098 724 1153 Θεοφιλίτζης
755 1099 1030 1153 καλούμενος.
1092 1099 1227 1153 τούτῳ
1258 1100 1394 1140 τοίνυν
1424 1105 1485 1153 τῷ
1510 1099 1684 1154 ἀδελφῷ
1705 1099 1729 1140 ὁ
1750 1115 1854 1141 νεω-

363 1166 493 1220 κόρος
513 1166 559 1208 τὸ
582 1167 821 1221 ἀπόρρητον
843 1168 1088 1221 ἐκκαλύψας
1110 1168 1300 1209 ἐνύπνιον
1321 1168 1474 1222 ἠξίωσε
1495 1172 1691 1222 συστῆσαι
1711 1167 1856 1209 τοῦτόν

363 1251 434 1276 τινι
477 1239 562 1276 τῶν
605 1236 824 1290 ἀρχόντων
867 1237 923 1281 εἷς
966 1237 1227 1290 ὗπηρέτησιν.
1291 1236 1314 1277 ὁ
1353 1236 1398 1277 δὲ
1436 1242 1497 1290 τῷ
1535 1236 1677 1289 οἰκείῳ
1719 1236 1856 1290 κυρίῳ

304 1309 344 1344 ‘21
363 1308 508 1345 τοῦτον
540 1305 755 1359 συνίστησι.
816 1304 1022 1358 πρότερον
1054 1305 1099 1346 δὲ
1129 1304 1175 1346 τὸ
1206 1305 1300 1358 περὶ
1330 1309 1402 1359 τῆς
1432 1304 1639 1359 βασιλείας
1670 1301 1720 1346 δι’
1752 1304 1854 1346 ὀνει-
1872 1309 1915 1344 15

363 1372 504 1425 ράτων
524 1373 823 1427 χρησμῳὸημα
850 1378 912 1427 τῷ
928 1373 1134 1427 Βασιλείῳ
1157 1374 1426 1427 ἄνεκάλυψαν
1447 1374 1582 1427 ἄμφω
1604 1372 1663 1414 τὼ
1683 1365 1856 1427 ἀδελφὼ

321 1440 434 1482 cna&
463 1442 706 1496 μεμνῆσθαι
737 1445 860 1495 σφῶν
892 1442 935 1482 ἐν
966 1446 1015 1496 τῇ
1045 1441 1229 1496 βασιλείᾳ
1261 1442 1389 1483 αὐτοῦ
1422 1442 1565 1495 ὅρκοις
1596 1441 1722 1483 αὐτὸν
1749 1457 1854 1495 προ-

304 1515 349 1549 22
364 1509 604 1564 κατέλαβον.
668 1510 811 1565 ἡσθεὶς
850 1509 925 1551 οὖν
963 1510 986 1550 ὁ
1024 1509 1292 1564 Θεοφιλίτζης
1331 1510 1396 1551 ἐπὶ
1434 1515 1495 1564 τῷ
1535 1510 1742 1564 Βασιλείῳ
1787 1509 1856 1565 (ἦν

365 1577 444 1632 γὰρ
476 1579 636 1634 εὐειδής
666 1595 708 1620 τε
739 1579 809 1620 καὶ
840 1580 1028 1634 εὐμήκης
1065 1579 1136 1620 καὶ
1171 1579 1244 1633 τὴν
1275 1583 1390 1633 χεῖρα
1425 1582 1610 1632 γενναῖος
1639 1577 1710 1619 καὶ
1740 1594 1853 1632 περι-

364 1647 510 1701 δέξιος,
554 1647 732 1702 βαθεῖαν
770 1663 810 1688 τε
846 1648 1016 1702 τρέφων
1051 1647 1190 1702 κόμην
1221 1647 1292 1688 καὶ
1322 1647 1473 1701 ταύτην
1504 1645 1647 1701 οὔλην)
1680 1650 1764 1693 τοῖς
1796 1647 1854 1688 οἶ-
1868 1652 1916 1687 20

366 1802 410 1837 18
434 1803 484 1836 ὅτι
508 1803 679 1846 πρότερον
705 1803 725 1836 ὁ
750 1802 934 1841 Βασίλειος
960 1808 1009 1846 τῷ
1040 1802 1249 1847 Θεοφιλίτζῃ
1277 1801 1531 1847 ἐξυπηρέτησεν
1557 1799 1586 1836 C

434 1945 457 1980 2
481 1945 541 1980 καὶ
569 1956 644 1981 om.
668 1946 704 1980 D
801 1947 823 1981 3
849 1946 1063 1991 ὑπέστρεψεν
1088 1944 1454 1991 Βννρῦἑ,(1111)111111
1482 1944 1692 1989 ὑπέστρεφεν
1717 1955 1771 1979 an
1796 1945 1856 1979 ὑπ-

434 1993 603 2038 έστρεψεν
629 1993 678 2028 sit
705 1994 745 2028 in
771 1992 805 2028 A
903 1994 924 2028 7
949 1993 1088 2037 παρά-
1094 1993 1200 2028 αὐτοῦ
1228 2004 1302 2028 0111.
1323 1993 1354 2028 O
1452 1992 1474 2027 8
1499 1992 1645 2037 ηὐπόρει
1672 1991 1718 2035 D,
1746 2002 1784 2026 V.
1804 1991 1856 2026 ad

435 2039 530 2075 XIII
560 2041 661 2085 13,1
789 2042 829 2076 ll
858 2044 949 2087 post
974 2040 1033 2076 διὰ
1059 2041 1149 2076 add.
1177 2040 1215 2075 δὲ
1241 2040 1276 2075 D
1407 2040 1451 2074 16
1475 2040 1753 2085 χρησιιοδότημα
1780 2038 1809 2075 C

483 2102 533 2134 τῳ
558 2089 638 2134 βασ.
667 2100 742 2124 0111.
770 2089 799 2125 C
901 2089 943 2124 19
968 2089 1029 2124 καὶ
1053 2088 1213 2134 εὐμηκης
1238 2102 1298 2124 και
1324 2087 1461 2133 εῠειόης
1488 2087 1519 2122 Ο

307 2229 349 2265 15
364 2241 496 2277 nuoas
523 2242 610 2268 esse
636 2235 748 2268 ratus
775 2235 844 2268 est.
895 2231 993 2268 Cum
1013 2235 1176 2267 sanetus
1202 2231 1307 2266 idem
1327 2231 1460 2266 denuo
1479 2230 1621 2266 iubere
1638 2230 1856 2274 videretur,

363 2289 504 2315 rursus
530 2290 719 2326 eglessus
746 2280 855 2315 nullo
883 2283 1044 2325 praeter
1070 2279 1261 2314 Basilium
1288 2279 1464 2320 invento,
1498 2277 1639 2313 eadem
1667 2278 1857 2322 opinione

306 2326 493 2362 lei-adiit.
544 2327 623 2364 Sed
651 2331 804 2372 maltyr
836 2328 997 2362 teitium
1036 2327 1199 2362 aedituo
1239 2330 1409 2372 appaiet
1447 2335 1620 2370 eumque
1655 2325 1857 2360 introduci

306 2373 486 2418 17iubet,
525 2376 594 2421 qui
631 2375 728 2410 foris
765 2376 908 2419 iaceat,
947 2385 1038 2410 eum
1066 2375 1170 2410 enim
1198 2384 1284 2410 esse
1310 2384 1460 2419 regem.
1511 2373 1707 2418 Egressus
1733 2373 1858 2417 igitur

364 2422 552 2458 aedituus
577 2422 769 2458 Basilium
801 2423 951 2458 excitat
989 2422 1177 2467 domique
1215 2424 1429 2467 exceptum
1468 2420 1638 2465 hospitio
1676 2430 1748 2465 pro
1776 2420 1858 2454 suis

306 2468 351 2503 18
365 2480 491 2515 copus
523 2473 680 2505 tractat.
745 2471 840 2505 Erat
876 2474 1010 2505 autem
1050 2469 1214 2505 aedituo
1253 2470 1378 2504 frater
1415 2468 1595 2503 medicus
1632 2467 1857 2502 inserviens

308 2516 350 2551 19
365 2517 640 2563 Theophilitzi‚
668 2518 736 2563 qui
763 2517 927 2554 Caesari
952 2517 1112 2552 Bardae
1138 2519 1178 2551 et
1201 2517 1287 2560 legi
1307 2516 1489 2550 Michaeli
1515 2525 1666 2560 genere
1692 2515 1856 2549 coniun-

365 2569 452 2600 etus
490 2565 541 2600 ob
579 2568 775 2600 staturam
808 2565 1085 2600 brevissimam
1117 2575 1189 2609 per
1221 2564 1535 2599 deminutionem
1562 2562 1856 2607 Theophilitzes

304 2611 351 2645 ‘20
365 2613 601 2648 vocabatur.
651 2612 849 2648 Aedituus
875 2613 1000 2657 igitur
1023 2622 1047 2646 a
1065 2613 1190 2646 fratre
1217 2621 1301 2655 suo,
1329 2621 1478 2645 arcano
1505 2610 1660 2644 somnio
1687 2609 1857 2652 detecto,

364 2660 474 2705 petit,
512 2663 557 2695 ut
597 2660 794 2695 hominem
836 2660 1008 2705 principi
1045 2659 1165 2694 alicui
1204 2659 1256 2693 ad
1296 2659 1558 2693 ministerium
1597 2657 1858 2692 commendet.

304 2705 348 2740 ‘21
367 2707 403 2742 Is
429 2717 520 2742 eum
547 2707 598 2742 ad
627 2717 743 2742 suum
770 2707 975 2742 dominum
1002 2707 1176 2742 deducit.
1227 2705 1304 2741 Sed
1340 2706 1380 2740 in
1407 2706 1544 2750 primis
1571 2705 1688 2739 ambo
1715 2705 1860 2739 fratres

364 2754 566 2799 Basssium,
598 2755 664 2790 illo
696 2755 838 2790 somnii
869 2755 1033 2791 oraculo
1058 2754 1367 2810 pommunicato,
1402 2752 1663 2787 iureiurando
1695 2752 1861 2786 obstrin-

305 2782 566 2846 220u11t,ut'
600 2813 728 2848 regno
767 2803 919 2848 potitus
956 2803 1017 2837 sui
1056 2803 1234 2847 ipsorum
1269 2801 1505 2835 meminerit.
1563 2799 1860 2844 Theophilitzes

365 2829 511 2883 Basilio
539 2849 760 2884 delectatus
779 2852 882 2890 (erat
908 2851 1013 2884 enirn
1040 2858 1242 2895 procerus
1271 2849 1480 2890 formosus,
1505 2856 1630 2881 manu
1652 2849 1861 2891 promptus

365 2899 487 2944 atque
514 2897 631 2942 agilis
657 2899 853 2944 promisso
881 2897 1023 2944 capillo
1051 2905 1181 2942 eoque
1207 2895 1352 2941 crispo)
1383 2896 1466 2931 suis
1490 2894 1750 2940 equisonibus
1769 2903 1860 2929 eum
