2054 3282
467 217 563 262 ΖΟΕ
588 225 952 264 CONSTANTINO
978 223 1304 263 MONOMACHO
1329 224 1500 263 NVBIT.
1665 225 1737 261 615

243 351 418 389 οικοῦσα
453 347 591 402 τούτῳ
633 347 705 390 τὸν
740 348 927 390 θάνατον
964 346 1216 403 σχεδιάσασα
1252 346 1324 389 καὶ
1354 346 1586 402 φάρμακον
1617 346 1736 401 αὐτῷ

244 415 311 457 διὰ
349 415 598 470 ζηλοτυπίαν
630 416 844 470 κεράσασα
877 416 1138 471 δηλητήριον,
1181 417 1247 457 ἵνα
1277 415 1338 471 μὴ
1370 416 1427 458 ἔτι
1457 416 1616 464 ζῶντος
1646 431 1734 457 στε-

242 485 411 539 ρήσοιτο
437 489 510 526 τοῦ
532 484 688 539 ἀνδρὸς
708 485 779 526 καὶ
801 485 920 540 ὁρῴη
943 486 1086 539 ἑτέραν
1108 485 1225 539 αὐτῷ
1244 484 1550 539 παριαύουσαν.
1612 484 1637 525 ὁ
1657 483 1736 538 μὲν
1750 486 1796 522 10

243 551 319 594 οὖν
340 553 452 594 οὕτω
474 556 559 594 τῶν
590 554 771 595 ἐλπίδων
802 554 1046 596 ἐκπέπτωκε
1075 554 1147 596 καὶ
1177 558 1249 609 τῆς
1279 553 1417 608 ὁρμῆς
1447 554 1473 608 ἡ
1505 553 1734 608 βασίλισσα.

205 621 286 661 δαί
323 620 368 662 δὲ
406 625 545 675 ψῆφοι
580 622 690 675 πρὸς
731 621 802 664 τὸν
840 623 1105 677 ΙΙΙονομάχον
1141 622 1458 664 Κωνσταντῒνον
1500 621 1735 669 ἀπέκλιναν,
1751 623 1793 659 11
1810 623 1966 660 P11247
1972 622 2008 659 A

242 689 376 743 ἄνδρα
415 690 487 731 καὶ
517 691 731 745 εὐγενέτην
761 691 833 732 καὶ
862 694 948 732 τῶν
979 690 1198 745 ἐπισήμων
1227 690 1299 732 καὶ
1329 690 1534 745 κηδεστὴν
1564 694 1627 744 τῷ
1656 690 1735 744 βα-

241 757 344 800 σιλεῖ
358 757 568 813 Ῥωμανῷ
599 757 663 800 ἐπ’
693 759 970 814 ἀδελφόπαιδι
1000 759 1309 814 χρηματίσαντα
1343 758 1485 814 (ταύτῃ
1518 757 1598 813 γὰρ
1629 757 1736 800 κατὰ

241 826 461 887 δευτέρους
482 827 645 881 γάμους
666 826 867 882 ὡμίλησε)
896 827 967 869 καὶ
987 828 1062 883 τὴν
1083 828 1204 882 ὥραν
1224 828 1538 883 ὑπέρλαμπρον,
1599 827 1736 882 τούτῳ
1750 830 1796 866 12

240 896 363 937 οὔπω
405 895 484 950 μὲν
520 896 836 950 μεγαλοπρεπές
872 913 907 938 τι
946 897 971 938 ὁ
1008 895 1201 951 βασιλεὺς
1234 896 1453 951 Ῥωμανός
1493 896 1736 950 ἐνεδείξατο,

184 966 227 1002 10
241 962 308 1005 διὰ
331 964 379 1006 δέ
399 979 445 1018 γε
464 963 538 1019 τὴν
558 964 667 1018 πρὸς
697 964 825 1006 αὐτὸν
855 965 1085 1020 ἀγχιστείαν
1114 965 1210 1019 περὶ
1239 965 1312 1011 τὰς
1342 965 1575 1020 βασιλείους
1605 963 1737 1011 αὐλὰς

240 1032 512 1087 ἀνεστρέφετο
547 1034 776 1076 κάντεῦθεν
814 1035 1003 1089 συνήθης
1039 1038 1089 1089 τῇ
1125 1034 1301 1088 βασιλίδι
1340 1034 1519 1088 ἐγένετο·
1563 1033 1734 1088 κάκείνη
1752 1037 1796 1073 13

239 1100 389 1156 φιλίως
424 1100 533 1156 πρὸς
568 1101 640 1144 τὸν
676 1103 811 1156 ἄνδρα
850 1103 1020 1145 διέκειτο
1059 1102 1130 1144 καὶ
1163 1104 1367 1157 ᾠκειοῦτο
1399 1101 1526 1147 αὐτὸν
1556 1101 1628 1144 καὶ
1658 1102 1735 1157 χά-

239 1185 344 1224 ρισιν
368 1170 575 1218 ἐδεξιοῦτο
605 1171 936 1220 πολυταλάντοις,
969 1171 1036 1213 οἷα
1068 1171 1203 1226 ἐκείνη
1235 1171 1309 1226 τὴν
1339 1172 1456 1226 χεῖρά
1487 1187 1529 1213 τε
1560 1170 1737 1226 ἀφειδὴς

239 1238 311 1280 καὶ
349 1238 539 1294 βασιλικὴ
579 1239 653 1294 τὴν
689 1241 943 1294 προαίρεσιν,
988 1240 1095 1282 ὥστε
1127 1245 1254 1282 ταῦτα
1285 1244 1370 1286 τοῖς
1400 1240 1635 1295 κακοήθεσι
1666 1239 1737 1281 καὶ

180 1308 224 1345 15
239 1307 449 1362 λοιδορίας
480 1312 570 1349 κατ’
603 1309 744 1350 αὐτῶν
776 1309 935 1363 ἐγένετο
967 1309 1158 1364 ἀφορμή.
1222 1309 1325 1351 ὅθεν
1356 1308 1380 1350 ὁ
1410 1308 1514 1363 μετὰ
1539 1307 1610 1350 τὸν
1631 1307 1735 1350 Ῥω-
1752 1311 1796 1348 14

237 1376 375 1431 μανὸν
396 1377 672 1431 αὐτοκράτωρ
694 1377 718 1419 ὁ
740 1375 927 1432 Μχαήλ,
961 1378 1040 1419 οὒκ
1063 1378 1126 1419 ὢν
1151 1381 1237 1419 τῶν
1267 1377 1507 1431 λεγομένων
1538 1377 1735 1431 ἀνήκοος,

237 1442 485 1500 βασιλεύσας
509 1447 566 1494 εἰς
586 1446 756 1501 Λέσβον
785 1447 1006 1501 περιορίζει
1036 1445 1108 1488 τὸν
1138 1446 1273 1500 ἄνδρα
1305 1443 1369 1488 ἐπ’
1403 1446 1546 1493 αἰτίαις
1578 1446 1630 1501 δή
1662 1449 1782 1487 τισιΒ

236 1514 556 1569 πεπλασμέναις,
588 1514 635 1557 τὸ
667 1512 705 1556 δ’
739 1515 838 1557 ὅλον
869 1514 920 1570 ἦν
941 1514 988 1557 τὸ
1010 1514 1252 1570 ζηλότυπον.
1314 1502 1386 1556 καὶ
1407 1513 1459 1569 ἦν
1479 1514 1552 1556 τόν
1573 1515 1735 1556 ἅπαντα
1751 1519 1796 1555 15

237 1582 392 1637 χρόνον
422 1587 494 1639 τῆς
523 1583 731 1639 βασιλείας
761 1587 835 1626 τοῦ
857 1583 1031 1638 ᾹΙιχαὴλ
1061 1583 1285 1639 ὑπερόριος
1315 1582 1387 1625 καὶ
1418 1582 1519 1625 οὐδὲ
1543 1586 1617 1625 τοῦ
1640 1582 1735 1624 δευ-

238 1704 262 1740 5
284 1704 363 1750 περὶ
388 1709 449 1740 τοῦ
474 1705 696 1750 Μονομάχου
721 1704 781 1740 καὶ
806 1706 903 1744 ὅπως
926 1704 1022 1749 παρὰ
1047 1709 1107 1750 τῆς
1130 1705 1333 1751 βασιλίσσης
1364 1705 1470 1750 Ζωῆς
1494 1704 1612 1749 ᾑρέθη
1640 1703 1735 1749 (ἤρε-

238 1752 350 1798 θίσθη
378 1752 420 1797 E,
447 1752 575 1788 voluit
598 1753 784 1798 ᾗρετίσθη)
810 1752 899 1798 πρὸς
922 1753 1101 1799 βασιλείαν
1126 1753 1187 1788 καὶ
1211 1752 1298 1797 πρὸς
1324 1753 1531 1797 συνοίκησιν
1560 1751 1623 1788 CE

83 28 85 30 “
83 0 93 13 ιδ

138 8 145 10 .

312 1872 329 1906 1
358 1872 470 1907 τούτω
497 1870 695 1917 R(wpD2·)‚
720 1876 820 1907 τοῦτο
844 1870 879 1907 Α
996 1875 1090 1908 ante
1115 1871 1174 1907 τὸν
1200 1871 1292 1907 add.
1318 1871 1368 1911 ὡς
1393 1870 1523 1916 Bpr
1646 1874 1737 1916 post

311 1919 463 1955 θάνατον
488 1919 579 1954 add.
605 1919 701 1955 αὐτῶ
726 1918 842 1962 BC(w
875 1918 945 1961 Di)
1069 1920 1166 1965 αὐτῷ
1193 1930 1268 1955 om.
1295 1919 1358 1956 BC
1481 1918 1504 1953 2
1530 1920 1661 1960 ζῶντος
1686 1919 1735 1954 ἔτι

310 1966 375 2003 BC
494 1966 517 2001 3
541 1967 776 2011 περιαύουσαν
801 1966 832 2001 Β
999 1967 1022 2002 5
1047 1967 1240 2012 ἀπέκριναν
1266 1967 1302 2002 D
1424 1966 1446 2002 6
1471 1966 1532 2002 καὶ
1556 1966 1737 2012 εὐγενέτην

312 2014 433 2058 ΑΒΝ,
459 2019 531 2050 τῶν
555 2014 595 2050 εὖ
619 2016 813 2060 γεγονότων
839 2014 913 2059 BC,
940 2019 1010 2050 τῶν
1035 2015 1266 2061 εὖγεγονότων
1292 2014 1475 2050 nonnulli
1505 2013 1560 2059 Pp
1670 2028 1736 2059 κη-

311 2063 436 2108 δεστήν
461 2076 495 2097 τε
522 2062 668 2098 omisso
694 2062 755 2098 καὶ
781 2061 844 2099 BC
965 2063 987 2098 7
1012 2063 1285 2109 χρηματήσαντα
1311 2062 1359 2108 p*
1474 2062 1579 2107 ταύτῃ
1606 2061 1684 2107 γὰρ]
1711 2061 1734 2107 ἦ

311 2109 375 2146 BC
490 2109 535 2145 12
560 2110 668 2156 φιλίῳ
695 2109 731 2145 D
844 2110 934 2155 πρὸν
959 2111 1046 2155 (sic)
1073 2110 1109 2145 D
1232 2110 1277 2145 13
1302 2111 1358 2145 οἵα
1385 2108 1448 2146 ΟΕ
1571 2109 1616 2144 14
1642 2112 1736 2145 ante

311 2157 469 2204 κακοήθ.
488 2157 580 2194 add.
598 2159 836 2204 καχυπόπτοις
853 2158 914 2194 καὶ
926 2157 1066 2195 BCWO
1081 2158 1146 2194 lat.
1234 2157 1277 2193 17
1294 2158 1403 2197 αἰτίας
1417 2157 1448 2192 Ε
1524 2156 1569 2192 18
1586 2156 1626 2192 δὲ
1638 2157 1736 2203 Ewp

241 2278 378 2324 spicio,
420 2277 517 2323 quin
556 2277 706 2313 coniux
745 2287 836 2313 eum
878 2281 1059 2323 permota
1093 2277 1295 2323 zelotypia
1327 2277 1462 2312 toxico
1499 2276 1593 2312 dato
1620 2286 1736 2312 neca-

241 2326 355 2368 verit,
394 2335 445 2360 ne
478 2325 642 2361 vivente
675 2324 809 2360 adhuc
842 2325 984 2360 marito
1018 2325 1248 2371 privaretur
1281 2334 1384 2360 neve
1411 2325 1530 2359 aliam
1557 2325 1592 2360 ei
1620 2334 1737 2360 accu-

242 2373 404 2408 bantem
423 2372 591 2408 videret.
641 2371 704 2409 Sic
724 2373 789 2408 ille
807 2383 878 2419 spe
897 2374 1114 2408 frustratus
1136 2376 1206 2416 est,
1232 2373 1376 2418 regina
1403 2382 1500 2407 vero
1527 2375 1623 2408 voto
1649 2382 1734 2408 suo.
1752 2370 1797 2405 10

241 2420 390 2456 Verum
423 2421 510 2456 eius
543 2420 683 2455 calculi
719 2420 769 2455 ad
802 2420 1109 2456 Constantinum
1136 2419 1445 2456 Monomachum
1479 2417 1794 2463 inclinarunt‚ll

242 2468 371 2503 virum
398 2468 572 2504 nobilem
601 2471 640 2503 et
672 2468 862 2503 illustrem
897 2470 1109 2513 formaque
1141 2467 1353 2503 excellenti
1387 2467 1626 2513 praeditum,
1667 2467 1735 2513 qui

242 2516 371 2562 prima
408 2516 583 2561 coniuge
623 2516 829 2558 defuncta,
870 2516 1123 2561 imperatoris
1156 2514 1325 2550 Romani
1364 2518 1485 2561 nepte
1520 2525 1570 2550 ex
1610 2516 1736 2551 fratre

242 2563 375 2607 ducta,
403 2563 499 2599 nihil
519 2563 571 2598 ab
589 2563 655 2598 illo
675 2564 876 2607 magnifici
899 2567 1141 2599 consecutus
1168 2566 1266 2606 erat,
1292 2566 1426 2598 tamen
1454 2572 1543 2598 cum
1571 2561 1796 2608 propter12

241 2611 473 2646 affinitatem
501 2611 540 2646 in
568 2611 661 2646 aula
692 2615 933 2654 versaretur,
964 2611 1132 2654 reginae
1159 2620 1277 2646 carus
1304 2614 1344 2646 et
1370 2610 1578 2645 familiaris
1606 2609 1796 2646 factu813

241 2658 457 2694 multorum
492 2658 732 2695 talentorum
769 2669 937 2694 munera
975 2659 1027 2693 ab
1066 2669 1125 2702 ea,
1163 2662 1207 2693 ut
1240 2662 1326 2693 erat
1360 2667 1482 2693 manu
1514 2657 1669 2694 liberali
1697 2661 1737 2693 et

242 2706 376 2741 animo
414 2706 539 2752 rog-io,
579 2710 804 2752 acceperat.
856 2706 972 2742 Unde
1007 2705 1194 2741 malevoli
1227 2716 1366 2741 ansam
1400 2704 1503 2741 male
1534 2704 1583 2741 de
1611 2706 1658 2740 iis
1684 2705 1735 2740 lo·
1754 2704 1795 2739 14

242 2753 393 2799 quendi
419 2754 681 2799 arripuerunt
706 2758 745 2788 et
763 2753 943 2798 Michaissh
972 2753 1139 2789 Romani
1158 2763 1378 2797 successor,
1406 2752 1515 2798 quod
1545 2756 1584 2787 et
1610 2753 1643 2788 is
1669 2753 1736 2788 illa

242 2800 467 2845 audiverat,
495 2811 628 2836 rerum
657 2802 807 2847 potitus
835 2802 963 2836 virum
992 2801 1172 2836 confictis
1194 2801 1427 2836 criminibus
1446 2799 1620 2836 Lesbum
1641 2800 1736 2835 relo-

241 2849 368 2894 gavlt,
407 2858 497 2884 eum
537 2859 634 2884 vera
674 2858 798 2884 causa
829 2859 911 2883 una
945 2853 1050 2884 (esset
1079 2848 1292 2894 zelotypia.
1344 2847 1388 2883 In
1422 2858 1470 2883 oo
1506 2848 1626 2883 exilio
1665 2858 1736 2893 per
1752 2847 1795 2883 15

242 2899 368 2932 totum
395 2894 599 2932 Michaelis
629 2897 837 2942 imperium
866 2900 953 2932 erat
979 2906 1111 2942 neque
1138 2895 1307 2932 alterum
1335 2895 1567 2931 Michafflem
1596 2895 1737 2931 habuit
