2054 3282
353 225 423 262 520
754 223 934 261 ZONAR.
963 223 1092 260 EPIT.
1119 222 1231 258 XVII
1259 223 1289 266 1,
1318 222 1443 258 1-11,

353 346 584 393 κοινωνοὺς
615 347 813 400 πεποίητο
846 350 916 399 τῆς
948 346 1080 398 ἀρχῆς
1110 344 1264 389 παῖδας
1295 344 1350 384 ἔτι
1381 343 1669 398 τυγχάνοντας,
1700 343 1771 386 τὸν
1803 344 1848 386 ὁὲ

352 415 738 468 παρακοιμώμενον
754 413 982 460 Βασίλειον,
1000 413 1048 453 ὃν
1063 412 1087 452 ὁ
1101 412 1260 458 Φωκᾶς
1276 412 1462 466 τετίμηκε
1475 411 1698 465 πρόεδρον,
1714 413 1847 467 μήπω

352 483 503 537 πρῴην
542 483 660 528 ὄντος
693 486 765 523 τοῦ
799 482 1049 535 ἀξιώματος,
1092 480 1439 534 προσλαβόμενος
1470 480 1531 526 ὡς
1562 481 1726 535 ἐντριβῆ
1755 481 1847 535 περὶ

353 551 426 605 τὴν
456 554 540 591 τῶν
571 554 726 591 κοινῶν
757 550 1018 603 πραγμάτων
1050 549 1263 602 διοίκησιν,
1311 549 1427 602 αὐτῷ
1462 548 1535 602 τὴν
1565 553 1704 590 πᾶσαν
1734 550 1846 591 οἰκο-

317 620 502 672 2νομίαν
545 619 728 659 ἀνέθετο.
790 618 861 658 καὶ
900 618 948 663 ὃς
986 616 1082 662 τοὺς
1118 621 1179 670 τῷ
1211 616 1454 671 Νικηφόρῳ
1491 618 1784 672 προσήκοντας
1822 619 1884 673 ἢ5

353 687 424 728 καὶ
455 687 592 732 ἄλλως
624 687 788 727 εὔνοιαν
820 687 967 740 ἐκείνῳ
998 690 1134 740 τηρεῖν
1165 686 1532 739 ὑποπτευομένους
1554 686 1601 727 ἐκ
1621 686 1754 740 μέσου
1775 702 1847 727 πε-

352 756 513 809 ποίηκε,
558 754 628 795 τὸν
670 754 748 808 μὲν
792 755 1114 809 κουροπαλάτην
1154 754 1314 795 Λέοντα
1359 754 1429 796 καὶ
1473 753 1544 795 τὸν
1588 754 1679 796 υἱὸν
1717 755 1847 797 αὐτοῦ

302 823 607 877 ΒΝικηφόρον
647 823 690 863 ἐν
728 822 884 877 Λέσβῳ
927 823 1179 877 περιορίσας,
1224 827 1285 876 τῷ
1323 820 1360 863 δ’
1396 823 1526 876 ἑτέρῳ
1562 826 1635 887 ταῦ
1668 822 1849 870 Λέοντος

354 892 433 945 υἱῷ
463 896 524 945 τῷ
555 891 706 944 Βάρδᾳ
746 891 863 944 ὅριον
901 892 1080 945 θέμενος
1117 891 1397 945 περιγραπτὸν
1427 891 1501 946 τὴν
1526 891 1748 945 Ἀμάσειαν
1778 892 1898 933 καὶΙ)
1918 895 1970 931 IV
1983 896 2030 931 92

316 959 501 1005 3ἄλλους
532 959 670 1005 ἄλλως
700 959 916 1013 μετελθὼν
947 959 1018 1001 καὶ
1055 960 1453 1014 οἰκονομησάμενος.
1515 959 1612 1007 τοὺς
1651 960 1695 1002 δὲ
1733 959 1848 1015 παρὰ
1869 965 1912 1000 10

351 1032 423 1070 τοῦ
462 1027 717 1082 Νικηφόρου
757 1029 1100 1082 φυγαδευθέντας
1140 1029 1384 1083 κατήγαγεν,
1430 1029 1492 1075 οἷς
1534 1028 1605 1070 καὶ
1648 1029 1851 1083 ἀρχιερεῖς

351 1097 677 1151 συνηρίθμηντο,
716 1097 806 1138 ὅσοι
836 1097 895 1151 μὴ
932 1097 1176 1151 ὑπογράψαι
1207 1097 1251 1138 ἐν
1282 1102 1345 1151 τῷ
1375 1097 1494 1151 τόμῳ
1528 1098 1763 1152 ὑπέκυψαν,
1797 1094 1849 1141 δι’

353 1163 404 1207 οὗ
447 1165 687 1206 τεθέσπιστο
726 1165 786 1219 μὴ
829 1166 926 1206 ἄνευ
969 1166 1128 1207 ἐκείνου
1161 1166 1353 1221 ἀρχιερέα
1385 1166 1471 1207 τινὰ
1502 1167 1849 1221 προχειρίζεσθαι.

315 1233 433 1275 4εἷτα
465 1235 623 1275 ἄπεισιν
655 1234 679 1275 ὁ
705 1233 904 1288 Ἰωάννης
936 1236 993 1280 εἰς
1031 1235 1104 1289 τὴν
1144 1234 1329 1289 μεγάλην
1367 1234 1589 1289 ἐκκλησίαν
1625 1236 1848 1290 ταινιωθη-

315 1303 539 1357 ὃσόμενος.
603 1299 689 1343 ἀλλ’
723 1303 802 1344 οὐκ
835 1304 957 1358 εἰάθη
989 1303 1105 1358 παρὰ
1139 1307 1212 1345 τοῦ
1246 1303 1518 1345 ῙΙολυεύκτου
1550 1304 1607 1350 εἷς
1639 1303 1710 1345 τὸν
1747 1303 1850 1345 ναὸν
1868 1308 1909 1342 15

101 1374 295 1411 W111167
317 1371 562 1424 6εἶσελθεῖν,
604 1372 666 1418 ὡς
697 1372 821 1426 φόνῳ
851 1373 1145 1427 μεμιασμένος.
1206 1372 1357 1426 πρᾴως
1390 1371 1435 1413 δὲ
1465 1372 1539 1426 τὴν
1570 1373 1795 1427 ἐπιτίμησιν
1826 1372 1850 1413 ὁ

356 1440 393 1481 T
390 1440 581 1494 ζιμισκὴς
613 1440 797 1494 ἐνεγκὼν
828 1441 1066 1494 ἀπελογεῖτο
1097 1441 1156 1495 μὴ
1190 1440 1316 1487 αὐτὸς
1347 1441 1538 1495 αὐτόχειρ
1565 1441 1755 1494 γενέσθαι
1775 1445 1850 1482 τοῦ

352 1508 502 1564 φόνου,
534 1509 644 1564 ἔλεγε
678 1509 723 1552 δὲ
754 1508 825 1550 τὸν
845 1509 1099 1565 Ἂβαλάντην
1130 1509 1202 1551 καὶ
1232 1509 1303 1551 τὸν
1329 1509 1733 1563 Ἀτζυποθεόὸωρον
1763 1510 1849 1551 ἐπι-

354 1647 397 1683 14
431 1649 482 1683 ὅτι
507 1648 678 1693 ἐκωλύθη
705 1649 726 1683 ὄ
754 1647 945 1694 Τζιμισκὴς
983 1650 1178 1694 (τζιμισκῆς
1204 1648 1244 1693 C,
1273 1660 1309 1683 v.
1337 1649 1388 1684 ad
1414 1647 1524 1684 XVII
1553 1648 1583 1693 l,
1612 1647 1646 1690 1)
1683 1648 1852 1684 εἰσελθεῖν

353 1696 402 1736 εἰς
429 1695 491 1742 τὴν
515 1696 708 1742 ἐκκλησίαν
735 1695 798 1732 CE

423 1815 445 1850 4
460 1815 520 1861 τὴν
536 1816 647 1862 prius
659 1827 734 1852 om.
744 1816 774 1852 C
837 1817 868 1852 7.
878 1818 901 1851 8
915 1816 972 1851 τὸν
983 1816 1226 1862 μὲν-Λέσβῳ
1239 1816 1454 1862 περιορίσας]
1464 1815 1644 1862 Apparet
1654 1817 1758 1853 Zona
1766 1828 1849 1852 ram

425 1863 460 1898 h.
489 1864 511 1898 1.
542 1862 756 1909 Scylitzem
784 1863 914 1907 (Cedr.
943 1864 980 1899 ΙΙ
1008 1875 1043 1910 p.
1063 1865 1143 1907 379,
1165 1864 1223 1907 16)
1252 1865 1509 1911 negligenter
1535 1865 1786 1910 adhibuisse3
1813 1877 1849 1900 v.

425 1912 539 1947 B-W
561 1914 771 1947 comment.
797 1911 991 1947 Fleckeis.
1018 1923 1054 1957 p.
1076 1912 1143 1948 148
1159 1923 1207 1947 ss.
1307 1912 1352 1947 10
1377 1915 1472 1947 ante
1497 1912 1557 1947 καὶ
1583 1912 1673 1947 add.
1694 1927 1729 1947 τε
1752 1893 1849 1959 R’wp

426 1958 473 1994 14
497 1959 546 1998 εἰς
573 1973 600 1994 τ.
626 1973 704 2004 μεγ.
722 1959 915 2005 ἐκκλησίαν
939 1960 1042 2005 ἀπήει
1068 1961 1089 1994 ὁ
1113 1960 1264 2005 ι’ωάννης
1291 1959 1322 1995 Ο
1421 1960 1464 1995 16
1489 1960 1611 2004 πράως
1633 1958 1850 2006 ARwap,

423 2006 535 2051 πράος
549 2006 598 2049 D,
625 2017 727 2042 corr.
742 2006 799 2042 Di
885 2007 940 2042 16.
958 2007 1001 2043 17
1027 2007 1089 2052 τὴν
1106 2007 1303 2053 ἐπιτίμησιν
1321 2010 1415 2042 ante
1432 2006 1586 2053 ἐνεγκὼν
1604 2008 1640 2042 D
1715 2008 1759 2043 17
1785 2010 1851 2049 τζι-

423 2053 558 2099 μισκὴς
583 2053 662 2098 ΑΕ,
691 2056 876 2100 τζιμισκῆς
901 2053 1071 2100 prDz',
1111 2057 1290 2100 τζιμισχῆς
1317 2058 1356 2090 et
1381 2057 1563 2101 τζιμισκῆς
1590 2066 1662 2101 per
1688 2055 1850 2101 dittogr.

424 2101 473 2146 D,
501 2112 537 2137 V.
557 2102 609 2137 ad
627 2101 740 2138 XVII
756 2102 788 2147 1,
804 2103 823 2137 1
925 2103 969 2138 18
994 2102 1045 2148 δὲ]
1065 2102 1129 2148 γὰρ
1149 2102 1184 2137 D
1282 2103 1575 2148 τζυποθεόδωρον
1592 2103 1640 2148 D,
1667 2113 1767 2139 corr.
1782 2103 1850 2142 Dw

353 2241 481 2276 regno
510 2231 662 2276 potitus
689 2233 728 2267 et
745 2231 917 2267 Romani
936 2231 1095 2276 liberos,
1124 2242 1224 2287 puer
1229 2242 1272 2267 os
1290 2232 1433 2275 adhuc,
1460 2232 1616 2278 imperii
1635 2232 1850 2278 paiticipes

352 2279 448 2314 iecit
474 2281 514 2314 et
539 2278 698 2323 Basilio,
742 2279 917 2314 cubiculi
951 2280 1194 2325 praeposito,
1233 2290 1351 2335 quem
1378 2279 1627 2325 Nicephorus
1661 2290 1768 2315 novo
1795 2279 1849 2315 di-

352 2326 520 2371 gnitatis
546 2336 698 2372 genere
724 2326 951 2372 praesidem
978 2327 1214 2372 appellarat,
1248 2331 1293 2362 ut
1319 2328 1360 2362 in
1392 2327 1513 2362 rebus
1543 2327 1734 2373 gelendis
1764 2337 1850 2362 vei-

315 2372 452 2418 2sato,
490 2373 878 2410 administrationem
906 2385 1064 2410 omnem
1091 2375 1297 2410 commisit.
1347 2374 1386 2409 Is
1412 2374 1626 2420 Nicephori
1652 2378 1850 2410 cooriatos

352 2421 547 2466 aliosque,
586 2422 654 2466 qui
686 2422 723 2457 ei
750 2422 884 2457 adhuc
909 2422 1014 2457 bene
1041 2432 1189 2468 cupeie
1216 2422 1471 2466 videbantui,
1510 2423 1671 2465 amovit,
1747 2432 1850 2458 eone

352 2467 598 2515 Curopalate
631 2472 671 2504 et
705 2470 791 2504 eius
818 2469 897 2505 filio
923 2469 1150 2515 Nicephmo
1177 2469 1353 2505 Lesbum
1380 2469 1581 2515 relegatis,
1620 2470 1736 2504 alteri
1762 2470 1848 2505 eius

352 2516 431 2552 filio
458 2515 618 2552 Bardae
653 2520 762 2552 certo
800 2517 923 2552 limite
955 2518 1179 2562 praefinito,
1221 2527 1273 2552 ne
1298 2496 1488 2552 Amasis?
1495 2517 1722 2560 excederet,
1761 2517 1849 2553 aliis

315 2562 468 2599 3aliter
500 2564 693 2600 tractatis.
756 2564 863 2606 Quos
899 2567 1034 2600 autem
1060 2564 1311 2611 Nicephorus
1345 2565 1386 2599 in
1417 2564 1580 2600 exilium
1613 2567 1754 2610 egerat
1790 2575 1849 2600 re-

351 2611 525 2655 vocavit,
568 2621 648 2657 quo
685 2612 725 2646 in
758 2622 927 2648 numero
959 2616 1075 2648 erant
1100 2613 1219 2648 etiam
1246 2612 1466 2658 pontifices,
1505 2612 1574 2657 qui
1600 2614 1847 2656 recusarant,

351 2669 401 2694 ne
428 2659 464 2694 ei
490 2658 603 2702 libro,
632 2669 712 2704 quo
732 2662 935 2703 sanxmat,
962 2670 1014 2695 ne
1032 2660 1121 2705 quis
1140 2661 1322 2706 pontifex
1343 2669 1385 2694 se
1403 2659 1528 2694 inscio
1554 2659 1848 2704 designaretur,

315 2703 664 2742 4subscriberent.
715 2707 873 2743 Deinde
905 2708 946 2742 in
989 2718 1179 2753 magnam
1216 2707 1425 2742 eeclesiam
1459 2707 1558 2742 abiit
1583 2707 1765 2751 Ioannes,
1803 2687 1849 2742 ut,

315 2751 405 2788 bibi
439 2753 667 2789 diademate
701 2758 927 2790 ornaretur.
978 2735 1079 2791 Sede
1082 2754 1327 2800 Polyeuctus
1361 2764 1465 2798 eum,
1503 2758 1548 2789 ut
1575 2755 1699 2790 caede
1725 2754 1848 2800 pollu-

316 2800 644 2847 sstum,ing1edi
679 2801 821 2837 aedem
858 2812 1012 2837 sacram
1046 2813 1128 2838 non
1155 2806 1214 2838 est
1240 2812 1393 2848 passus.
1445 2802 1533 2843 Qua
1565 2802 1850 2847 obiurgatione

352 2858 484 2892 aequo
504 2849 637 2884 animo
658 2849 738 2884 lata
757 2849 975 2885 Tzimisces
994 2861 1066 2895 pro
1086 2849 1321 2885 defensione
1345 2849 1479 2884 attulit
1505 2860 1547 2885 se
1575 2849 1739 2885 caedem
1765 2850 1848 2885 suis

351 2895 536 2931 manibus
555 2906 635 2930 non
655 2900 920 2943 perpet-rasse,
939 2897 1009 2932 sed
1025 2896 1264 2933 Abalantem
1280 2899 1320 2932 et
1335 2896 1707 2942 Atzypothodorum
1723 2896 1848 2933 Theo-
