2066 3230
367 259 437 298 724
735 255 916 295 zoNAR.
943 253 1071 292 ΕΡΙΤ.
1100 251 1230 290 Xv111
1259 254 1312 299 19,
1341 251 1490 290 19—31.

367 382 634 437 ετροπώσατο
677 381 870 422 κάκεῖνον
913 379 969 423 εἷς
1011 377 1085 431 τὴν
1128 381 1199 431 τῆς
1238 375 1545 430 Θεσσαλονίκης
1588 374 1858 430 συμφυγόντα

368 451 595 505 ἀκρόπολιν
633 448 851 502 πολιορκίᾳ
892 447 1105 500 ἐζώγρησε
1145 445 1215 486 καὶ
1253 444 1350 490 τοὺς
1390 443 1643 498 ὀφθαλμοὺς
1682 444 1860 498 ἐξέκοψε

308 525 355 559 20
367 523 440 559 τοῦ
480 518 634 572 ἀνδρὸς
673 516 853 558 κελεύσει
884 514 1087 569 βασιλικῇ.
1149 513 1219 554 καὶ
1251 513 1366 554 ἄλλοι
1399 512 1444 554 δὲ
1476 513 1723 567 ἀντάραντες
1753 511 1860 567 ἦσαν

156 592 351 630 ΡΙΙ293Α
368 590 508 641 χεῖρας
538 586 674 639 τούτῳ
705 589 765 638 τῷ
796 583 963 638 βασιλεῖ,
996 580 1082 623 ἀλλ’
1107 582 1154 623 ἐκ
1180 585 1265 623 τῶν
1286 581 1381 635 περὶ
1401 581 1472 623 τὸν
1493 581 1722 635 Βρυέννιον
1753 596 1859 635 συμ-

367 655 534 709 βάντων
565 653 636 694 καὶ
666 656 751 693 τῶν
781 652 874 706 περὶ
900 651 971 692 τὸν
994 650 1248 692 Βασιλάκιον
1280 650 1641 704 σωφρονισθέντες
1670 648 1719 690 τὰ
1752 649 1896 690 ὅπλα5

368 723 605 764 κατέθεντο.

310 798 351 833 21
490 790 584 831 Τῶν
619 789 823 844 Τούρκων
856 788 900 829 δὲ
931 787 1005 842 τὴν
1036 787 1149 842 ἑῴαν
1185 787 1539 841 κατατρεχόντων,
1584 786 1732 828 στέλλει
1768 783 1859 828 κατ’
2061 835 2065 842 ¹

369 860 509 900 αὐτῶν
540 858 564 898 ὁ
596 857 787 912 βασιλεὺς
818 857 893 898 σὺν
919 857 1140 911 ἀξιομάχῳ
1164 856 1433 910 στρατεύματι
1455 855 1770 896 Κωνσταντΐνον
1790 854 1861 896 τὸν
2048 850 2066 910 j

368 927 459 968 υἱὸν
490 930 563 967 τοῦ
594 925 1023 981 προβεβασιλευκότος
1055 924 1374 966 Κωνσταντίνου
1406 927 1480 964 τοῦ
1513 923 1672 977 Δούκα,
1705 923 1862 964 ε’κεῖνον
2044 922 2052 927 ’

369 995 630 1049 στρατάρχην
672 999 744 1049 τῆς
780 993 885 1035 κατὰ
925 997 1010 1034 τῶν
1044 993 1248 1047 Τούρκων
1289 995 1478 1046 στρατιᾶς
1508 991 1860 1046 προστησάμενος.
1877 996 1923 1031 10

310 1064 394 1107 226
427 1063 472 1104 δὲ
502 1063 610 1117 πρὸς
640 1062 714 1117 τὴν
750 1062 1014 1116 καλουμένην
1045 1061 1315 1115 Χρυσόπολιν
1356 1060 1678 1115 διαπεραιωθεὶς
1713 1075 1860 1101 νεωτε-

371 1132 470 1186 ρίζει
508 1131 636 1177 εὐθὺς
673 1131 743 1172 καὶ
773 1130 889 1185 παρὰ
920 1135 992 1185 τῆς
1024 1131 1154 1171 ἐκεῖσε
1186 1131 1314 1184 οὔσης
1346 1132 1639 1183 στρατιωτικῆς
1669 1127 1863 1183 πληθύος

312 1208 358 1243 23
372 1200 665 1254 ἀναγορεύεται
708 1199 912 1253 βασιλεύς.
976 1198 1078 1240 ἀλλὰ
1116 1198 1213 1244 τοὺς
1251 1198 1328 1252 μὲν
1364 1201 1450 1239 τῶν
1481 1200 1744 1252 στρατιωτῶν
1777 1196 1861 1237 δώ-

373 1284 462 1323 ροις
493 1269 517 1310 ὁ
548 1267 739 1322 βασιλεὺς
769 1268 1017 1322 ὑπηγάγετο,
1050 1267 1146 1313 τοὺς
1178 1265 1214 1308 δ’
1250 1266 1504 1320 ἀξιωμάτων
1535 1269 1668 1320 τιμαῖς
1699 1265 1862 1319 ᾠκειώ-

373 1353 487 1390 σατο,
520 1337 671 1382 ἄλλους
698 1334 734 1377 δ’
759 1336 896 1382 ἄλλως
915 1336 1237 1390 μετεχειρίσατο·
1270 1335 1341 1376 καὶ
1361 1332 1461 1389 παρ’
1485 1334 1626 1376 αὐτῶν
1648 1333 1864 1388 συσχεθεὶς
1879 1338 1923 1373 15

257 1414 287 1449 Β
314 1414 360 1449 24
374 1406 398 1447 ὁ
420 1406 734 1451 Κωνσταντῖνος
754 1405 975 1460 παρεδόθη
998 1410 1060 1459 τῷ
1080 1405 1246 1460 βασιλεῖ.
1302 1404 1477 1458 κείρεται
1498 1404 1634 1444 τοίνυν
1656 1402 1680 1443 ὁ
1701 1402 1864 1447 νεανίας
1879 1408 1913 1443 D
1934 1407 1988 1444 IV
2005 1406 2066 1443 23]·

374 1474 444 1516 καὶ
476 1475 532 1520 εἷς
562 1479 690 1528 νῆσον
727 1474 1016 1528 περιορίζεται·
1060 1473 1184 1527 λόγος
1217 1470 1253 1513 δ’
1287 1473 1368 1526 ἔχει
1399 1471 1469 1513 καὶ
1501 1472 1611 1525 ἱερέα
1643 1471 1864 1526 χρισθῆναι

315 1551 361 1586 25
374 1543 445 1584 τὸν
476 1544 720 1597 ἄνθρωπον.
781 1546 854 1584 τοῦ
886 1542 1145 1596 πατριάρχου
1179 1541 1223 1582 δὲ
1243 1540 1489 1594 Ἀντιοχείας
1519 1544 1592 1581 τοῦ
1615 1540 1863 1593 Αἰμιλιανοῦ

374 1611 446 1652 τὸν
475 1611 569 1665 βίον
598 1611 902 1665 μετηλλαχότος
926 1611 1237 1665 προκεχείριστο
1259 1610 1396 1663 ἕτερος
1418 1608 1670 1663 Νικηφόρος
1691 1608 1715 1649 ὁ
1737 1608 1863 1649 Μαῦ-

376 1695 451 1733 ρος
481 1679 715 1734 λεγόμενος.
1880 1678 1928 1714 20

378 1796 398 1832 7
425 1796 613 1832 ἀποστασία
638 1797 905 1832 Κωνσταντίνου
931 1801 992 1831 τοῦ
1018 1797 1096 1832 υἱοῦ
1122 1800 1183 1831 τοῦ
1208 1796 1330 1831 Δούκα
1357 1794 1386 1831 C

448 1904 471 1938 4
495 1905 618 1949 χείραν
633 1904 680 1949 D,
705 1905 824 1949 χείρας
842 1903 928 1949 W*p
1025 1904 1131 1949 βρυέν
1133 1918 1207 1938 νιον
1221 1902 1389 1948 prDi‚
1414 1903 1575 1949 βρυένιον
1589 1901 1656 1938 AC
1751 1901 1774 1937 5
1799 1905 1868 1935 τῶν

451 1962 526 1986 om.
554 1952 652 1998 pr
749 1954 771 1987 8
796 1952 1002 1997 ἀξιομάχοις
1028 1953 1256 1996 στρατεύμασι
1282 1951 1312 1985 Β
1419 1965 1582 1986 κωνσταν
1585 1956 1675 1985 τΐνον
1701 1947 1867 1994 Bwle',

449 2000 683 2034 κωνστάντιον
708 1998 789 2044 AR,
817 2011 853 2034 V.
881 2000 933 2034 ad
959 2010 1017 2034 VS.
1046 2000 1100 2042 16,
1127 1999 1259 2054 XVIII
1286 2000 1341 2043 17,
1369 1999 1400 2043 7,
1428 1999 1586 2044 Seylitz.
1613 2009 1650 2043 p.
1676 1997 1756 2040 742,
1782 1997 1805 2031 5

451 2048 495 2081 13
521 2047 611 2091 τους]
631 2052 692 2082 τοῦ
710 2047 794 2093 W*p
895 2047 938 2081 14
962 2047 1164 2091 αξιομάτων
1179 2056 1224 2081 W·
1225 2049 1267 2091 *p
1369 2048 1410 2082 16
1435 2052 1687 2084 κωνσταντῖνος
1701 2042 1867 2090 BwpDi,

450 2095 685 2133 κωνστάντιος
710 2093 791 2139 AR,
819 2105 857 2130 V.
884 2095 936 2130 ad
963 2105 1020 2130 VS.
1047 2097 1069 2129 8
1211 2095 1254 2130 17
1280 2095 1467 2140 χρισθῆναι
1493 2092 1661 2139 prDi‚
1687 2097 1866 2144 χριστῆναι

450 2141 497 2186 D,
523 2143 723 2188 χρησθῆναι
747 2143 782 2176 Α
881 2142 925 2177 18
950 2148 1010 2178 τοῦ
1037 2143 1208 2177 alterum
1236 2153 1311 2177 om.
1329 2142 1365 2176 D
1462 2143 1658 2187 αιμιλιανοῦ
1683 2137 1866 2185 BswpDz',

449 2191 643 2235 αἵμιλιανοῦ
669 2189 750 2234 AR,
779 2201 815 2225 V.
843 2190 894 2225 ad
920 2189 1052 2226 XVIII
1079 2190 1207 2235 18,10
1305 2190 1348 2225 19
1372 2195 1494 2235 μῶρος
1520 2190 1551 2224 Ε

379 2304 504 2350 copiis
536 2305 762 2350 profligatis
793 2305 923 2350 ipsum
955 2305 996 2340 in
1029 2315 1122 2340 arce
1154 2305 1266 2340 urbis
1298 2307 1536 2350 expugnata
1569 2309 1730 2349 captum
1756 2304 1868 2339 iussu

319 2351 367 2386 20
378 2352 492 2397 regio
526 2352 651 2387 oculis
682 2353 870 2397 privavit.
922 2352 1010 2394 Qua
1035 2352 1227 2397 Bryennii
1255 2356 1293 2387 et
1319 2352 1505 2387 Basilacii
1540 2352 1654 2386 clade
1680 2351 1746 2386 alii
1774 2361 1868 2396 quo-

379 2409 470 2444 que,
510 2400 578 2444 qui
604 2400 840 2435 seditionem
873 2404 1013 2436 contra
1045 2410 1183 2446 regem
1215 2403 1437 2444 moverant,
1476 2399 1740 2435 modestiores
1771 2399 1868 2434 facti

379 2457 491 2481 arma
517 2451 750 2492 posuerunt.

319 2494 363 2529 21
498 2494 647 2530 Contra
677 2495 831 2530 Turcos
861 2498 997 2530 autem
1024 2494 1228 2531 Orientem
1261 2495 1513 2530 incursantes
1544 2495 1649 2529 iusto
1686 2494 1867 2529 exercitu

379 2542 571 2577 attributo
587 2553 660 2577 rex
675 2542 992 2587 Constantinum,
1012 2542 1263 2578 Constantini
1278 2542 1418 2577 Ducae
1433 2542 1585 2588 pridem
1604 2542 1713 2587 regis
1731 2542 1865 2585 filium,

319 2589 365 2624 22
380 2600 470 2624 cum
496 2591 663 2635 imperio
690 2591 805 2625 misit.
857 2590 932 2632 Qui
960 2601 1050 2625 cum
1077 2590 1353 2636 Chrysopolim
1380 2590 1611 2633 traiecisset,
1641 2590 1773 2624 statim
1800 2599 1867 2623 no-

380 2638 440 2672 vis
466 2638 588 2672 rebus
614 2638 747 2673 studet
774 2641 813 2673 et
839 2648 862 2672 a
884 2638 1045 2673 militari
1063 2639 1193 2682 turba,
1222 2648 1327 2683 quae
1345 2638 1423 2672 illic
1442 2642 1538 2680 erat,
1566 2637 1764 2672 salutatur
1781 2646 1866 2671 rex.

319 2685 367 2721 23
379 2684 527 2720 Verum
559 2695 631 2720 rex
665 2685 751 2720 aliis
789 2686 980 2721 militibus
1013 2686 1199 2721 adductis
1234 2686 1481 2728 muneribus,
1520 2685 1606 2719 aliis
1646 2684 1866 2719 conciliatis

381 2732 622 2777 dignitatum
650 2733 882 2777 honoribuS,
915 2733 1003 2768 aliis
1030 2734 1146 2769 aliter
1171 2733 1311 2768 illectis
1338 2733 1479 2776 effecit,
1510 2739 1554 2767 ut
1581 2731 1867 2767 Constantinus

319 2780 366 2815 24
380 2781 454 2814 sibi
481 2780 532 2814 ab
558 2781 606 2815 iis
632 2780 871 2815 traderetur.
921 2779 1172 2816 Adulescens
1196 2781 1321 2826 igitur
1346 2780 1503 2815 raditur
1541 2779 1719 2824 (quidam
1747 2779 1866 2814 etiam

380 2837 472 2862 eum
506 2828 642 2862 ferunt
671 2831 838 2863 unctum
871 2838 958 2863 esse
990 2829 1255 2871 sacerdotem)
1294 2831 1333 2862 et
1370 2829 1412 2862 in
1444 2828 1615 2862 insulam
1650 2827 1865 2871 relegatur.

320 2875 366 2910 25
380 2874 603 2910 Aemiliano
630 2874 881 2911 Antiocheno
913 2876 1167 2921 patriarchae
1198 2878 1357 2911 mortuo
1390 2875 1582 2910 successit
1606 2874 1866 2920 Nicephorus,

382 2923 450 2967 qui
475 2922 686 2957 dicebatur
712 2923 886 2959 Maurus.
