2020 3230
205 386 261 422 19.
287 395 361 422 rex
385 385 467 430 465,
483 384 538 420 14.
564 384 646 427 466,
661 384 695 419 1.
726 383 868 420 Iudae-

206 444 321 469 orum
338 433 553 470 tumultum
570 432 686 468 sedat
702 431 784 476 466,
798 431 868 467 5-

204 481 286 526 467,
302 481 333 517 7.
373 484 435 517 est
451 480 604 516 Romae
628 479 710 524 467,
725 479 758 515 8.
786 479 868 524 470,

202 529 237 564 4.
287 529 445 584 paterni
481 528 733 574 principatus
774 537 869 572 pars

205 576 370 612 dimidia
396 577 432 611 ei
455 575 692 611 conceditur
716 574 869 617 470,19.

204 623 450 660 Iudaeorum
485 623 714 659 sacerdotes
742 632 870 658 remo-

203 675 271 708 vet
297 674 338 707 et
362 675 474 707 creat
497 670 579 715 472,
595 670 651 706 10.
675 670 728 706 15.
780 669 870 706 Gla-

204 719 335 765 phyra
367 719 494 754 altera
526 719 614 754 eius
648 728 754 754 uxor
785 717 870 761 472,

208 767 262 803 13.
288 766 442 810 473,10.
492 767 532 802 in
560 766 724 801 exilium
754 766 870 801 mitti-

204 818 270 851 tur
294 814 376 859 472,
392 814 448 850 17.
491 815 577 850 eius
603 824 776 859 regnum
799 811 870 859 Sy-

205 863 291 898 riae
327 862 560 898 attribuitur
591 861 673 906 474,
697 861 732 897 3.
783 862 869 897 eius

205 911 403 946 somnium
429 909 510 954 472,
525 909 583 944 22.
610 909 752 945 stolam
776 919 870 955 pon-

203 958 320 1041 ῐὶἇίοίε
338 958 380 993 in
393 956 572 993 Antonia
587 961 771 993 asservat
787 957 869 1002 483,

157 1073 201 1079 —
226 1054 261 1089 3.
287 1053 452 1089 Heleiae
478 1053 504 1088 f.
531 1053 550 1088 I
573 1052 654 1098 516,
671 1052 727 1088 12.

157 1120 200 1127 -—
238 1101 273 1137 4.
311 1101 364 1136 ab
397 1100 551 1138 Iustino
578 1100 628 1136 II.
661 1110 871 1137 successor

207 1148 368 1184 Martini
395 1152 556 1184 creatus
580 1147 640 1184 111
667 1148 745 1193 178,
761 1149 794 1184 1.

157 1196 428 1242 Ἀρχιμήδης
453 1197 541 1232 eius
572 1196 784 1232 machinae
813 1199 870 1231 tu-

204 1249 324 1281 entur
337 1243 561 1290 Syracusas
579 1243 616 1279 11
631 1244 712 1288 209,
726 1244 783 1280 22.
810 1243 870 1279 III

205 1292 285 1336 137,
312 1291 367 1328 14.
408 1292 488 1336 138,
513 1292 569 1328 11.
621 1296 792 1328 necatur
832 1291 869 1327 II

205 1340 287 1385 212,
303 1340 337 1375 7.

160 1387 273 1423 Ἀσά
297 1386 390 1423 Abii
423 1389 449 1423 f.
483 1387 611 1423 Iudae
636 1398 709 1423 rex
736 1389 826 1434 pius
852 1387 869 1423 I

206 1435 285 1479 156,
301 1434 358 1471 14.
385 1435 465 1480 158,
482 1434 515 1471 5.
565 1434 785 1482 Aethiopes
811 1437 870 1471 fu-

203 1487 277 1530 gat
301 1482 382 1528 158,
397 1484 430 1518 6.
469 1483 520 1519 de
546 1493 594 1519 eo
622 1483 870 1519 vaticinatur

203 1531 374 1567 Azarias
387 1530 465 1576 158,
475 1531 530 1566 10.
558 1531 642 1567 obit
654 1531 868 1577 Iosaphato

204 1580 231 1615 f.
258 1579 397 1615 relicto
421 1579 572 1615 herede
599 1578 678 1623 158,
694 1579 749 1615 15.

156 1625 316 1673 Ἀσαήλ
334 1627 461 1663 frater
478 1626 592 1662 Ioabi
607 1627 659 1662 ab
678 1626 868 1663 Abenero

203 1677 375 1711 necatur
400 1673 418 1710 I
445 1674 525 1719 123,
539 1676 572 1712 7.

157 1721 198 1758 Ἀ
209 1735 289 1768 σαμ
297 1727 453 1762 maroc
465 1723 621 1758 abavus
635 1721 869 1759 Mattathiae

204 1769 222 1805 Ι
247 1769 399 1815 367,15.
426 1771 513 1807 eius
537 1771 684 1814 posteri
708 1772 744 1806 οἱ
767 1770 870 1807 Ἀσα-

202 1823 397 1863 amatote.
415 1819 452 1853 οἰ
464 1817 580 1863 ’μΑσα
582 1820 714 1854 malou
740 1819 797 1864 11,
811 1819 868 1854 14.

204 1865 285 1911 242,
299 1865 332 1901 2.
358 1864 440 1910 315,
454 1865 511 1900 22.
536 1866 618 1911 419,
633 1867 666 1902 6.
691 1866 774 1910 436,
788 1846 845 1903 ’10.

158 1912 303 1949 Ἀσάν
341 1923 366 1948 a
397 1913 684 1960 Tangrolipice
728 1918 869 1950 contra

204 1960 377 2006 Mediam
399 1961 546 1997 missus
563 1961 731 2008 fugatur
749 1966 789 1998 et
807 1972 868 1997 ca-

204 2008 262 2045 dit
288 2008 348 2044 111
374 2008 455 2053 637,
472 2008 526 2044 12.

159 2056 199 2092 Ἀ
216 2058 315 2102 adq)
342 2057 430 2092 eius
456 2056 570 2092 liberi
597 2066 688 2092 cum
714 2056 869 2093 Levitis

206 2104 326 2140 deum
352 2104 559 2140 celebrant
585 2103 601 2139 1
629 2104 783 2149 313,21.

158 2151 451 2198 Ἀσδρούβας
471 2153 501 2187 1.
529 2152 757 2188 Poenorum
785 2153 866 2188 dux

205 2200 258 2236 ad
284 2200 528 2236 Panormum
562 2200 693 2236 victus
722 2210 748 2235 a
773 2200 869 2236 Poe-

205 2248 267 2284 nis
300 2248 342 2283 in
378 2257 538 2283 crucem
577 2251 692 2284 actus
724 2247 762 2283 II
790 2247 869 2293 152,

207 2295 381 2340 18-154,
396 2296 428 2331 7.

157 2362 202 2369 —
227 2342 260 2379 2.
300 2343 516 2378 Hamilcari
544 2342 698 2379 Barcae
729 2353 869 2379 socero

204 2392 245 2427 in
273 2390 408 2427 Iberia
438 2391 618 2428 succedit
643 2394 684 2427 et
709 2391 870 2427 Cartba-

204 2439 341 2486 ginem
368 2438 524 2475 Novam
550 2439 687 2475 condit
724 2438 761 2474 ΙΙ
791 2439 870 2483 168,

204 2486 381 2530 21-169,
395 2486 428 2522 3.

158 2552 202 2559 -
228 2534 262 2570 3.
301 2534 473 2577 Poenus,
511 2533 750 2570 Hannibalis
776 2534 870 2570 ami-

206 2592 278 2618 cus
305 2581 341 2617 ΙΙ
368 2582 548 2627 lso‚8ss.

159 2648 202 2654 —
228 2629 262 2665 4.
289 2629 439 2666 Sardos
465 2629 667 2665 adiuvans
686 2639 710 2665 a
730 2629 869 2665 Roma-

161 2688 268 2762 -ῃὲι
290 2677 528 2762 fflfflfflssffl„
540 2677 868 2771 2151³·{31’t3213'Scipioni

206 2773 247 2809 iu
283 2772 478 2819 Hispania
508 2773 616 2810 cedit
654 2773 689 2808 ll
721 2773 868 2816 187,10.

207 2819 525 2867 aScipionibus
567 2822 698 2856 victus
740 2799 821 2865 207,
836 2821 869 2855 3.

207 2869 242 2904 ei
270 2867 389 2915 Mago
416 2868 568 2904 auxilio
595 2869 704 2904 venit
741 2868 822 2912 207,
836 2867 869 2903 5.

207 2927 231 2951 a
249 2914 505 2962 Scipionibus
525 2920 699 2952 vexatur
717 2916 798 2961 207,
814 2895 870 2952 ’12.

207 2964 506 3001 circumventus
519 2963 559 3000 C.
575 2962 786 3000 Claudium
798 2962 831 3000 N
835 2974 872 2999 e

700 263 923 310 Ἀρχιμήδης
937 282 981 289 -
993 261 1107 300 Ἀσία.

1584 261 1655 297 803

987 393 1126 419 ronem
1141 382 1243 418 fallit
1255 381 1336 427 216,
1353 381 1397 417 15
1407 391 1457 417 ss.
1485 381 1536 417 ab
1551 380 1655 416 Afri-

988 441 1090 466 cano
1131 431 1285 466 maiore
1326 430 1459 465 victus
1501 428 1582 473 221,
1598 429 1653 464 12.

987 479 1029 513 in
1055 478 1213 514 Italiam
1232 477 1500 524 proficiscitur
1524 476 1653 522 222,1.

987 525 1068 571 224,
1082 526 1139 562 20.
1166 525 1278 572 apud
1289 524 1436 562 Senam
1455 525 1588 560 victus
1615 528 1655 560 et

987 577 1157 610 necatus
1185 573 1266 618 224,
1282 572 1458 618 20—226‚
1472 572 1529 608 21.
1567 573 1654 608 eius

989 619 1653 715 cazpugssgocti'igffigffgrgffiessno

987 718 1141 753 maiore
1165 717 1298 753 victus
1324 716 1364 752 II
1380 716 1463 762 222,
1478 717 1566 752 11-
1572 716 1653 762 223,

987 764 1021 800 2.
1054 775 1146 800 eum
1173 775 1261 800 cum
1282 763 1475 800 Africano
1501 765 1655 800 maiore

988 811 1155 858 Syphax
1203 813 1466 848 reconciliare
1520 812 1655 848 studet

987 860 1068 904 227,
1082 860 1210 896 8—15.
1238 859 1511 906 Sophonidem
1534 860 1653 895 filiam

987 907 1243 944 Massinissae
1267 918 1458 954 sponsam
1476 907 1653 953 Syphaci

989 956 1059 991 dat
1072 956 1153 1000 231,
1164 956 1197 991 6.
1224 956 1371 991 Hanno
1387 957 1474 992 eius
1488 957 1514 990 f.
1530 955 1654 1000 235,6.

987 1002 1231 1040 Hannonem
1244 1003 1405 1040 redimit
1422 1003 1504 1046 235,
1520 1004 1575 1039 16.
1602 1004 1654 1038 ab

987 1050 1182 1087 Africano
1218 1052 1370 1087 maiore
1396 1051 1537 1098 pulsus
1563 1050 1655 1087 Car-

988 1099 1197 1145 thaginem
1211 1099 1316 1135 redit
1333 1099 1414 1144 236,
1430 1099 1605 1144 11—237,
1620 1099 1653 1134 6.

987 1147 1155 1194 imperio
1182 1147 1382 1194 abrogato
1418 1157 1492 1183 sua
1519 1151 1654 1183 aucto-

988 1195 1107 1231 ritate
1146 1205 1238 1230 cum
1268 1195 1462 1231 Africano
1501 1196 1654 1232 maiore

987 1246 1147 1289 pugnat
1171 1242 1252 1288 237,
1269 1243 1444 1288 15—238,
1459 1243 1492 1279 3.
1519 1253 1562 1279 se
1588 1253 1654 1278 ue·

988 1294 1054 1326 cat
1078 1290 1158 1335 241,
1173 1290 1206 1326 2.

941 1358 984 1363 —
1011 1339 1043 1374 7.
1070 1339 1301 1374 Poenorum
1329 1337 1413 1374 dux
1440 1342 1582 1374 contra
1604 1338 1653 1374 M.

990 1385 1078 1432 {Ml}
1118 1386 1336 1431 Manilium,
1375 1385 1419 1421 L.
1459 1385 1653 1422 Marcium

987 1444 1067 1470 cos.
1095 1434 1383 1480 Carthaginem
1422 1434 1654 1470 obsidentes

988 1482 1025 1517 II
1052 1482 1132 1527 283,
1149 1482 1299 1525 1--284,
1313 1482 1346 1517 6.
1373 1492 1465 1518 cum
1491 1482 1552 1518 M'.
1575 1482 1654 1517 Ma-

986 1530 1082 1565 nilio
1098 1530 1220 1567 bellat
1232 1529 1313 1575 284,
1325 1529 1500 1574 11—-285,
1511 1532 1544 1566 8.
1571 1529 1654 1573 286,

986 1577 1114 1614 5—13.
1141 1588 1166 1614 a
1180 1577 1356 1624 Megalia
1370 1578 1558 1624 repulsus
1571 1577 1653 1623 290,

989 1626 1139 1662 11—19.
1176 1626 1217 1661 in
1244 1626 1465 1662 Cothonem
1492 1629 1532 1662 et
1557 1626 1653 1672 Byr-

988 1683 1073 1710 sam
1099 1674 1206 1720 sugit
1230 1673 1357 1718 291,8.
1405 1684 1546 1719 pacem
1571 1684 1652 1709 non

989 1722 1177 1768 impetrat
1214 1721 1296 1766 292,
1311 1721 1345 1757 4.
1383 1721 1464 1766 293,
1479 1722 1513 1757 8.
1563 1732 1654 1767 sup-

988 1770 1082 1815 plex
1108 1770 1221 1806 venit
1247 1769 1299 1805 ad
1317 1767 1546 1815 Scipionem
1572 1769 1653 1814 293,

989 1817 1044 1852 13.
1094 1818 1182 1853 eius
1216 1827 1323 1855 uxor
1355 1818 1506 1853 liberos
1541 1822 1580 1853 et
1613 1828 1653 1853 se

988 1868 1139 1901 cremat
1172 1864 1254 1910 293,
1273 1865 1328 1900 14.
1379 1864 1652 1902 Romanorum

988 1913 1106 1949 obses
1132 1913 1285 1958 294,13.
1313 1932 1357 1938 —
1385 1912 1423 1948 II
1449 1913 1532 1956 289,
1545 1914 1578 1949 6.

941 1959 1133 1997 Ἀσινὲὒ
1158 1960 1319 2007 Iosephi
1345 1971 1450 1996 uxor
1476 1960 1494 1995 I
1519 1961 1626 2005 48,1.

940 2007 1068 2044 Ἀσία
1093 2009 1133 2044 in
1168 2019 1217 2045 ea
1248 2018 1379 2054 usque
1404 2009 1456 2044 ad
1483 2007 1653 2045 Tanaim

987 2060 1080 2091 sunt
1106 2055 1262 2102 Iapheti
1295 2057 1444 2101 posteri
1479 2056 1496 2092 I
1522 2056 1579 2101 30,
1597 2058 1652 2093 16.

986 2104 1322 2187 ἓίιηῗέὲῖὲΐῖἷῖῗ
1334 2114 1451 2196 ἐὲῗῖῗ
1466 2104 1653 2188 ἑῗιῗέῗῗῗὲἶ

987 2199 1061 2235 lier
1079 2199 1349 2246 pulcherrima
1365 2198 1549 2236 Panthea
1571 2200 1652 2245 274,

989 2246 1043 2283 17.
1075 2247 1161 2284 eius
1186 2247 1308 2283 urbes
1335 2246 1554 2283 ditissimae
1581 2248 1653 2283 Ba-

987 2295 1112 2341 bylon
1146 2298 1186 2331 et
1216 2294 1364 2331 Sardes
1387 2295 1540 2341 291,18.
1593 2296 1652 2332 Iu·

988 2342 1078 2379 daei
1105 2343 1160 2378 ibi
1186 2342 1340 2387 317,17.
1367 2344 1454 2379 eius
1473 2354 1546 2379 rex
1565 2343 1653 2380 Ale-

987 2391 1144 2427 xander
1167 2389 1217 2426 M.
1236 2390 1389 2435 340,12.
1417 2392 1504 2427 eius
1530 2392 1652 2427 urbes

987 2438 1181 2475 liberatae
1216 2449 1240 2474 a
1275 2438 1447 2485 Philippi
1483 2439 1652 2485 imperio

986 2485 1025 2522 11
1050 2486 1131 2531 252,
1146 2486 1179 2522 6.
1205 2485 1328 2522 Asiae
1346 2485 1493 2522 Graeci
1512 2486 1652 2523 Roma-

986 2544 1061 2570 nos
1086 2537 1313 2581 sequuntur
1338 2533 1443 2570 bello
1464 2533 1652 2571 Antiochi

986 2581 1114 2625 264,1.
1155 2602 1197 2607 -
1238 2581 1274 2617 ΙΙ
1301 2581 1453 2626 257,19.
1493 2582 1574 2626 260,
1594 2583 1652 2618 20.

986 2629 1068 2674 262,
1081 2629 1114 2665 4.
1145 2629 1297 2674 313,11.
1332 2629 1487 2674 327,21.
1522 2630 1651 2674 356,4.

990 2678 1044 2713 18.
1058 2677 1114 2712 23.
1148 2677 1374 2722 357,12.15.
1408 2677 1489 2722 358,
1504 2678 1538 2713 3.
1570 2678 1650 2721 359,

988 2725 1020 2760 1.
1046 2725 1127 2769 863,
1148 2725 1202 2760 13.
1228 2725 1385 2769 367,10.
1411 2726 1492 2769 370,
1511 2726 1544 2761 9.
1570 2726 1651 2769 371,

989 2773 1019 2807 1.
1046 2773 1079 2808 9.
1108 2771 1163 2808 19.
1188 2773 1270 2817 372,
1284 2772 1318 2808 5.
1343 2772 1472 2817 374,st
1498 2773 1650 2816 384,15.

986 2820 1067 2864 400,
1085 2821 1119 2856 3.
1156 2820 1237 2864 407,
1255 2821 1288 2855 8.
1327 2819 1479 2864 415,12.
1518 2820 1599 2865 457,
1618 2823 1651 2856 9.

986 2868 1066 2912 496,
1084 2868 1138 2903 14.
1165 2868 1293 2912 523,4.
1321 2887 1363 2893 -
1391 2868 1429 2903 τὸ
1453 2868 1574 2903 κοινὸν
1592 2874 1651 2915 τῆς

989 2915 1107 2955 Ἀσίας
1134 2915 1169 2951 11
1189 2916 1270 2958 526,
1289 2915 1341 2951 14.
1370 2935 1413 2941 -—
1443 2915 1477 2951 11
1498 2915 1650 2959 527,19.

986 2963 1067 3009 549,
1077 2963 1108 3000 7.
1135 2963 1215 3009 573,
1225 2963 1256 2999 7.
1283 2963 1404 3010 599,1.
1427 2964 1572 3009 604,13.
1593 2964 1650 3000 111
