2054 3282
454 177 692 220 IVSTINVS
719 176 903 218 THRAX
928 174 1243 217 IMPERATOR.
1294 174 1575 219 AMANTIVS.
1698 175 1767 218 145

58 310 95 349 D
110 309 252 348 111266
266 322 352 348 τινα
376 307 530 348 οἰκεῖον
551 307 649 348 ὄντα
675 305 794 360 αὐτῷ
823 305 1074 361 βασιλεῦσαι,
1107 304 1302 359 χρήματα
1335 309 1395 359 τῷ
1420 303 1626 359 Ἰουστίνῳ
1656 320 1765 359 παρ-

265 376 360 430 έσχε
398 375 603 430 διανεμεῖν
639 379 724 421 τοῖς
762 374 1040 429 στρατιώταις,
1085 370 1135 414 ἵν’
1175 373 1332 415 ἐκεῖνον
1370 373 1543 414 ἕλωνται
1583 373 1767 428 βασιλέα.

265 444 290 486 ὁ
323 444 366 486 δὲ
398 443 447 485 τὰ
478 445 673 499 χρήματα
707 443 919 497 διανείμας
949 443 1088 496 ἑαυτῷ
1117 441 1192 496 τὴν
1222 442 1431 496 βασιλείαν
1455 443 1765 496 προεμνηστεύ-
1781 447 1804 482 3

265 528 366 554 σατο
397 513 468 554 καὶ
498 512 614 567 παρὰ
646 515 732 554 τῶν
769 514 1033 566 στρατιωτῶν
1069 510 1141 552 καὶ
1178 515 1252 552 τοῦ
1294 510 1435 565 δήμου
1479 512 1536 557 εἷς
1577 511 1652 566 τὴν
1694 516 1767 566 τῆς

228 582 492 636 5αὗταρχίας
523 581 690 636 ἀνήχθη
722 581 952 635 περιωπήν.
1017 579 1230 634 Ἀμάντιος
1262 579 1308 621 δὲ
1339 579 1383 621 ἒν
1416 579 1541 634 δεινῷ
1565 581 1804 635 πεποίητο4

262 654 336 692 τοῦ
370 650 587 692 Ἰουστίνου
618 650 665 691 τὸ
705 649 891 704 σόφισμα
931 649 1002 691 καὶ
1041 649 1158 702 αὐτῷ
1203 648 1451 703 ἐπεβούλευε
1494 648 1570 690 σὺν
1613 650 1767 704 ἑτέροις
1783 653 1811 689 C

261 723 348 761 τῶν
378 719 726 774 ἔπιφανεστέρων,
759 719 808 760 ὃν
840 718 1082 772 γνωσθέντα
1115 717 1140 759 ὁ
1173 717 1388 764 Ἰουστῖνος
1419 717 1551 759 ἀνεῖλε
1579 717 1655 760 σὺν
1678 718 1765 760 Ἀν-

265 788 367 843 ὃρέᾳ
397 793 460 842 τῷ
489 787 830 842 κουβικουλαρίῳ
861 786 932 828 καὶ
962 791 1024 840 τῷ
1051 784 1348 840 Θεοκριτιανῴ.
1412 784 1535 833 οὗτος
1567 786 1591 828 ὁ
1615 786 1764 841 Ἀμάν-
1781 791 1804 826 5

262 873 361 911 τιος,
405 857 472 898 ὅτε
503 856 527 898 ὁ
561 856 821 902 Ἀναστάσιος
857 852 959 897 καθ’
998 856 1157 901 ὕπνους
1189 855 1394 896 ἐθεάσατο
1425 854 1497 897 τὸν
1527 856 1663 911 ἄνδρα
1694 855 1766 898 τὸν

206 932 251 967 10
263 926 394 980 τόμον
436 926 619 980 φέροντα
663 924 733 966 καὶ
777 923 1064 978 ἀπαλείψαντά
1102 939 1213 969 τινας
1250 927 1335 965 τῶν
1374 928 1446 979 τῆς
1483 925 1598 979 ζωῆς
1635 925 1765 966 αὐτοῦ

262 994 444 1050 χρόνων,
485 994 591 1047 ὄναρ
623 992 730 1034 εἶδεν
761 993 820 1034 ὅτι
853 993 1034 1034 ἐνώπιον
1064 996 1137 1034 τοῦ
1169 993 1376 1047 βασιλέως
1408 993 1616 1047 ἱσταμένῳ
1648 994 1767 1048 αὐτῷ

262 1067 407 1118 χοῖρος
450 1062 607 1117 ἐπῆλθε
648 1062 782 1117 μέγας
824 1062 895 1103 καὶ
934 1062 991 1107 εἰς
1030 1065 1108 1115 γῆν
1143 1062 1378 1116 κατήραξεν
1417 1062 1545 1103 αὐτὸν
1582 1063 1653 1104 καὶ
1692 1063 1764 1104 ἀν-

263 1132 436 1173 άλωσεν.
499 1129 622 1177 οὗτος
651 1130 722 1172 τὸν
754 1130 856 1172 ναὸν
886 1134 960 1172 τοῦ
998 1130 1118 1184 ἁγίου
1157 1130 1392 1171 ἀποστόλου
1430 1129 1571 1184 Θωμᾶ
1608 1131 1764 1186 ἒὸομή-
1780 1136 1803 1170 6

263 1212 382 1242 σατο·
416 1199 481 1241 διὸ
512 1199 582 1242 καὶ
613 1199 687 1254 τὴν
717 1199 862 1254 κλῆσιν
893 1199 1053 1242 ἐκείνου
1086 1200 1224 1254 σώζει,
1255 1203 1329 1240 τοῦ
1359 1199 1576 1254 Ἀμαντίου
1609 1201 1764 1242 καλού·

204 1275 250 1311 15
260 1285 399 1324 μενος.

384 1336 745 1392 Ὀρθοόοξότατος
777 1337 821 1379 δὲ
859 1338 922 1378 ὢν
955 1336 1183 1391 Ἰουστῖνος,
1229 1337 1368 1392 δόγμα
1407 1337 1575 1385 ἐξέθετο
1611 1337 1685 1393 τὴν
1725 1339 1803 1380 ἒν7

262 1406 508 1461 Χαλκηδόνι
538 1406 696 1452 πάντας
727 1406 924 1461 σέβεσθαι
956 1406 1137 1447 σύνοδον
1168 1406 1240 1447 καὶ
1271 1405 1369 1452 τοὺς
1401 1406 1531 1461 αὐτὴν
1562 1422 1766 1462 συστησα-
1783 1411 1818 1445 D

262 1547 286 1582 3
310 1547 408 1585 ὅπως
429 1546 616 1585 Ἰουστῖνος
642 1546 662 1580 ό
690 1546 791 1590 Θρᾷξ
817 1544 927 1590 (θρὰξ
941 1543 991 1589 Α)
1017 1545 1067 1584 εἷς
1086 1545 1148 1591 τὴν
1164 1546 1342 1592 βασιλείαν
1360 1545 1503 1591 ἀνήχθη
1521 1547 1708 1592 περιωπήν
1731 1547 1767 1581 Α

263 1595 286 1630 5
311 1595 360 1629 ὅτι
386 1594 547 1639 ἀνῃρέθη
574 1595 595 1628 ὁ
619 1593 788 1638 εὐνοῦχος
814 1594 907 1638 (om.
934 1592 984 1635 A)
1006 1593 1184 1638 Ἀμάντιος
1208 1592 1276 1629 AC
1382 1593 1426 1628 16
1452 1595 1502 1628 ὅτι
1521 1593 1584 1639 τὴν
1611 1594 1648 1629 ἐν
1674 1595 1768 1630 Χαλ-

263 1643 389 1687 κηδόνι
415 1643 566 1677 σύνοδον
591 1642 774 1687 ἐκύρωσεν
787 1641 974 1680 Ἰουστῖνος
997 1641 1057 1676 καὶ
1083 1641 1145 1688 τὴν
1170 1641 1322 1687 γαμετὴν
1346 1642 1491 1687 ἔστεψεν
1519 1642 1767 1684 (Iouam-og-

263 1692 410 1736 ἔστεψεν
437 1701 511 1726 om.
538 1689 588 1734 A)
615 1688 683 1726 AC

336 1822 354 1856 1
380 1822 573 1867 παρέσχετο
600 1820 629 1857 C
726 1821 748 1856 2
774 1821 950 1866 διανέμειν
978 1819 1031 1856 Di
1058 1821 1194 1857 invitis
1220 1820 1370 1868 Apr‚
1397 1833 1435 1857 V.
1461 1821 1554 1857 XIV
1580 1822 1613 1864 9,
1637 1823 1668 1857 1.
1695 1822 1766 1857 XV

334 1870 391 1914 22,
419 1870 474 1905 16.
502 1869 634 1905 XVIII
661 1869 716 1913 14,
742 1869 775 1904 4.
805 1871 859 1913 18,
887 1870 920 1905 6.
946 1869 969 1905 8
1078 1870 1212 1905 ἕλονται
1240 1870 1288 1916 p*
1401 1870 1425 1904 4
1449 1870 1545 1914 παρὰ
1570 1875 1642 1905 τῶν
1667 1884 1767 1916 στρα-

334 1923 470 1953 τιωτῶν
495 1918 554 1953 καὶ
580 1923 640 1953 τοῦ
667 1918 782 1963 δήμου
810 1916 879 1952 ΑΕ
918 1919 971 1962 (v.
998 1917 1178 1964 Theoph.
1205 1918 1222 1952 Ῑ
1249 1929 1285 1964 p.
1317 1918 1394 1963 165,
1422 1918 1467 1954 27
1484 1922 1540 1961 S.),
1578 1918 1674 1963 παρὰ
1707 1924 1766 1953 τοῦ

335 1966 453 2011 δήμου
478 1965 538 2001 καὶ
563 1970 635 2000 τῶν
659 1970 883 2010 στρατιωτῶν
909 1965 1007 2011 pr
1137 1966 1157 2002 7
1183 1967 1368 2011 ἐπιφανῶν
1395 1965 1424 2002 C
1552 1967 1572 2000 ὁ
1599 1977 1675 2001 om.
1704 1966 1767 2002 BC

337 2015 358 2048 9
372 2015 391 2048 ὁ
405 2024 481 2048 om.
496 2013 594 2060 pr
691 2013 750 2048 τὸν
765 2014 936 2049 alterum
953 2024 1028 2049 om.
1043 2014 1074 2048 E
1176 2015 1220 2048 10
1236 2019 1296 2059 τῆς
1311 2016 1406 2060 ζωῆς
1424 2025 1499 2049 om.
1516 2014 1546 2049 E
1644 2014 1765 2059 αὐτοῦ]

336 2062 460 2096 ἑαυτοῦ
488 2062 518 2096 Ε
646 2061 691 2096 12
715 2061 857 2107 ἐπήχθη
886 2062 922 2096 D
1050 2062 1271 2107 κατήρραξεν
1297 2061 1342 2105 Α,
1369 2062 1583 2107 κατέρραξεν
1610 2062 1768 2108 prDi

338 2109 416 2145 vol.
442 2109 474 2145 V
503 2121 540 2155 p.
566 2109 647 2155 239,
673 2109 868 2155 κατήραξεν
895 2107 951 2144 Di
978 2109 1013 2144 h.
1041 2110 1074 2153 l.,
1103 2121 1139 2145 v.
1167 2110 1219 2145 ad
1246 2110 1342 2145 XIII
1371 2111 1403 2153 7,
1429 2111 1452 2146 8
1585 2111 1768 2156 ἀνήλωσεν

339 2169 363 2204 p
390 2158 526 2193 invitis
551 2156 660 2192 ARw
783 2158 827 2193 16
852 2157 885 2192 δ’
911 2156 1073 2203 prDz'
1202 2159 1244 2194 17
1270 2159 1452 2204 χαλκιδόνι
1480 2158 1528 2202 D,
1556 2168 1658 2194 corr.
1686 2158 1766 2204 Dw‚

336 2207 529 2252 καλχηόόνι
556 2205 599 2250 B,
630 2216 668 2241 v.
695 2205 747 2240 ad
771 2204 864 2241 XIV
889 2205 923 2250 2,
949 2205 971 2241 8

263 2341 373 2376 illum
411 2340 487 2375 sibi
525 2339 722 2385 eligerent
761 2347 911 2384 regem.
963 2337 1039 2379 Qui
1079 2348 1170 2374 cum
1209 2340 1386 2384 pecunia
1425 2339 1642 2376 distributa
1679 2341 1802 2386 ipse3

263 2398 436 2434 regnum
455 2388 663 2434 petivisset
682 2390 719 2421 et
741 2396 765 2420 a
783 2386 975 2420 militibus
994 2388 1034 2421 et
1052 2386 1202 2432 populo
1222 2387 1274 2421 ad
1294 2387 1581 2423 dominationis
1599 2393 1766 2424 evectus

263 2439 369 2472 esset
395 2436 614 2481 fastigium,
651 2434 863 2469 Amantius
891 2434 940 2469 de
967 2433 1110 2469 lustini
1138 2434 1229 2470 dolo
1257 2435 1317 2470 ira
1343 2436 1534 2471 incensus
1560 2446 1651 2471 cum
1678 2436 1804 2472 aliis4

263 2485 360 2520 viris
391 2483 658 2520 nobilioribus
690 2483 726 2517 ei
759 2481 1049 2524 insidiabatur;
1088 2492 1170 2528 qua
1201 2493 1246 2518 re
1276 2484 1441 2529 cognita
1468 2483 1646 2520 Iustinus
1673 2494 1765 2520 eum

262 2542 347 2568 una
373 2542 463 2567 cum
490 2530 654 2566 Andrea
682 2530 931 2564 cubiculario
959 2534 998 2565 et
1016 2529 1302 2566 Theocritiano
1329 2531 1501 2566 sustulit.
1552 2530 1802 2567 Amantius-15

265 2580 406 2617 eodem
426 2583 619 2625 tempore,
647 2588 727 2624 quo
746 2577 987 2613 Anastasius
1006 2578 1045 2612 in
1065 2579 1220 2613 somnio
1239 2578 1400 2614 viderat
1426 2579 1626 2615 hominem
1655 2580 1764 2615 illum

264 2632 414 2665 tomum
447 2629 642 2663 ferentem
676 2629 715 2661 et
746 2625 945 2661 delentem
976 2626 1130 2671 aliquot
1157 2627 1265 2662 vitae
1292 2636 1391 2662 suae
1417 2637 1556 2672 annos,
1596 2629 1765 2664 somnia-

264 2679 381 2712 verat
409 2686 451 2711 se
478 2685 613 2711 coram
640 2684 739 2719 rege
766 2677 937 2709 stantem
966 2685 990 2709 a
1017 2684 1089 2710 sue
1116 2684 1267 2720 magno
1287 2685 1523 2721 oppressum
1543 2678 1583 2711 et
1599 2676 1763 2712 humum

266 2727 509 2771 prostratum
537 2726 577 2758 et
603 2723 843 2757 devoratum
871 2732 970 2758 esse.
1022 2722 1131 2757 Idem
1159 2723 1302 2759 aedem
1330 2721 1367 2759 S.
1386 2722 1566 2760 Thomae
1593 2724 1801 2771 apostoliss

265 2772 424 2816 struxit,
451 2771 559 2807 unde
585 2770 760 2805 Amantii
790 2770 912 2805 aedes
939 2772 1182 2806 nominatur.

385 2819 574 2863 Iustinus,
601 2819 664 2854 vir
691 2817 1065 2863 orthodoxissimus,
1093 2818 1284 2864 dogmate
1311 2819 1427 2855 iussit
1449 2817 1763 2856 chalcedonium
1779 2821 1800 2856 7

267 2868 478 2904 concilium
498 2867 550 2902 ab
570 2866 756 2902 omnibus
776 2865 850 2901 coli
872 2871 908 2902 et
931 2870 1134 2901 sescentos
1152 2867 1319 2913 triginta
1338 2869 1500 2903 sanctos
1521 2872 1666 2914 patres,
1695 2870 1763 2914 qui

339 2939 494 2967 zonarae
515 2938 664 2973 Effltome
685 2937 745 2966 111.
1506 2930 1551 2964 10
