2054 3282
315 237 385 274 684
694 238 875 275 ZONAR.
902 238 1032 274 EPIT.
1059 237 1190 272 XVIII
1219 237 1273 280 10,
1299 236 1428 272 8—21..

267 359 481 413 Βστήριον
517 359 588 400 καὶ
624 358 672 400 τοὶ
711 360 887 413 πολέμια
928 358 1104 412 δόκιμον
1143 357 1214 398 καὶ
1249 357 1323 411 τὴν
1362 357 1478 411 ἰσχὺν
1516 357 1804 411 ἀπαράμιλλον

313 427 523 482 ἐπιστῆσαι
562 427 688 468 αὐτὸν
726 432 775 481 τῇ
815 428 939 480 (Ξρχῇ,
987 423 1035 467 ἵν’
1070 427 1094 480 ἡ
1135 425 1374 480 βαρβαρικὴ
1415 425 1530 480 φορὰ
1570 426 1802 480 ἔπισχεθείη

312 499 471 548 ποσῶς,
505 496 633 537 αὐτοῦ
665 496 824 540 τούτοις
856 494 1160 548 ἀντερείσαντας
1190 494 1287 541 τοὺς
1316 495 1555 549 βραχίονας.

277 569 299 604 9
424 563 505 604 Ἠν
528 560 564 604 δ’
589 563 613 603 ὁ
645 563 751 616 ἀνὴρ
785 561 908 607 οὗτος
939 561 1010 603 καὶ
1040 565 1125 603 τῶν
1157 563 1203 603 ἔκ
1236 563 1382 616 γένους
1411 563 1606 617 λαμπροῦ
1628 562 1698 604 καὶ
1718 566 1804 604 τῶν

255 638 300 672 10
315 631 552 685 διαβοήτων
590 631 654 671 ἐπὶ
691 635 775 677 τοῖς
813 631 1204 684 ἆνόραγαθήμασιν.
1268 629 1318 672 οὗ
1350 631 1374 672 ὁ
1410 630 1547 685 πατὴρ
1585 629 1647 672 ἔπ’
1681 631 1838 674 ἀδελ-5

313 699 487 753 φόπαιὸι
530 703 602 740 τοῦ
646 699 965 753 βασιλεύσαντος
1007 699 1133 740 πάλαι
1175 703 1248 740 τοῦ
1292 699 1396 740 κατὰ
1440 700 1535 746 τοὺς
1571 699 1803 759 Ἀργυροὺς

307 766 528 821 Ῥωμανοῦ
568 766 771 821 κηδεστὴς
811 767 996 820 γεγονὼς
1034 767 1104 808 καὶ
1143 768 1208 809 ἐπὶ
1245 768 1453 822 τυραννίδι
1491 767 1616 814 ἁλοὺς
1654 767 1802 810 ἑαυτὸν

230 842 299 877 ‚12
312 836 625 889 κατεκρήμνισε.
674 836 859 889 τετίμητο
892 836 937 877 δὲ
968 841 1028 890 τῷ
1058 839 1143 877 τῶν
1174 837 1418 890 βεσταρχῶν
1440 837 1652 890 ἀξιώματι.
1701 836 1803 885 ὂοὺξ

312 902 391 957 γὰρ
423 902 538 957 παρὰ
570 907 643 944 τοῦ
676 903 820 945 Λούκα
852 908 924 958 τῆς
957 905 1172 959 Σαρὸικῆς
1209 905 1392 958 γεγονὼς
1423 905 1493 946 καὶ
1527 905 1803 954 Πατζινάκοις

268 972 400 1014 Οὲκεῖ
425 987 509 1013 που
540 972 774 1026 περιτυχὼν
805 972 876 1013 καὶ
907 973 1066 1019 τούτοις
1093 974 1336 1028 συμβαλών,
1369 973 1549 1019 πολλούς
1569 990 1611 1015 τε
1633 974 1803 1016 διώλεσε
1819 982 1863 1017 10

311 1039 383 1081 καὶ
414 1040 465 1081 οὗ
495 1040 640 1094 μείους
671 1041 922 1095 ἐζώγρησεν,
956 1039 1019 1083 ὧν
1049 1041 1145 1088 τοὺς
1174 1042 1253 1096 μὲν
1274 1042 1515 1087 ἑαλωκότας
1537 1043 1686 1090 ζωούς,
1719 1045 1803 1084 τῶν

314 1106 350 1150 δ’
385 1109 664 1163 ἐσφαγμένων
694 1109 766 1156 τὰς
797 1110 984 1164 κεφαλὰς
1016 1111 1171 1157 στείλας
1201 1115 1261 1165 τῷ
1292 1110 1452 1165 βασιλεῖ
1479 1111 1710 1165 βεστάρχης
1739 1117 1852 1152 ‘te-D
1870 1117 1924 1153 IV
1941 1117 2012 1153 204

254 1185 298 1219 13
311 1178 468 1231 τίμητο,
518 1178 759 1231 γράψαντος
795 1183 868 1220 τοῦ
909 1183 1163 1232 κρατοῦντος
1200 1180 1316 1233 αὐτῷ
1355 1179 1416 1224 ὡς
1446 1179 1528 1219 “οὗ
1561 1179 1716 1233 δῶρον,
1764 1178 1802 1220 ὦ

253 1252 298 1287 14
312 1245 513 1299 Διόγενες,
557 1245 604 1287 τὸ
636 1247 817 1301 ἀξίωμα,
858 1251 931 1288 τοῦ
965 1245 1001 1289 δ’
1036 1248 1420 1302 ἀνδραγαθήματος
1450 1247 1652 1301 ἀμοιβή.”
1714 1247 1802 1288 δια-

309 1314 466 1367 τρίβων
498 1312 574 1355 οὗν
605 1315 694 1356 ἐκεῖ
719 1320 970 1371 τυραννῆσαι
990 1316 1338 1371 παρεσκευάζετο,
1370 1316 1456 1357 ἐπεὶ
1477 1317 1586 1370 ἔγνω
1607 1315 1802 1357 τεθνάναι
1818 1321 1862 1357 15

308 1451 332 1486 4
356 1452 435 1497 περὶ
461 1458 522 1488 τοῦ
549 1453 734 1498 Διογένους
760 1454 820 1488 καὶ
846 1455 919 1492 οἶος
943 1455 987 1499 ἦν
1013 1454 1050 1488 τὸ
1075 1455 1173 1499 γένος
1198 1455 1258 1489 καὶ
1283 1454 1345 1500 τὴν
1370 1455 1470 1499 ἰσχύν
1497 1453 1559 1490 CE
1682 1453 1727 1488 14
1752 1455 1802 1488 ὅτι

310 1505 517 1546 τυραννῆσαι
542 1501 833 1547 βουλευσάμενος,
858 1503 1055 1547 κατεσχέθη
1082 1503 1102 1537 ὁ
1126 1503 1301 1548 Διογένης,
1333 1502 1393 1537 καὶ
1416 1502 1555 1547 μέλλων
1580 1502 1800 1547 κολασθῆναι

309 1547 442 1593 ἀφείθη
469 1549 528 1583 καὶ
554 1549 602 1587 εἰς
626 1549 804 1595 βασιλείαν
828 1549 1025 1595 ἅφωρίσθη
1053 1549 1082 1586 C

379 1675 404 1710 4
426 1676 600 1720 λαμπρῶν
624 1677 760 1722 DEwp
893 1678 915 1713 5
940 1677 993 1712 ἐπ’
1019 1678 1263 1723 ἀριστεύμασιν
1289 1677 1353 1713 BC
1487 1678 1801 1723 ἀνδραγαθήμασιν

380 1722 587 1769 DEwpDz‘,
613 1725 905 1770 ἀνδραγαθήμασι
921 1724 967 1770 Α,
994 1737 1031 1761 v.
1047 1727 1099 1760 ad
1112 1726 1208 1760 XIII
1224 1727 1255 1771 1,
1269 1726 1291 1760 5
1373 1727 1394 1760 8
1421 1729 1510 1771 post
1523 1726 1801 1771 κατεκρήμνισεν

380 1771 473 1806 add.
500 1781 552 1806 ex
577 1771 689 1807 XVII
716 1773 771 1817 12,
797 1774 820 1808 8
856 1775 911 1808 ἵνα
935 1773 986 1818 μὴ
1012 1774 1150 1809 ἐκεῖθεν
1176 1773 1366 1818 κρατηθεὶς
1398 1779 1545 1819 γνωριοῖ
1574 1773 1733 1818 (γνωριεῖ
1753 1773 1799 1817 Β)

380 1818 461 1857 τοὺς
492 1821 696 1864 συνίστορας
725 1821 939 1864 ἕταζόμενος,
978 1822 1170 1857 κάντεῦθεν
1201 1822 1262 1857 καὶ
1294 1821 1390 1856 οὗτοι
1427 1822 1662 1866 τιμωρηθῶσι
1691 1820 1800 1866 Bwp‚

379 1868 434 1901 ἵνα
458 1866 509 1912 μὴ
535 1867 687 1912 ἐκφῆναι
715 1868 954 1913 ἀναγκασθείη
981 1869 1060 1908 τοὺς
1086 1870 1288 1913 συνίστορας
1313 1869 1517 1913 ἕταζόμενος
1544 1868 1648 1904 CWO
1674 1868 1739 1903 lat.

428 1917 518 1959 post
543 1914 583 1949 δὲ
607 1915 699 1950 add.
726 1917 747 1949 ὁ
770 1917 929 1960 διογὲνης
954 1917 1054 1955 οὗτος
1079 1918 1100 1951 ὅ
1123 1916 1287 1962 ρ’ωμανὸς
1313 1916 1418 1952 CWO
1445 1917 1511 1952 lat.
1656 1917 1758 1955 οὗτος
1782 1917 1803 1951 ὅ

378 1961 544 2006 ῥωμανὸς
569 1967 619 1997 τῶ
643 1967 713 1997 τῶν
731 1965 823 2008 βεστ.
842 1965 1001 2008 τετίμητο
1018 1965 1203 2009 ἀξιώματι,
1230 1964 1260 1998 Β
1344 1964 1366 1999 9
1392 1964 1456 2009 γὰρ
1486 1975 1559 1999 om.
1575 1963 1644 1998 BD
1655 1964 1721 1999 Wo
1736 1964 1800 1999 lat.

425 2010 647 2050 πατζινάκοις
674 2009 748 2044 AD
775 2010 934 2056 Scylitz.
962 2023 998 2056 p.
1020 2012 1101 2056 663,
1117 2013 1171 2055 17,
1197 2012 1422 2052 πατζινάκαις
1448 2011 1546 2056 pr
1646 2011 1691 2046 10
1714 2011 1802 2046 ἑκεί-

377 2070 446 2091 που
468 2057 552 2102 W*p
652 2058 693 2092 11
721 2059 920 2104 ἐζώγρησεν
947 2059 998 2094 ὧν
1015 2059 1162 2104 Apr,
1189 2059 1367 2105 ἐζώγρησε
1385 2059 1445 2094 καὶ
1464 2058 1527 2094 BC
1627 2059 1670 2093 12
1695 2059 1802 2103 ἒσφᾶ-

378 2104 517 2149 γμένων
543 2104 628 2149 (Sic)
655 2116 707 2141 ex
733 2111 826 2151 σφᾶς
850 2107 970 2151 μένων
994 2110 1089 2142 mut.
1117 2107 1152 2141 D
1320 2108 1364 2142 13
1390 2107 1587 2152 γράψαντος
1612 2105 1682 2142 ΑΟ
1709 2105 1802 2151 Sey-

377 2152 456 2187 litz.
483 2163 520 2198 p.
546 2153 626 2196 663,
653 2152 712 2198 21,
739 2155 941 2199 γράψαντος
966 2154 1004 2190 δὲ
1030 2155 1126 2200 Ewp
1280 2155 1399 2199 δῶρον
1424 2154 1495 2189 AR
1522 2153 1680 2199 Scylitz.
1706 2154 1729 2189 l.
1757 2164 1800 2198 e.‚

779 2201 794 2214 '⁵'

378 2200 498 2244 δῶρον
523 2213 577 2235 σοι
604 2199 668 2236 BC
766 2201 810 2246 ω]
838 2202 859 2236 ὁ
883 2201 930 2247 p*
1029 2201 1074 2237 15
1100 2202 1265 2247 τεθρᾶναι
1293 2202 1332 2247 C,
1359 2203 1521 2237 τεθνᾶναι
1547 2212 1610 2247 wp

307 2331 439 2366 virum
458 2341 550 2367 eum
568 2334 613 2367 ut
632 2335 840 2367 strenuum
860 2335 899 2368 et
917 2333 957 2367 in
977 2343 1021 2368 re
1039 2333 1183 2368 bellica
1202 2333 1416 2378 probatum
1432 2337 1470 2368 et
1488 2333 1634 2368 robore
1653 2332 1800 2367 incom-

307 2379 478 2423 parabili
516 2380 744 2425 praeditum
777 2390 957 2415 summae
989 2391 1123 2415 rerum
1160 2382 1416 2426 praefecisse,
1454 2383 1499 2415 ut
1534 2381 1799 2415 barbarorum

306 2426 479 2471 impetus
505 2427 688 2462 nonnihil
714 2428 1011 2473 reprimeretur,
1038 2428 1103 2462 illo
1132 2429 1251 2462 armis
1278 2429 1500 2463 resistente.

271 2472 294 2507 9
425 2473 521 2509 Erat
553 2478 688 2510 autem
721 2476 783 2509 vir
814 2475 878 2510 ille
907 2478 1018 2510 ortus
1049 2486 1201 2520 genere
1229 2479 1268 2510 et
1293 2476 1434 2510 illustri
1463 2480 1500 2510 et
1526 2476 1648 2510 rebus
1673 2475 1799 2520 gestis

249 2520 294 2554 10
309 2521 426 2556 claro.
479 2520 602 2557 Cuius
620 2525 735 2568 pater
754 2533 844 2557 eum
862 2522 1032 2557 Romani
1051 2523 1201 2568 Argyri
1228 2526 1388 2568 neptem
1408 2533 1457 2557 ex
1478 2523 1602 2557 fratre
1629 2532 1799 2557 uxorem

250 2568 292 2601 11
308 2568 485 2612 haberet,
511 2570 627 2614 regni
646 2569 823 2605 affectati
842 2571 1063 2612 convietus,
1090 2581 1133 2606 se
1151 2571 1280 2615 ipsum
1301 2571 1592 2615 praecipitavit.
1643 2570 1800 2604 Vestar-

249 2614 294 2649 12
308 2615 473 2650 charum
500 2627 598 2651 vero
626 2617 823 2662 dignitate
851 2621 1017 2652 ornatus
1045 2622 1149 2662 erat3
1186 2628 1280 2652 nam
1307 2628 1331 2652 a
1356 2617 1471 2652 Duea
1498 2616 1689 2652 Sardicae
1716 2617 1799 2652 dux

308 2663 546 2708 designatus
579 2674 670 2699 eum
702 2665 780 2699 illie
813 2665 960 2699 alicubi
986 2666 1026 2699 in
1053 2665 1292 2700 Patzinaeos
1321 2665 1537 2708 incidisset,
1575 2665 1708 2699 multis
1737 2675 1799 2699 oc-

309 2711 399 2745 cisis
414 2721 489 2746 nec
503 2712 763 2756 paucioribus
779 2713 915 2757 captis,
936 2716 974 2747 et
994 2713 1177 2747 viventes
1196 2716 1235 2747 et
1254 2723 1462 2747 caesorum
1485 2713 1618 2757 capita
1636 2713 1799 2747 miserat

309 2758 360 2792 ad
392 2768 542 2803 regem,
581 2769 605 2793 a
638 2769 716 2804 quo
753 2769 801 2794 ea
834 2759 883 2794 de
915 2770 1039 2795 eausa
1077 2760 1290 2795 vestareha
1322 2759 1557 2804 designatus
1590 2764 1676 2794 erat
1707 2769 1798 2794 eum

251 2804 295 2839 13
310 2805 538 2840 honorificis
556 2806 708 2850 litteris,
736 2807 882 2851 quibus
901 2807 1119 2852 imperator
1137 2807 1356 2842 scribebat:
1383 2807 1502 2842 “Non
1526 2807 1686 2846 donum,
1706 2806 1797 2841 Dio-

250 2851 295 2885 14
309 2862 445 2896 genes,
473 2853 661 2898 dignitas,
699 2854 770 2889 sed
797 2855 954 2899 egregii
981 2855 1172 2890 facinoris
1199 2854 1514 2890 remunerati0.³'
1563 2855 1646 2889 Illic
1672 2854 1797 2898 igitur

309 2908 399 2933 eum
414 2904 566 2945 ageret,
587 2901 868 2947 occupandum
882 2912 1055 2948 regnum
1069 2905 1198 2948 parat,
1217 2902 1381 2948 cognito
1399 2903 1653 2947 imperatoris
1673 2902 1795 2938 obitu.
