2054 3282
352 217 420 252 216
711 216 892 252 ZONAR.
920 215 1049 251 EPIT.
1077 214 1167 250 XlV
1198 214 1250 258 17,
1277 214 1428 259 25—19,
1455 215 1489 250 ὃ.

352 338 466 384 σανὶς
498 338 541 378 ἓν
572 343 634 391 τῷ
666 338 781 391 ἤτρῳ
814 338 943 378 αὐτοῦ
975 337 1142 383 ἐτίθετο,
1187 334 1292 376 κατὰ
1332 339 1405 376 τοῦ
1444 337 1679 389 προσώπου
1719 337 1847 378 αὐτοῦ

293 412 339 446 ‘26
352 406 398 448 τὸ
430 406 728 460 ἐκκρινόμενον
759 405 993 446 ἀνεδίδοτο·
1029 405 1052 444 ὃ
1085 404 1325 458 συμβαίνειν
1357 403 1492 445 ἐδόκει
1525 403 1591 445 διὰ
1621 404 1695 459 τὴν
1726 405 1848 446 ἐκθε-

294 481 339 516 27
353 490 461 528 σμον
496 474 606 528 μίξιν
642 479 714 528 τῆς
751 473 1071 527 ἃδελφόπαιδος.
1135 473 1308 526 θνήσκει
1345 471 1421 513 οὖν
1452 473 1475 513 ὁ
1507 472 1698 527 βασιλεὺς
1729 471 1851 519 οὗτος

353 543 459 584 κατὰ
490 542 561 584 τὸν
591 542 836 596 τριακοστὸν
866 545 1037 595 πρῶτον
1068 541 1222 595 χρόνον
1254 545 1325 595 τῆς
1355 541 1563 595 βασιλείας
1594 542 1733 583 αὐτοῦ.

288 613 339 654 18
474 612 558 652 Καὶ
595 611 829 665 μεταβαίνει
868 611 892 664 ἡ
933 610 1135 664 αὗταρχία
1175 609 1283 663 πρὸς
1322 609 1393 651 τὸν
1433 609 1523 651 υἱὸν
1563 611 1691 652 αὐτοῦ
1723 609 1976 652 Κων-ΒΠΙ
1991 613 2054 650 3Ῑέ

320 685 577 734 ἔσταντῖνον,
622 679 672 734 ἧς
711 679 850 734 βραχύ
887 695 922 719 τι
962 679 1173 719 ἀπώνατο.
1237 679 1307 719 ἕνα
1347 678 1426 733 γὰρ
1463 679 1738 734 μοναρχήσας
1773 679 1851 721 ἔνι-

356 748 482 790 αυτὸν
513 749 734 803 φαρμάκῳ
768 747 938 789 διώλετο
967 747 1083 800 παρὰ
1114 746 1329 802 Μαρτίνης
1360 748 1477 801 αὐτῷ
1507 748 1751 802 κερασθέντι
1781 752 1854 802 τῆς

320 821 558 871 3μητρυιᾶς
593 833 635 858 τε
673 817 782 870 ὁμοῦ
821 816 892 856 καὶ
931 815 1162 870 ἕξαδέλφης
1199 816 1347 857 αὐτοῦ·
1393 815 1432 870 ᾧ
1476 816 1576 871 γυνὴ
1623 815 1853 870 συνῴκιστο

356 884 400 926 Γ
395 885 584 939 ρηγορία,
630 885 821 939 ’θυγάτηρ
858 888 931 925 τοῦ
971 884 1189 937 πατρικίου
1221 884 1399 939 Νικήτα,
1444 885 1488 933 ἒξ
1526 884 1575 939 ἧς
1612 884 1702 930 υἱὸς
1738 885 1855 938 αὐτῷ

264 959 294 993 Β
321 959 345 994 4
360 954 564 999 Κώνστας
585 954 754 1007 ἐγένετο.
816 952 868 1007 ἦν
891 953 935 994 δὲ
958 953 981 994 ὁ
1003 954 1319 999 Κωνσταντῖνος
1339 954 1433 1007 περὶ
1453 953 1527 1008 τὴν
1557 954 1687 995 πίστιν
1709 953 1853 1007 ὀρθός,
1873 958 1917 992 10

357 1022 430 1077 τὴν
460 1022 669 1076 βασιλείαν
699 1021 912 1076 πατρόθεν
945 1022 1255 1076 διαδεξάμενος,
1295 1022 1345 1063 οὗ
1376 1023 1516 1076 μέντοι
1547 1022 1618 1063 καὶ
1647 1022 1693 1063 τὸ
1722 1022 1853 1063 κακό-

322 1091 498 1139 5δοξον.
562 1090 626 1132 διὸ
658 1091 814 1145 λέγεται
844 1095 916 1145 τῆς
947 1087 1036 1132 κατ’
1067 1091 1226 1131 ἐκείνου
1249 1091 1472 1145 ἐπιβουλῆς
1493 1090 1564 1132 καὶ
1584 1090 1656 1132 τὸν
1677 1090 1856 1145 Πύρρον

359 1160 626 1214 συμμετέχειν
657 1159 729 1201 τὸν
759 1164 831 1214 τῆς
863 1159 1349 1205 Κωνσταντινουπόλεως
1379 1159 1600 1213 πρόεδρον.

360 1326 382 1361 5
406 1326 565 1372 βασιλεία
584 1327 849 1361 Κωνσταντίνου
869 1330 929 1360 τοῦ
946 1326 1024 1360 υἶοῦ
1043 1325 1150 1360 αὐτοῦ
1169 1324 1213 1369 Α,
1239 1326 1397 1371 βασιλεία
1415 1326 1682 1360 Κωνσταντίνου
1700 1330 1760 1361 τοῦ
1779 1327 1856 1360 υἱοῦ

356 1374 571 1418 Ἡρακλείου
590 1374 651 1408 καὶ
678 1375 775 1412 ὅπως
799 1373 859 1408 καὶ
885 1373 946 1418 τὴν
972 1373 1069 1418 ζωὴν
1091 1373 1150 1408 καὶ
1169 1373 1229 1418 τὴν
1244 1374 1424 1418 βασιλείαν
1441 1373 1621 1408 ἀπώλεσεν
1635 1373 1676 1418 Ε,
1702 1374 1857 1419 βασιλεία

359 1422 627 1457 Κωνσταντίνου
653 1427 714 1457 τοῦ
742 1423 832 1464 (Om.
860 1420 937 1464 BC)
963 1422 1042 1456 υἱοῦ
1064 1421 1276 1466 Ἡρακλείου
1306 1420 1337 1457 O

434 1577 452 1611 1
481 1578 567 1622 ἴτρῳ
595 1576 761 1621 CDEwp
874 1576 896 1611 2
922 1577 1081 1620 ἄθεσμον
1107 1575 1143 1610 D
1265 1576 1287 1610 3
1313 1580 1397 1620 γοῦν
1423 1576 1518 1621 Ewp
1640 1576 1663 1611 4
1688 1576 1778 1612 κατὰ
1803 1577 1860 1613 τὸν

434 1624 640 1670 τριακοστὸν
664 1629 806 1668 πρῶτον
831 1626 961 1669 χρόνον
987 1638 1047 1668 της
1072 1624 1248 1669 βασιλειας
1274 1624 1380 1658 αὐτοῦ
1406 1622 1486 1668 ΑΕ,
1513 1624 1716 1668 τριακοστὸν
1733 1625 1792 1670 ἐφ’
1810 1625 1859 1661 ἑνὶ

432 1673 560 1732 χρόνοι
585 1672 704 1707 ἀνύων
729 1672 784 1707 ἐπὶ
813 1678 853 1717 τῇ
877 1673 1032 1718 βασιλειᾳ
1058 1672 1231 1716 ρωμαίων
1258 1671 1355 1717 pr
1481 1671 1502 1706 5
1529 1672 1588 1707 καὶ
1612 1673 1809 1718 μεταβαίνει
1837 1673 1858 1718 ἢ

433 1720 603 1765 αὐταρχία
627 1719 716 1765 πρὸς
742 1719 799 1754 τὸν
825 1720 900 1754 υἱὸν
926 1720 1033 1754 αὐτοῦ
1064 1725 1319 1754 κωνσταντϊνον
1345 1718 1413 1754 ΑΕ
1439 1729 1546 1754 unus
1573 1719 1614 1763 P,
1652 1720 1674 1764 ἦ
1701 1719 1740 1754 δὲ
1764 1722 1859 1766 βασι·

433 1768 506 1803 λεια
531 1768 592 1803 καὶ
618 1767 658 1802 τὰ
690 1773 748 1813 τῆς
780 1768 970 1812 αὐταρχίας
1000 1768 1049 1805 εἰς
1082 1767 1138 1801 τὸν
1171 1767 1306 1802 ἐκείνου
1339 1767 1415 1802 υἵὸν
1446 1767 1502 1801 τὸν
1535 1768 1625 1811 (om.
1654 1767 1735 1810 CD)
1767 1782 1860 1804 κων-

434 1822 610 1851 σταντῖνον
633 1816 896 1861 μεταβεβήκασι
923 1815 984 1860 τὴν
1011 1821 1080 1849 τῶν
1104 1829 1276 1859 ρωιιαιων
1302 1815 1488 1859 ηγειιονίαν
1508 1816 1683 1859 πατρόθεν
1701 1816 1860 1858 διαδεξά-

433 1877 539 1908 μενον
566 1865 619 1904 (v.
644 1863 780 1909 Ρ.216,
802 1864 859 1906 11)
884 1863 914 1898 O
942 1863 1153 1906 (simillime
1180 1867 1260 1897 ῐιῦε
1279 1862 1336 1907 P),
1361 1863 1560 1908 μεταβαίνει
1587 1862 1626 1897 δὲ
1647 1863 1669 1908 ἢ
1692 1864 1860 1910 αὐταρχια

434 1911 523 1956 πρὸς
548 1911 605 1946 τὸν
631 1911 707 1946 υἱὸν
726 1911 832 1946 αὐτοῦ
851 1917 1108 1945 κωπσταντῖνον
1129 1921 1169 1944 w
1170 1911 1222 1955 ip,
1250 1911 1461 1956 impelium
1489 1914 1624 1945 autem
1647 1913 1687 1946 et
1705 1921 1860 1947 summa

436 1962 528 2004 pot(
532 1962 614 1994 stas
641 1959 692 1994 ad
712 1960 798 1994 eius
818 1959 939 1993 filium
961 1959 1165 1994 Constanti
1173 1969 1265 1992 num
1298 1959 1553 1993 successione
1581 1958 1659 1993 dev
1662 1959 1760 1994 enit:
1794 1961 1860 1995 Wo

435 2007 501 2041 lat.
625 2007 645 2042 7
671 2007 830 2042 ἀπώλετο
860 2006 891 2042 Ο
1013 2007 1035 2041 8
1063 2011 1220 2050 μητρυᾶς
1247 2006 1332 2047 (sic)
1360 2005 1426 2041 AC
1560 2006 1581 2041 9
1607 2007 1795 2052 Γρηγορία]
1823 2018 1859 2042 V.

436 2054 650 2100 Nicephor.
663 2054 770 2100 Cpol.
791 2065 828 2100 p.
842 2054 898 2097 21,
915 2054 955 2088 21
981 2057 1021 2089 et
1035 2054 1124 2089 Duc
1144 2054 1264 2088 famil.
1281 2054 1375 2098 Byz.
1395 2065 1431 2099 p.
1451 2053 1516 2088 102
1615 2054 1660 2088 10
1675 2055 1861 2090 Κωνσταν-

436 2101 537 2147 τῖνος]
557 2103 717 2141 κώνστας
736 2101 765 2138 C
861 2102 940 2146 περὶ
960 2103 1041 2137 des.
1063 2102 1090 2135 B
1110 2102 1176 2136 fol.
1195 2101 1305 2143 35911‚
1328 2101 1389 2146 τὴν
1406 2103 1519 2136 πίστιν
1538 2102 1614 2136 inc.
1634 2101 1664 2135 B
1683 2102 1749 2138 fol.
1768 2103 1861 2139 353¹·

439 2150 481 2184 11
509 2150 571 2195 τὴν
601 2151 778 2196 βασιλείαν
810 2151 986 2194 πατρόθεν
1020 2149 1221 2193 δεξάμενος,
1259 2150 1302 2184 οὒ
1334 2149 1450 2193 μέντοι
1489 2149 1549 2184 καὶ
1588 2149 1626 2184 τὸ
1662 2151 1862 2192 κακόδοξον

437 2197 583 2243 AEwp,
610 2203 669 2243 τῆς
694 2198 817 2243 ἀρχῆς,
843 2198 918 2233 ἀλλ’
944 2197 1023 2242 οὐχὶ
1048 2197 1109 2233 καὶ
1134 2203 1192 2243 τῆς
1218 2198 1431 2238 κακοδοξίας
1459 2202 1518 2233 τοῦ
1542 2196 1670 2242 πατρὸς
1695 2199 1862 2244 κληρονό-

435 2259 502 2290 μος
527 2247 711 2291 γενόμενος
738 2245 769 2281 Ο
870 2245 914 2281 13
938 2245 1095 2291 μετέχειν
1122 2245 1158 2279 Ι)

306 2411 352 2445 26
367 2413 515 2448 tabella
541 2413 620 2448 imo
638 2413 771 2448 ventri
801 2413 986 2459 opposita
1001 2415 1265 2448 averteretur.
1317 2412 1362 2446 Id
1390 2412 1424 2446 ei
1452 2411 1647 2447 accidisse
1666 2412 1862 2447 creditum

307 2459 352 2494 '⁵27
368 2460 419 2495 ob
447 2461 640 2496 incestum
669 2471 759 2496 cum
787 2461 923 2496 fratris
948 2461 1030 2496 filia
1057 2461 1215 2496 coitum.
1267 2459 1448 2494 Mortuus
1480 2463 1539 2494 est
1565 2459 1629 2494 hic
1654 2469 1726 2494 rex
1755 2470 1861 2495 anno

367 2509 484 2554 regni
511 2509 712 2544 tricesimo
739 2509 879 2554 primo.

489 2555 543 2591 18.
594 2555 771 2591 Devenit
796 2556 1009 2602 imperium
1036 2556 1088 2590 ad
1127 2556 1213 2590 eius
1252 2555 1375 2589 filium
1403 2554 1743 2599 CONSTANTINVM,
1781 2565 1861 2600 quo

332 2602 450 2638 2non
477 2604 547 2639 diu
574 2606 633 2639 est
659 2604 844 2639 laetatus.
895 2603 995 2640 Nam
1024 2613 1114 2639 cum
1139 2613 1263 2638 unum
1285 2605 1496 2647 regnasset
1515 2612 1676 2646 annum,
1703 2612 1861 2638 veneno

332 2651 354 2683 3
370 2651 487 2695 periit
513 2661 537 2686 a
563 2651 734 2686 Martina
761 2662 939 2687 noverea
958 2651 1181 2695 eademque
1207 2650 1380 2696 patrueli
1398 2653 1634 2695 temperato.
1683 2650 1862 2686 Uxorem

369 2698 545 2733 habebat
560 2698 811 2744 Gregoriam,
838 2699 1002 2735 Nicetao.
1021 2699 1178 2744 patricii
1206 2698 1336 2741 filiam,
1365 2708 1386 2732 e
1405 2708 1484 2742 qua
1504 2697 1761 2733 Constantem
1781 2708 1862 2732 sus-

332 2745 486 2790 4eepit.
536 2746 597 2782 De
636 2747 832 2792 religione
867 2745 1154 2782 Constantinus
1192 2748 1301 2780 reete
1339 2746 1472 2789 sensit,
1512 2745 1668 2790 paterni
1706 2745 1863 2790 imperii

333 2792 592 2838 5dumtaxat‚
631 2804 712 2829 non
742 2795 837 2830 item
874 2803 1094 2840 perversae
1121 2793 1320 2839 opinionis
1346 2793 1473 2827 heres.
1523 2792 1611 2834 Qua
1651 2792 1700 2827 de
1739 2802 1863 2827 οἱιυεῑ

371 2840 489 2875 etiam
518 2840 706 2886 Pyrrhus,
738 2842 969 2888 patriarcha
995 2840 1241 2888 Cpolitanus,
1267 2841 1452 2875 conscius
1478 2841 1603 2876 fuisse
1626 2839 1862 2875 insidiarum

372 2890 547 2933 putatur.
