2054 3282
617 258 793 297 DVCAE
817 233 988 298 GENV'S
1012 259 1079 296 ET
1103 258 1330 297 NATVRA.
1645 259 1716 297 677

221 380 455 436 συνθήκαις
485 379 684 435 ἐπίστευε)
717 380 788 422 καὶ
819 381 876 428 εἷς
907 381 1131 436 ἀκροάσεις
1162 381 1306 423 δικῶν.
1370 381 1421 423 οὗ
1451 381 1563 423 πάνυ
1596 380 1641 423 δὲ
1666 385 1715 436 τῇ
1734 386 1775 422 17
1789 385 1820 420 Β

221 449 411 505 ἀκριβείᾳ
447 454 642 504 προσεῖχε
686 450 885 504 δικάζων,
930 449 1018 492 ἀλλ’
1056 450 1224 505 ἐνιαχοῦ
1261 449 1333 492 καὶ
1371 450 1606 505 ἐνηυθέντει
1644 449 1716 506 καὶ

220 516 294 564 τὰς
328 519 506 573 ψήφους
542 518 783 573 ὑπήλλαττε,
826 518 935 573 πρὸς
970 517 1018 560 τὰ
1050 518 1261 573 πρόσωπα
1292 517 1366 565 τὰς
1395 518 1629 573 ἀποφάσεις
1659 534 1714 559 τι-
1730 522 1924 559 W111217
1994 518 2008 530 '

221 586 414 640 θέμενος.
467 587 659 641 γλίσχρος
681 586 727 628 δὲ
746 587 966 642 τυγχάνων
985 586 1058 628 καὶ
1078 586 1289 642 φειδωλὸς
1310 587 1431 629 ἔθετο
1451 586 1554 642 παρ’
1576 587 1716 641 ἑαυτῷ
1731 591 1775 626 18

185 661 208 698 5
220 653 281 708 μὴ
313 654 469 709 μάχαις
497 654 606 709 πρὸς
636 654 684 696 τὰ
716 655 820 710 ἔθνη
853 655 1182 710 συρρήγνυσθαι,
1222 654 1325 697 ἀλλὰ
1358 655 1514 710 δώροις
1544 655 1615 696 καὶ
1645 671 1714 710 φι-

220 722 504 777 λοφροσύναις
533 724 674 772 ἄλλαις
704 723 809 766 αὐτὰ
841 724 1098 766 οἰκειοῦσθαι
1129 723 1199 765 καὶ
1230 723 1514 766 καταλλάττειν
1544 727 1594 779 τῇ
1609 722 1714 765 Ῥω-

219 791 361 845 μαίων
391 791 516 846 ᾶρχῇ,
561 792 640 834 δύο
670 796 796 834 ταῦτα
829 792 1020 834 ἐντεῦθεν
1049 793 1275 847 μνώμενος
1311 793 1461 847 ἑαυτῷ,
1504 792 1551 834 τό
1581 808 1624 834 τε
1653 791 1713 847 μὴ
1734 798 1775 832 19

219 859 349 901 πλείω
382 860 574 902 δαπανᾶν
605 861 649 902 ἒν
679 861 953 915 ἒκστρατείαις
983 861 1054 903 καὶ
1084 860 1131 903 τὸ
1163 860 1289 907 αὐτὸς
1320 862 1489 916 ἠρεμεῖν
1519 860 1591 903 καὶ
1615 876 1714 916 σχο-

220 927 356 977 λάζειν
392 928 454 975 ὡς
493 929 644 970 ἐπίπαν
680 934 730 984 τῇ
768 933 853 971 τῶν
889 930 1120 985 χρημάτων
1164 930 1363 985 συλλογῇ·
1409 929 1474 972 διὸ
1517 930 1588 972 καὶ
1629 933 1716 972 τῶν
1729 934 1776 970 20

162 1003 209 1040 10
221 1000 527 1051 στρατιωτικῶν
547 997 795 1052 καταλόγων
822 998 1027 1053 ἠμέλησεν
1058 1000 1083 1053 ἢ
1114 999 1274 1053 μᾶλλον
1304 998 1486 1045 πολλοὺς
1516 998 1588 1040 καὶ
1618 997 1759 1045 τοὺςΟ

220 1066 530 1120 γενναιοτέρους
566 1070 651 1108 τῶν
690 1067 957 1121 ἀπογραφῶν
994 1067 1199 1121 ἀπήλειψε
1238 1067 1304 1109 διὰ
1342 1066 1390 1109 τὸ
1426 1067 1714 1122 βαρύμισθον·

219 1133 327 1175 ὥστε
358 1135 598 1189 συμβαίνειν
628 1135 918 1189 θρασύνεσθαι
948 1135 1027 1189 μὲν
1047 1134 1093 1177 τὸ
1114 1135 1392 1190 βαρβαρικόν,
1425 1135 1772 1178 συστέλλεσθαιὲι

220 1201 266 1244 δὲ
296 1202 368 1244 καὶ
398 1204 694 1245 ταπεινοῦσθαι
725 1203 773 1245 τὰ
805 1207 890 1245 τῶν
910 1203 1134 1258 Ῥωμαίων
1156 1204 1439 1258 στρατεύματα
1472 1204 1542 1246 καὶ
1572 1207 1714 1258 μειοῦ-

220 1271 322 1312 σθαι
341 1270 416 1326 τὴν
437 1272 661 1326 ἡγεμονίαν
682 1272 755 1327 τὴν
775 1272 1027 1327 Ῥωμαϊκήν,
1088 1272 1236 1314 πολλαὶ
1258 1272 1338 1327 γὰρ
1359 1273 1449 1314 τότε
1475 1275 1560 1314 τῶν
1591 1271 1716 1327 ἑῴων
1729 1278 1776 1312 22

161 1346 206 1384 15
219 1343 379 1394 χωρῶν
422 1340 466 1380 αἱ
499 1339 580 1394 μὲν
618 1340 826 1395 ἐληίζοντο
864 1340 935 1382 καὶ
966 1342 1024 1387 εἶς
1062 1340 1302 1396 ἀφανισμὸν
1336 1341 1630 1396 προεχώρουν,
1674 1340 1718 1382 αἱ

219 1407 266 1450 δὲ
295 1407 367 1450 καὶ
397 1407 481 1450 ὑπὸ
512 1408 609 1456 τοὺς
638 1409 865 1464 πολεμίους
895 1410 1088 1464 ἐγίνοντο.

217 1583 242 1619 4
266 1585 315 1619 ὅτι
342 1584 383 1619 ἐκ
410 1585 600 1630 φειδωλίας
623 1584 753 1630 δώροις
778 1585 884 1630 ἤθελε
914 1586 1053 1630 φιλιοῦν
1076 1591 1118 1631 τῇ
1138 1587 1328 1631 εΡωμαίων
1353 1586 1447 1631 ἀρχῇ
1473 1584 1502 1621 C

294 1759 312 1794 l
340 1762 431 1805 post
449 1759 644 1805 συνθήκαις
664 1759 756 1795 add.
773 1761 994 1805 προςθηκῶν
1012 1759 1109 1806 pr
1207 1760 1400 1795 ἐνεπίστευε
1417 1758 1516 1804 pr
1615 1772 1650 1793 κ.
1668 1759 1718 1797 εἰς

291 1806 372 1852 ἀκρ.
399 1806 526 1852 δικῶν]
549 1812 691 1851 πρῶτον
714 1807 780 1852 μὲν
805 1807 868 1843 οὖν
894 1807 984 1842 τοῦτ’
1010 1808 1135 1843 ἐκείνω
1161 1808 1204 1853 ἢν
1230 1808 1453 1852 σπούδασμα·
1489 1806 1653 1851 δεύτερον
1679 1805 1718 1842 δὲ

291 1855 404 1890 δικῶν
428 1855 596 1899 ἀκρόασις
621 1855 681 1890 καὶ
707 1856 918 1900 ψηφίσματα
946 1855 1074 1901 O(wp)
1207 1855 1249 1891 οὐ
1273 1855 1365 1890 πάνυ
1392 1854 1443 1899 δὲ]
1470 1854 1531 1889 καὶ
1556 1854 1598 1889 οὐ
1622 1854 1716 1889 πάνυ

294 1902 329 1937 D
427 1903 450 1938 3
474 1903 669 1947 ἀποφάσεις
695 1902 863 1948 prDi,
889 1903 1080 1949 ἀποβάσεις
1105 1901 1140 1938 Α
1255 1903 1275 1938 7
1301 1903 1463 1938 ἐντεῦθεν
1489 1906 1594 1937 ταῦτα
1621 1901 1716 1948 pr

294 1950 325 1985 7.
340 1950 362 1985 8
388 1950 734 1995 δύο-ἒκστρατείαις
762 1961 837 1986 om.
852 1950 883 1986 E
981 1951 1002 1987 7
1027 1951 1140 1986 ἑαυτῶ
1158 1949 1359 1995 R(wpDi).
1385 1950 1481 1995 αὐτῷ
1500 1948 1536 1984 Α
1633 1950 1655 1984 8
1680 1949 1717 1984 ἐν

293 1997 414 2033 om.B
511 1998 534 2032 9
559 1998 608 2037 ὡς
633 2008 707 2033 om.
724 1997 759 2032 D
856 2003 897 2043 τῆ
923 2002 1014 2044 post
1037 1999 1232 2043 χρημάτων
1250 1997 1443 2043 BCE(wp)
1545 1997 1585 2031 11
1611 1997 1717 2032 πολύ-

289 2046 423 2090 μισθον
447 2045 482 2080 D
581 2045 627 2080 12
652 2046 967 2091 συμβαίνειν-μὲν
994 2056 1068 2081 om.
1085 2046 1124 2089 C,
1152 2046 1280 2091 suppl.
1297 2045 1357 2083 Cw
1460 2045 1502 2080 13
1526 2045 1587 2079 καὶ
1605 2058 1717 2079 ταπει-

291 2094 437 2128 νοῦσθαι
456 2092 536 2136 AR,
566 2094 868 2137 ξκαταπεινοῦσθαι
888 2093 935 2137 D,
961 2094 1022 2128 καὶ
1047 2094 1318 2128 καταπονεῖσῦαι
1344 2093 1440 2138 Ewp
1542 2092 1596 2127 13.
1619 2092 1662 2127 14
1688 2106 1715 2127 τ.

292 2141 477 2187 ἡγεμονίαν
503 2144 593 2187 post
618 2155 691 2185 στρ.
718 2140 778 2176 καὶ
803 2141 834 2176 Ο
935 2141 979 2177 15
1002 2141 1239 2186 προυχώρουν
1264 2139 1451 2186 R(wpDi)

220 2315 391 2351 audiret.
441 2314 583 2361 Neque
608 2324 707 2350 vero
734 2315 774 2349 in
801 2315 889 2350 iure
915 2313 1087 2350 dicendo
1118 2314 1253 2359 legum
1279 2313 1531 2359 praescripta
1558 2313 1776 2359 semper17

221 2362 477 2406 observabat,
506 2362 575 2398 sed
603 2362 751 2397 alicubi
778 2362 897 2397 etiam
925 2365 1013 2397 erat
1038 2372 1110 2407 pro
1138 2362 1296 2397 ratione
1313 2361 1516 2405 voluntas,
1542 2363 1588 2396 ut
1614 2370 1716 2396 eom-

221 2411 384 2447 mutatis
418 2410 581 2445 calculis
615 2410 655 2445 in
694 2409 993 2456 pronuntiando
1021 2419 1287 2455 personarum
1313 2410 1510 2444 rationem
1537 2408 1715 2444 haberet.

220 2458 304 2494 Iam
331 2461 376 2494 ut
411 2461 498 2493 erat
530 2461 652 2493 tenax
684 2461 722 2493 et
756 2467 914 2503 parcus,
954 2467 1091 2493 secum
1123 2457 1329 2493 constituit
1355 2456 1468 2492 bellis
1495 2455 1777 2491 conflictari18

221 2506 340 2551 nolle,
378 2506 448 2542 sed
480 2509 624 2551 gentes
656 2504 892 2540 muneribus
925 2507 964 2539 et
996 2505 1083 2539 aliis
1110 2504 1313 2550 obsequiis
1345 2503 1551 2539 devincire
1578 2507 1618 2539 et
1643 2502 1718 2539 Ro-

221 2564 341 2590 mano
373 2553 541 2600 imperio
573 2553 847 2588 reconciliare.
899 2550 986 2594 Qua
1024 2562 1068 2587 re
1108 2551 1188 2587 duo
1228 2551 1438 2587 commoda
1477 2551 1717 2594 venabatur,
1732 2550 1777 2585 19

222 2601 405 2646 alterum,
430 2611 481 2637 ne
507 2601 624 2647 plura
650 2601 690 2635 in
718 2599 1046 2646 expeditionibus
1073 2602 1338 2643 consumeret,
1366 2599 1548 2643 alterum,
1573 2602 1619 2634 ut
1645 2607 1718 2644 per

222 2659 420 2686 summum
453 2649 577 2684 otium
612 2647 865 2683 cumulandis
897 2647 1098 2683 thesauris
1129 2657 1293 2693 operam
1321 2646 1446 2682 daret.
1497 2645 1557 2681 Ita
1584 2645 1778 2690 flebat‚20

221 2701 266 2733 ut
292 2697 483 2733 militares
510 2695 718 2741 catalogos
745 2694 982 2741 neglegeret
1012 2705 1060 2730 ae
1093 2695 1227 2741 potius
1261 2694 1499 2730 fortissimos
1534 2702 1718 2739 quosque

223 2745 274 2780 ob
301 2744 488 2791 stipendii
508 2743 827 2788 magnitudinem
847 2742 1010 2778 deleret.
1059 2741 1177 2778 Unde
1196 2741 1358 2777 barbari
1382 2742 1602 2777 ferociores
1626 2750 1716 2777 eva·
1731 2740 1774 2776 21

223 2792 384 2836 debant,
422 2790 630 2827 Romanae
663 2801 759 2826 vero
788 2790 969 2836 legiones
1003 2789 1222 2825 timidiores
1249 2794 1288 2825 et
1314 2789 1556 2832 humiliores,
1594 2791 1718 2834 atque

222 2840 432 2886 imperium
450 2839 709 2874 minuebatur
729 2837 965 2873 Romanum.
1000 2836 1100 2873 Nam
1119 2837 1269 2873 multae
1288 2841 1372 2872 tum
1392 2836 1608 2872 orientales
1655 2846 1717 2871 ro·
1730 2834 1778 2871 22

222 2887 554 2970 vineiaebpartim
581 2885 876 2932 diripiebantur
902 2890 941 2920 et
968 2885 1246 2928 vastabantur,
1285 2885 1429 2931 partim
1457 2884 1508 2920 ab
1536 2883 1625 2921 host
1642 2883 1717 2921 bus

224 2943 379 2982 occupa
410 2939 541 2970 antur.
