1968 3302
266 202 331 238 104
648 203 830 240 ZONAR.
858 203 988 239 EPIT.
1016 204 1111 239 XIII
1139 204 1195 248 92,
1222 203 1374 241 30-46.

260 324 320 378 μὴ
355 325 608 379 δυνηθέντος
639 326 852 367 συνελθεῖν
884 322 934 365 δι’
969 325 1202 378 ἀσθένειαν,
1234 325 1283 366 τὰ
1311 329 1385 367 τοῦ
1406 326 1639 379 Νεστορίου
1661 341 1759 368 κατ-

202 394 551 448 31εξητάσθησαν
593 394 780 448 δόγματα
819 393 890 434 καὶ
929 393 1231 448 ἀπεβλήθησαν
1269 394 1330 440 ὡς
1372 395 1608 443 κακόδοξα·
1654 396 1680 449 ἡ
1716 395 1762 436 δὲ

263 462 357 515 ἁγία
398 463 614 515 παρθένος
650 462 855 507 θεοτόκος
893 462 1121 516 ἀπεδείχθη
1161 463 1232 504 καὶ
1263 464 1511 517 φρονεῖσθαι
1548 464 1619 505 καὶ
1649 463 1760 517 λέγε-

60 531 139 566 PII
154 531 375 578 42Ασθαι,
408 531 479 572 καὶ
510 531 534 572 ὁ
567 531 611 578 ἐξ
642 532 770 585 αὐτῆς
802 530 1045 584 σαρκωθεὶς
1077 531 1300 585 ἀνάνδρως
1331 532 1422 578 υἱὸς
1451 536 1525 574 τοῦ
1557 533 1662 574 θεοῦ
1690 531 1762 573 καὶ

203 602 249 636 32
263 598 364 645 θεὸς
395 598 510 652 παρὰ
542 603 627 640 τῶν
659 600 784 652 ἱερῶν
816 599 988 640 ἐκείνων
1008 601 1204 653 πατέρων
1225 602 1472 655 κεκήρυκτο.
1533 599 1641 654 πρὸς
1661 615 1759 654 τρα-
1779 607 1887 642 DIII

264 668 436 721 νοτέραν
469 667 514 708 δὲ
545 672 617 721 τῆς
647 668 824 713 πίστεως
856 668 1083 722 ὁμολογίαν
1114 670 1185 710 καὶ
1215 675 1287 724 τῆς
1320 670 1559 725 δυσσεβείας
1579 674 1653 712 τοῦ
1673 669 1760 711 Νε-

264 736 429 788 στορίου
469 737 726 789 σαφέστερον
762 736 930 791 ἔλεγχον
961 737 1030 778 καὶ
1065 738 1234 779 δώδεκα
1266 740 1469 787 συντάξας
1499 739 1706 793 κεφάλαια
1738 738 1762 780 ὁ

263 805 486 858 ἱερώτατος
506 803 715 857 Κύριλλος
741 809 814 859 τῆς
845 805 982 860 ὀρθῆς
1014 806 1141 860 δόξης
1171 808 1453 862 ὑπομνήματα
1485 812 1534 862 τῇ
1566 807 1763 862 ἐκκλησίᾳ

203 878 249 912 33
262 873 525 926 παρέδωκεν.
589 873 613 914 ὁ
636 873 681 914 δὲ
703 873 933 928 Νεστόριος
964 875 1185 930 ἀπεβλήθη
1218 875 1289 916 καὶ
1317 880 1390 917 τοῦ
1411 879 1497 917 τῶν
1519 875 1631 929 ὀρθὰ
1653 891 1761 930 φρο-

203 946 250 981 34
263 941 450 982 νούντων
472 942 703 995 ἀρχιερέων
724 943 959 998 ἆπεκινήθη
988 948 1136 998 χοροῦ.
1197 944 1300 998 μετὰ
1331 945 1468 999 τρίτην
1500 945 1546 986 δὲ
1572 949 1644 999 τῆς
1665 960 1762 986 συν-
1781 950 1827 986 10

263 1010 368 1051 όδου
407 1011 569 1064 ἡμέραν
609 1011 842 1064 ἐφίστανται
880 1017 930 1067 τῇ
964 1012 1128 1067 Ἐφέσῳ
1166 1013 1192 1054 ὅ
1221 1029 1262 1054 τε
1295 1013 1536 1068 Ἀντιοχείας
1569 1013 1764 1068 Ἰωάννης

262 1078 335 1120 καὶ
366 1079 390 1120 ὁ
422 1079 573 1133 Κύρου
614 1079 841 1126 ἐπίσκοπος
878 1079 1158 1136 Θεοδώρητος
1197 1081 1268 1123 καὶ
1299 1082 1323 1122 ὁ
1357 1081 1526 1137 Ἑδέσης
1548 1082 1663 1136 Ἴβας
1693 1082 1764 1123 καὶ

203 1151 249 1187 35
263 1148 393 1202 ἕτεροι
424 1149 505 1198 καί,
532 1149 606 1200 ὅτι
637 1148 696 1203 μὴ
730 1149 801 1190 καὶ
831 1149 905 1204 τὴν
937 1151 1078 1192 αὐτῶν
1108 1151 1343 1204 παρουσίαν
1375 1151 1593 1205 ἀνέμειναν
1623 1152 1664 1192 οἷ
1692 1155 1765 1205 τῆς

263 1216 458 1265 συνόδου,
506 1217 768 1271 ὀργισθέντες
813 1217 919 1259 κατὰ
966 1223 1039 1260 τοῦ
1085 1220 1270 1273 μεγάλου
1314 1220 1525 1273 Κυρίλλου
1573 1220 1636 1266 ὡς
1679 1224 1765 1262 τῶν

203 1290 249 1324 36
263 1286 402 1327 ἄλλων
434 1286 696 1340 ἐξάρχοντος,
729 1287 803 1341 τήν
833 1303 875 1328 τε
905 1291 979 1328 τοῦ
1006 1287 1239 1342 Νεστορίου
1271 1289 1517 1342 καθαίρεσιν
1546 1288 1764 1343 ᾐτιάσαντο
1781 1294 1826 1330 15

218 1354 334 1395 Βκαὶ
365 1355 512 1409 ἐκείνῳ
543 1355 716 1408 θέμενοι
746 1360 819 1397 τοῦ
851 1371 893 1397 τε
924 1356 1043 1397 θείου
1075 1357 1287 1410 Κυρίλλου
1324 1357 1395 1398 καὶ
1429 1356 1655 1411 Μέμνονος
1690 1361 1764 1398 τοῦ

202 1427 249 1462 37
265 1422 443 1477 Ἐφέσου
481 1424 727 1478 καθαίρεσιν
765 1425 1036 1479 ἐψηφίσαντο.
1100 1426 1124 1467 ὁ
1162 1424 1442 1480 Θεοδώρητος
1480 1425 1525 1467 δὲ
1556 1425 1628 1467 καὶ
1658 1425 1764 1467 κατὰ

270 1562 314 1597 10
337 1561 418 1607 περὶ
443 1566 514 1598 τῶν
539 1562 829 1608 ἀπολειφθέντων
853 1569 913 1610 τῆς
938 1565 1088 1600 συνόδου
1114 1565 1310 1610 ἀρχιερέων
1334 1565 1394 1600 καὶ
1420 1566 1484 1600 ὅσα
1508 1564 1677 1610 ἐποίησαν
1704 1564 1732 1602 C

341 1693 360 1729 1
387 1694 581 1739 συνελθεῖν]
610 1694 649 1729 δὲ
673 1694 788 1730 ἐλθεῖν
815 1694 843 1731 C
953 1697 1262 1741 συνεξητάσθησαν
1287 1696 1318 1731 Β
1422 1696 1444 1732 5
1470 1696 1593 1742 ἱερέων
1618 1697 1704 1740 (sic)
1731 1695 1766 1732 A

386 1742 534 1777 ἐκείνων
561 1753 636 1777 0111.
664 1742 699 1777 D
810 1745 1031 1788 τρανωτὲραν
1057 1744 1088 1779 Ε
1199 1745 1243 1779 11
1269 1745 1447 1790 ἐφίσταται
1474 1744 1510 1779 D
1615 1744 1660 1779 12
1686 1745 1766 1780 θεο-

339 1789 489 1834 δώριτος
515 1801 566 1826 eX
592 1790 818 1836 θεοδώρητος
845 1795 973 1826 mutat
999 1790 1045 1831 A,
1072 1792 1286 1837 θεοδώριτος
1314 1792 1356 1836 R,
1383 1795 1467 1827 tum
1494 1791 1605 1833 (XIII
1632 1792 1688 1836 22,
1708 1792 1766 1828 37.

339 1837 396 1872 38.
422 1837 480 1872 42.
507 1838 564 1883 24,
591 1838 652 1882 25)
680 1849 818 1874 omnes
846 1839 935 1874 libri
962 1840 1196 1884 θεοδώριτοςς
1223 1840 1450 1885 θεοδώρητος
1468 1840 1679 1875 revocavit
1698 1841 1766 1875 WO

387 1885 510 1931 ἐδέσης
527 1886 675 1931 Apr,
699 1887 868 1931 Ἐδέσσης
886 1885 942 1921 Di
1041 1888 1096 1922 13.
1125 1888 1169 1922 14
1194 1889 1230 1922 οἱ
1253 1893 1312 1933 τῆς
1338 1889 1488 1923 συνόδου
1515 1891 1609 1923 ante
1634 1888 1766 1932 ἀνέμει-

338 1947 402 1968 ναν
420 1932 517 1979 pr
619 1934 663 1969 16
678 1935 795 1969 'inter
820 1935 946 1976 ἐκείνῳ
974 1938 1012 1970 et
1038 1936 1178 1979 θέμενοι
1202 1936 1315 1981 ponit
1334 1937 1569 1970 asteriscum
1590 1936 1668 1979 Wo,
1696 1935 1767 1971 sed

341 1984 401 2016 est
426 1982 592 2017 τίθεσθαί
614 1995 678 2017 τινι
697 1982 850 2026 favere,
877 1983 1086 2028 astipulari
1114 1983 1201 2026 alei,
1229 1994 1265 2017 V.
1286 1982 1383 2017 XIII
1409 1983 1441 2027 6,
1469 1983 1501 2018 1.
1527 1982 1600 2018 XV
1625 1983 1682 2026 22,
1711 1982 1765 2018 15.

339 2028 397 2073 29,
424 2029 482 2064 23.
507 2029 600 2064 XVI
626 2029 659 2073 9,
686 2030 750 2074 32;
781 2031 829 2064 cf.
857 2029 992 2075 Steph.
1019 2031 1116 2066 thes.
1144 2031 1217 2065 VII
1244 2042 1279 2076 p.
1306 2030 1443 2067 21750
1469 2031 1571 2066 med.
1600 2034 1640 2066 et
1657 2030 1766 2076 Wyt-

339 2077 542 2159 tenbasschii
569 2077 650 2112 ind.
677 2078 844 2123 graecit.
872 2078 1073 2113 Plutarch.
1101 2078 1178 2114 vol.
1205 2078 1242 2113 II
1270 2090 1305 2124 p.
1335 2078 1427 2114 1538
1441 2089 1470 2114 s.
1632 2078 1679 2114 17
1705 2078 1766 2114 καὶ

340 2135 415 2160 om.

207 2254 249 2289 31
268 2256 461 2302 dogmata
480 2259 519 2292 et
537 2256 689 2292 reiecta
706 2260 751 2292 ut
770 2267 974 2302 perversa.
1025 2258 1094 2292 Est
1112 2261 1247 2293 autem
1267 2259 1539 2303 constitutum,
1561 2260 1606 2293 ut
1625 2262 1765 2293 sancta

268 2304 386 2349 virgo
406 2307 445 2339 et
462 2304 682 2339 haberetur
701 2308 740 2340 et
759 2305 962 2340 diceretur
989 2305 1158 2350 deipara
1184 2309 1224 2341 et
1249 2306 1283 2341 is
1309 2307 1378 2351 qui
1404 2316 1455 2341 ex
1483 2316 1532 2341 ea
1561 2315 1683 2340 carne
1709 2306 1764 2340 in·

268 2352 391 2386 dutus
417 2354 478 2387 est
503 2352 612 2387 nullo
639 2353 739 2396 viro,
767 2353 870 2387 filius
897 2353 962 2388 dei
989 2356 1028 2388 et
1053 2353 1153 2388 deus
1181 2364 1204 2388 a
1231 2354 1380 2388 Sanctis
1405 2353 1482 2388 illis
1503 2353 1687 2399 patribus
1705 2356 1765 2388 est

207 2397 253 2432 3⁴2
268 2400 566 2444 pronuntiatus.
625 2398 704 2436 Sed
740 2400 792 2435 ad
827 2401 1048 2445 planiorem
1083 2401 1175 2436 fidei
1208 2401 1502 2436 confessionem
1534 2404 1573 2436 et
1603 2401 1764 2437 eviden-

267 2447 410 2482 tiorem
429 2446 601 2483 Nestorii
624 2447 840 2493 impietatis
866 2449 1150 2483 refutationem
1178 2449 1451 2484 sanctissimus
1470 2447 1642 2493 Cyrillus
1669 2449 1766 2484 duo·

268 2494 397 2529 decim
424 2495 650 2540 composuit
676 2496 810 2541 capita
843 2497 942 2531 recti
975 2496 1176 2541 dogmatis
1206 2500 1469 2531 monumenta
1501 2500 1540 2531 et
1571 2496 1766 2532 ecclesiae

207 2541 253 2575 33
267 2542 443 2577 tradidit.
495 2541 575 2578 Sed
604 2542 815 2578 Nestorius
846 2544 1020 2578 reiectus
1052 2547 1091 2578 et
1132 2554 1183 2578 ex
1225 2547 1344 2579 coetu
1382 2544 1618 2589 pontificum
1655 2547 1765 2579 recte

207 2587 254 2623 34
268 2590 525 2625 sentientium
558 2593 716 2626 amotus
750 2594 821 2626 est.
871 2590 950 2627 Sed
983 2594 1074 2636 post
1105 2592 1264 2626 tertiam
1296 2592 1453 2627 concilii
1481 2591 1584 2626 diem
1612 2591 1764 2627 adeunt

269 2637 468 2682 Ephesum
496 2637 670 2673 Ioannes
696 2637 972 2674 Antiochenus
999 2642 1037 2674 et
1064 2638 1353 2682 Theodoretus,
1393 2638 1581 2684 Cyrensis
1613 2639 1765 2684 episco-

207 2683 253 2718 35
268 2694 355 2729 pus,
389 2689 429 2720 et
455 2685 548 2721 Ibas
575 2685 784 2721 Edesenus
811 2686 877 2721 alii
903 2687 1077 2732 iratique
1102 2697 1252 2732 magno
1281 2686 1440 2732 Cyrillo,
1466 2689 1512 2721 ut
1538 2689 1763 2722 ceterorum

268 2732 450 2777 principi,
491 2733 601 2778 quod
633 2734 660 2768 ii
694 2734 762 2779 qui
793 2733 964 2769 aderant
994 2734 1035 2768 in
1062 2734 1231 2769 concilio
1259 2744 1399 2769 eorum
1426 2744 1590 2779 quoque
1615 2734 1764 2770 adven-

207 2778 253 2813 36
267 2782 352 2814 tum
378 2790 458 2815 non
487 2784 784 2826 exspectaram,
823 2781 1050 2817 Nestorium
1083 2784 1278 2816 remotum
1309 2782 1602 2817 incusaverunt
1627 2781 1765 2826 illique

268 2827 474 2872 astipulati
502 2828 684 2863 divinum
704 2827 896 2873 CyrilIum
923 2831 961 2864 et
978 2828 1230 2864 Memnonem
1252 2829 1468 2874 Ephesium
1494 2829 1764 2864 removendos

208 2873 253 2910 37
271 2884 358 2909 csse
397 2874 676 2912 decreverunt.
729 2876 1010 2913 Theodoretus
1045 2877 1165 2912 etiam
1201 2880 1239 2912 et
1275 2879 1417 2912 contra
1450 2876 1663 2920 duodecim
1697 2876 1764 2912 illa
