2054 3282
422 235 707 282 MICHAELIS
733 241 1019 283 OPINIONES.
1069 241 1287 281 ΤΗΟΜΑΕ
1313 241 1534 280 SEDITIO.
1655 241 1726 279 339

184 383 190 388 ·
233 367 345 410 ὸεων
375 366 718 422 ᾶρχιερατεύοντα
748 365 821 409 τὸν
847 365 1072 421 Εὗθύμιον
1102 365 1245 421 ἕξορίᾳ
1273 364 1528 420 παρέπεμψε
1560 363 1627 406 διὰ
1658 363 1733 419 τὴν

232 439 319 477 τῶν
350 435 483 490 ἁγίων
513 435 691 478 εἰκόνων
720 435 855 490 τιμήν.
917 434 1000 477 εἶτα
1030 433 1102 476 τὸν
1121 434 1200 489 μὲν
1220 433 1442 476 Μεθόδιον
1463 433 1734 488 καθείργνυσι
1749 437 1794 473 19

233 503 340 546 κατὰ
377 503 449 546 τὸν
473 504 684 558 Ἀκρίταν·
728 502 800 545 τὸν
837 503 1030 558 ἀοίδιμον
1067 499 1104 544 δ’
1137 502 1363 558 Εὗθύμιον
1391 505 1642 557 μαρτυρικῷ
1671 518 1733 544 τε-

233 572 339 614 λειοῒ
362 573 553 627 θανάτῳ,
586 573 774 628 ἀφειδῶς
802 571 1107 628 μαστιζόμενον
1139 570 1206 613 διὰ
1237 574 1312 613 τοῦ
1342 571 1437 613 υἱοῦ
1469 571 1599 613 αὐτοῦ
1626 569 1733 613 Θεο-

198 641 371 695 5φίλου.
433 641 583 696 ἐζήλου
616 639 654 683 δ’
688 642 732 683 ἔν
759 642 888 683 ἅπασι
908 640 980 683 τὸν
1001 639 1304 695 Κοπρώνυμον
1323 639 1394 682 καὶ
1415 643 1499 686 τοῖς
1513 638 1734 687 Ἰουδαίοις
1747 643 1795 679 20

234 710 478 764 προσέκειτο
508 709 558 751 τά
588 726 631 752 τε
662 710 852 765 σάββατα
883 709 1091 764 νηστεύειν
1120 709 1378 763 προσέταττε.
1439 712 1490 763 τῇ
1517 708 1734 750 ἀναστάσει
1747 712 1792 747 21

12 769 51 834 [ἶ
79 783 138 820 111
150 783 224 820 392
234 793 278 819 τε
308 778 494 820 ἀπιστῶν
526 777 756 827 διετώθαζε
791 777 840 819 τὰ
876 777 1076 832 μέλλοντα
1109 776 1253 831 ἀγαθὰ
1285 776 1355 818 καὶ
1385 775 1483 823 τοὺς
1511 777 1735 832 προφήτας

237 846 400 901 διέσυρε
419 845 502 889 ,καὶ
534 846 738 901 δαίμονας
769 846 849 888 οὐκ
881 845 982 888 εἶναι
1015 845 1317 900 διεβεβαιοῦτο·
1353 845 1551 899 πορνείαν
1582 861 1623 887 τε
1655 846 1734 900 οὗχ

236 915 465 970 ἁμάρτημα
507 916 638 970 ἥγητο
681 914 753 956 καὶ
789 914 862 956 τὸν
902 914 968 956 ε’πὶ
1005 917 1106 955 πᾶσι
1135 912 1240 956 θεὸν
1271 913 1438 968 ὀμνύειν
1471 913 1732 956 διεκελεύετο.

176 988 223 1024 10
234 987 296 1038 τῷ
326 999 368 1025 τε
393 983 534 1038 Ἰούδᾳ
565 983 777 1038 σωτηρίαν
808 983 1038 1038 ἒπεφήμιζε
1068 981 1139 1024 καὶ
1169 981 1216 1023 τὸ
1246 982 1387 1036 πάσχα
1421 982 1472 1023 οὗ
1503 982 1610 1024 κατὰ
1640 998 1732 1024 και-
1747 985 1794 1021 22
1816 986 1848 1021 Β

234 1051 313 1106 ρὸν
342 1052 615 1107 ἑορτάζεσθαι
646 1051 903 1107 ἓδογμάτιζε.
964 1054 1091 1092 ταῦτα
1121 1050 1200 1104 μὲν
1231 1048 1308 1092 οὗν
1339 1050 1386 1091 ἐκ
1417 1051 1586 1092 πολλῶν
1617 1051 1732 1106 ὀλίγα
1746 1055 1793 1091 23

234 1125 306 1176 τῆς
337 1121 497 1163 ἐκείνου
529 1120 680 1166 κακίας
711 1121 737 1175 ἢ
770 1119 842 1162 καὶ
873 1119 1017 1166 ἀνοίας
1048 1119 1316 1174 γνωρίσματα
1349 1119 1694 1174 ξυγγεγράφαται.

349 1188 403 1231 Ὁ
433 1188 479 1230 δὲ
509 1189 634 1243 λόγος
664 1188 712 1230 τὰ
743 1188 831 1230 τότε
862 1187 1158 1243 ξυμβεβηκότα
1192 1186 1344 1229 διδότω
1380 1191 1430 1242 τῇ
1467 1188 1640 1243 ἱστορίᾳ·
1683 1187 1731 1229 τὰ
1746 1193 1792 1228 24

236 1256 274 1299 δ’
307 1256 414 1312 ἦσαν
445 1257 638 1312 ἐμφύλιοι
668 1257 857 1311 πόλεμοι.
920 1256 944 1298 ὁ
977 1256 1022 1298 δὲ
1052 1256 1214 1298 τούτων
1244 1255 1456 1310 κατάρξας
1477 1255 1640 1311 Θωμᾶς
1664 1255 1730 1311 ἦν,
1745 1261 1792 1297 25

175 1330 221 1366 15
234 1323 292 1371 εἷς
327 1328 414 1367 τῶν
451 1328 579 1379 τριῶν
615 1325 835 1380 τυγχάνων
871 1324 1055 1379 ἀνδρῶν,
1098 1323 1194 1378 περὶ
1224 1322 1288 1366 ὧν
1318 1324 1362 1365 ἒν
1392 1329 1454 1378 τῷ
1490 1324 1732 1379 Φιλομηλίῳ

233 1392 422 1447 μοναχὸς
459 1399 522 1448 τῷ
560 1392 791 1449 Βαρδανίῳ
829 1394 1046 1448 προέφησε
1082 1391 1180 1438 τοὺς
1216 1392 1294 1446 μὲν
1339 1392 1417 1434 δύο
1461 1392 1733 1447 ἐπιβήσεσθαι

231 1521 256 1557 5
279 1523 330 1557 ὅτι
356 1522 417 1558 καὶ
442 1522 542 1562 οὗτος
567 1522 647 1562 τοὺς
671 1522 740 1568 πρὸ
764 1522 872 1558 αὐτοῦ
896 1522 1092 1568 ἐμιμήσατο
1118 1520 1181 1558 GE
1319 1522 1341 1557 6
1366 1522 1431 1557 ὅσα
1456 1522 1477 1556 ὅ
1498 1523 1732 1568 ματαιόφρων

0 1506 35 1747 ἱ
231 1569 379 1617 Μιχαὴλ
404 1570 547 1616 ἐφρόνει
575 1570 638 1607 ΟΕ
737 1571 782 1606 13
806 1570 887 1616 περὶ
912 1575 973 1616 τῆς
1000 1575 1061 1606 τοῦ
1091 1570 1206 1615 Θωμᾶ
1232 1570 1435 1615 τυραννίδος
1462 1569 1525 1606 CE

0 1743 18 1763 *a

305 1689 323 1724 1
350 1689 664 1735 ἀρχιερατεύσαντα
680 1689 777 1737 pr
875 1689 934 1726 τὸν
953 1701 1028 1726 om.
1042 1689 1173 1735 BEwp
1273 1690 1291 1725 1
1318 1690 1435 1735 ἑξορίᾳ
1450 1709 1494 1715 -
1508 1689 1531 1725 3
1555 1689 1730 1734 εὐθύμων

304 1747 380 1773 om.
407 1737 439 1773 O
536 1749 574 1784 p.
599 1738 681 1783 338,
702 1738 746 1773 13
770 1738 980 1784 ὄρθοδόξων
1003 1738 1165 1783 ἐχώρησε
1179 1757 1222 1763 -
1237 1738 1260 1774 3
1285 1737 1344 1773 τὸν
1368 1738 1530 1783 ἀοίδιμον
1555 1737 1729 1782 εὐθύμιον

303 1784 343 1820 δὲ
365 1792 578 1831 μαρτυρικῴ
604 1785 696 1822 add.
723 1785 792 1824 Dw
943 1786 966 1822 3
991 1786 1163 1831 εὖθύμιον
1187 1785 1227 1821 δὲ
1252 1785 1348 1832 Ewp
1493 1785 1615 1821 τελεΐοι
1643 1785 1726 1832 w*p

302 1833 439 1868 invitis
462 1832 534 1868 AR
665 1833 688 1869 6
711 1835 920 1879 προςέταξεν
945 1833 988 1876 E,
1013 1834 1201 1879 προςέταξε
1226 1844 1289 1880 wp
1425 1834 1446 1869 7
1472 1834 1664 1869 ὅιαπιστῶν
1691 1833 1727 1868 D

0 1887 22 1928 ξ,
350 1880 507 1922 ἒτώθαζε
532 1881 568 1916 D
677 1882 700 1917 8
724 1882 963 1929 διεβεβαιοῦτο
987 1881 1038 1928 μὴ
1066 1881 1151 1917 εἶναι
1179 1881 1210 1917 O
1321 1882 1367 1917 10
1390 1895 1425 1916 τε
1451 1882 1552 1917 ἰούδα
1577 1880 1725 1926 AOEw),

0 1922 20 1967 ἷζε
302 1927 404 1964 ἰούδα
421 1942 456 1963 τε
475 1927 519 1972 O,
546 1928 586 1964 δὲ
602 1929 710 1975 Ιούδᾳ
736 1940 762 1976 p
861 1934 955 1965 ante
973 1930 1150 1975 σωτηρίαν
1177 1929 1268 1964 add.
1295 1929 1357 1975 τὴν
1375 1929 1411 1964 D
1511 1930 1553 1964 11
1580 1929 1727 1974 ἀπισχυ-

9 1974 12 1978 ’
301 1976 415 2021 ρίζετο
439 1976 666 2021 ἑορτάζεσθαι
693 1976 726 2013 Ο
825 1978 870 2012 12
893 1977 1033 2023 ἀγνοίας
1052 1977 1083 2012 Β
1181 1978 1452 2023 ξυγγεγράφεται
1470 1977 1501 2012 Ε
1601 1978 1645 2013 15
1671 1991 1727 2023 qn-

300 2023 460 2069 λομηλίω
487 2023 523 2059 Α
552 2035 654 2060 corr.
681 2035 733 2060 ex
759 2025 962 2070 φιλομιλίω,
989 2024 1179 2070 φιλομιλίῳ
1206 2024 1317 2071 pr,
1344 2036 1381 2060 V.
1409 2025 1461 2060 ad
1487 2024 1559 2062 XV
1586 2025 1643 2068 19,
1668 2024 1692 2059 4

302 2071 349 2106 16
374 2076 423 2107 τῶ
446 2072 629 2118 βαρδανίω
656 2070 736 2117 AE,
764 2083 839 2109 om.
866 2071 909 2117 O,
936 2078 986 2118 τῷ
1011 2073 1173 2118 βαρδάνῃ
1201 2083 1276 2118 wp,
1303 2083 1339 2108 v.
1367 2073 1419 2108 ad
1447 2073 1468 2108 l.
1488 2083 1521 2108 e.
1548 2077 1587 2108 et
1612 2072 1726 2108 Cedr.

0 2125 22 2161 {⁸⁵³
301 2117 493 2165 (Seylitz.)
520 2119 557 2154 II
584 2130 620 2166 p.
647 2119 704 2164 75,
732 2120 777 2155 18
872 2120 1076 2166 προέφησεν
1101 2119 1208 2155 AEW
1239 2118 1306 2165 Di,
1337 2131 1439 2156 corr.
1461 2121 1574 2157 B-W
1595 2121 1646 2165 (v.
1674 2120 1727 2155 ad

0 2156 22 2220 ξ
300 2165 398 2202 XIII
417 2166 448 2211 1,
463 2166 512 2213 5),
536 2169 797 2213 προηγόρευσεν
823 2167 854 2203 Ο
954 2170 1050 2204 ante
1075 2167 1156 2207 τοὺς
1181 2178 1206 2203 a
1238 2168 1274 2203 d.
1301 2168 1351 2208 ὥς
1377 2169 1452 2204 ἅνω
1476 2182 1545 2204 που
1573 2167 1636 2213 [cf.
1655 2167 1727 2204 XV

0 2222 15 2245 '‘5ss
302 2214 358 2259 19,
383 2213 421 2260 4]
447 2215 582 2261 εἴρηται
606 2214 706 2261 pr

229 2351 408 2388 scopum,
430 2342 481 2379 ob
501 2346 732 2378 sanctarum
751 2343 973 2389 imaginum
994 2344 1145 2379 cultum
1165 2343 1205 2379 in
1224 2344 1387 2379 exilium
1406 2344 1522 2380 misit.
1572 2343 1730 2380 Deinde
1746 2345 1790 2382 19

228 2389 475 2426 Methodium
502 2390 542 2426 in
569 2389 708 2426 Acrita
738 2391 909 2435 inclusit,
948 2392 1143 2427 inclutum
1175 2401 1273 2427 vero
1300 2391 1559 2438 Euthymium
1594 2402 1619 2427 a
1650 2392 1729 2428 filio

230 2447 304 2473 suo
319 2437 541 2484 Theophilo
559 2438 776 2474 crudeliter
791 2439 930 2485 flagris
945 2449 1107 2474 caesum
1126 2440 1165 2474 in
1185 2443 1408 2484 martyrum
1426 2449 1639 2475 numerum
1654 2444 1730 2475 ret·

230 2485 332 2521 tulit.
370 2484 670 2532 Copronymum
697 2486 883 2522 omnibus
909 2487 950 2521 in
976 2487 1099 2523 rebus
1125 2488 1286 2522 imitans
1305 2490 1345 2522 et
1363 2487 1525 2523 Iudaeis
1543 2486 1790 2525 addictus2o

0 2323 18 2430 smum-*¹

231 2543 303 2579 per
316 2533 489 2569 sabbata
502 2534 673 2569 ieiunari
689 2534 867 2570 iubebat.
909 2534 1259 2570 Resurrectionem
1278 2538 1529 2570 mortuorum
1547 2545 1627 2570 non
1648 2545 1729 2571 cre·
1743 2537 1787 2572 21

231 2580 354 2617 debat
368 2590 499 2627 eoque
513 2582 652 2617 futura
666 2582 774 2617 bona
787 2582 1006 2628 sugillabat
1022 2587 1060 2618 et
1079 2582 1296 2628 prophetas
1312 2582 1507 2618 irridebat
1521 2587 1560 2618 et
1571 2582 1730 2618 daemo-

231 2638 303 2664 nes
316 2638 404 2664 esse
422 2629 694 2675 pernegabat,
713 2630 881 2665 scortari
901 2634 1110 2675 peceatum
1131 2640 1213 2666 non
1232 2630 1408 2665 ducebat
1426 2633 1466 2666 et
1484 2629 1534 2666 de
1553 2629 1642 2675 deo,
1661 2631 1728 2676 qui

231 2685 356 2722 supra
383 2677 517 2712 omnin.
543 2680 614 2721 est,
654 2677 826 2713 iurando
857 2678 1059 2713 monebat.
1110 2677 1237 2713 Iudae
1263 2678 1432 2713 salutem
1461 2678 1790 2723 01ninabatur‚22

233 2723 383 2769 pascha
396 2724 527 2759 alieno
543 2727 723 2770 tempore
738 2725 931 2760 celebrari
947 2724 1183 2760 affirmabat.
1212 2725 1325 2761 Haec
1339 2735 1471 2771 pauca
1484 2736 1506 2761 e
1518 2725 1651 2761 multis
1662 2726 1729 2761 im·
1742 2727 1789 2763 23

232 2771 443 2817 probitatis
469 2781 517 2807 ac
543 2773 678 2818 potius
704 2772 931 2808 dementiae
959 2773 1063 2808 illius
1090 2772 1239 2808 indicia
1265 2773 1559 2809 conscribenda
1577 2774 1728 2809 censui.

350 2817 467 2855 Nunc
491 2829 588 2855 vero
616 2820 744 2856 oratio
771 2820 823 2856 ad
850 2831 914 2855 res
940 2825 1076 2866 gestas
1103 2825 1141 2856 et
1168 2820 1273 2856 bella
1300 2821 1425 2856 multa,
1451 2821 1608 2856 illorum
1635 2824 1729 2856 tom·
1742 2822 1790 2858 24

233 2875 375 2912 porum
395 2866 692 2913 progrediatur.
726 2867 912 2913 Thomas,
939 2878 1044 2903 unus
1064 2868 1114 2903 de
1132 2868 1260 2904 tribus
1279 2868 1353 2903 illis
1373 2868 1610 2914 hominibu8‚
1625 2869 1730 2905 inter
1742 2870 1789 2906 25

233 2922 335 2961 quos
353 2913 664 2951 Philomelianus
689 2915 755 2951 ille
779 2916 1001 2952 monachus
1021 2915 1223 2951 Bardanio
1251 2917 1495 2952 vaticinatus
1516 2920 1603 2952 erat
1626 2917 1729 2956 duos
