2020 3230
381 246 451 284 884

430 378 539 401 oram
572 367 810 401 maritimam
843 365 1091 410 praedantur

428 415 509 459 404,
527 415 580 449 11.
624 415 698 449 sub
726 424 773 448 eo
801 418 933 448 terrae
959 417 1090 447 motus

428 463 572 506 404,13.
601 463 715 506 ignes
730 461 909 503 instituti,
926 471 976 495 ne
986 459 1090 504 Aga-

428 511 515 545 reni
542 510 770 554 provincias
798 508 847 542 de
874 509 1089 552 improviso

429 557 763 603 aggrederentur,
789 556 839 589 ab
868 565 915 590 eo
943 555 1090 589 sublati

428 606 508 648 405,
527 604 675 647 1—406,
690 604 722 638 3.
751 603 886 637 odium
914 603 1090 637 omnium

429 653 503 688 sibi
546 651 732 686 conciliat
771 649 1018 694 406,4—407,
1035 650 1089 684 12.

428 700 616 734 Basilium
644 699 741 733 facit
762 700 1091 743 protostratorem

427 748 508 790 411,
531 746 682 789 4-412,
698 746 730 780 7.
782 745 954 780 eundem
995 746 1091 779 facit

429 794 721 830 cubicularium
739 793 821 837 412,
836 793 963 827 8—16.
997 792 1090 826 Bar-

430 843 505 877 dae
533 842 814 876 auctoritatem
840 841 984 874 minuit
1009 840 1090 884 413,

428 891 460 925 7.
488 889 751 934 proficiscitur
779 892 919 923 contra
940 887 1091 933 Agare-

427 948 501 972 nos
528 937 737 972 Cretenses
768 935 894 979 413,1.
917 935 1091 979 13—414,

429 985 483 1019 15.
499 984 689 1019 Basilium
702 983 880 1018 Eudocia
891 983 1091 1028 desponsa

427 1033 524 1067 facit
538 1041 675 1076 regem
689 1031 770 1075 414,
787 1030 999 1074 16—415,5.
1026 1041 1092 1066 ne-

429 1083 544 1115 catur
557 1078 800 1123 415,6—417,
811 1079 843 1114 9.
870 1078 997 1122 432,1.
1024 1079 1091 1113 hu-

427 1130 559 1162 matur
576 1126 823 1171 417,11—15.
847 1126 975 1170 441,1.
1005 1127 1091 1161 eius

427 1175 746 1258 11151111

429 1271 543 1305 ciliae
586 1280 680 1315 pars
722 1271 761 1304 et
803 1270 907 1303 aliae
948 1273 1091 1314 gentes

427 1319 529 1353 fiunt
570 1317 962 1362 Carthaginiensium
1010 1317 1091 1361 424,

381 1433 422 1437 —
451 1413 483 1449 5.
511 1412 761 1448 Constantini
775 1412 916 1447 Ducae
931 1415 1090 1458 patrue-

428 1461 474 1495 lis
499 1460 559 1494 111
584 1459 736 1504 459,15.

382 1529 425 1534 —
451 1509 485 1544 6.
512 1508 786 1553 Christophori
812 1508 837 1542 s.
857 1518 880 1542 a
900 1506 1090 1543 Constan-

428 1557 511 1591 tino
538 1555 624 1590 VII.
650 1558 791 1590 tonsus
817 1554 875 1589 III
901 1555 1053 1599 482,16.

381 1623 422 1629 -
452 1603 484 1640 7.
510 1604 531 1637 ὁ
548 1603 731 1647 Βούρτζης
749 1601 1002 1637 Antiochiam
1030 1613 1090 1637 ea-

429 1652 486 1696 pit
510 1650 571 1684 III
605 1650 948 1694 508,13-—510,14.
1000 1660 1090 1685 cum

428 1699 516 1734 aliis
547 1698 817 1743 Nicephorum
854 1700 973 1733 necat
1010 1697 1090 1742 517,

429 1745 603 1790 14—519,
632 1745 665 1780 4.
724 1744 850 1780 Scleri
892 1746 1024 1780 socius
1067 1755 1090 1779 a

427 1793 565 1829 Leone
591 1793 722 1828 victus
747 1792 827 1836 542,
844 1792 898 1828 14.

381 1861 425 1866 —
451 1842 483 1876 8.
511 1840 574 1875 IV.
601 1840 811 1885 Paphlago
838 1840 955 1875 aZoe'
981 1851 1090 1875 ama-

428 1892 494 1924 tur
519 1887 578 1922 III
609 1887 855 1931 582,6-584,
874 1889 928 1923 10.
973 1889 1090 1933 epile-

429 1937 558 1981 pticus
576 1935 728 1979 583,17.
753 1935 912 1979 ,587,15.
963 1947 986 1970 a
1013 1936 1091 1971 Zoe

427 1985 645 2028 imperator
663 1983 706 2018 fit
730 1984 898 2028 eiusque
924 1985 1091 2018 maritus

427 2030 698 2075 585,11—586,
718 2031 772 2066 11.
823 2031 930 2065 Zoen
970 2031 1092 2066 habet

429 2082 657 2124 suspectam
682 2078 953 2121 586,14—587,
969 2079 1001 2114 6.
1027 2089 1092 2114 res

428 2126 550 2161 tradit
576 2125 718 2161 Ioanni
745 2126 872 2170 588,1.
901 2126 1091 2162 Constan-

428 2175 556 2208 tinum
595 2173 861 2209 Dalassenum
907 2175 949 2208 in
991 2176 1092 2210 urbe

430 2221 580 2267 degere
605 2221 716 2256 iubet
741 2221 965 2266 588,3-12.
1016 2223 1091 2257 sub

429 2278 476 2303 eo
500 2268 680 2314 Agareni
706 2268 819 2314 Myra
854 2270 1019 2314 capiunt
1054 2273 1093 2305 et

428 2316 632 2351 Patzinaci
670 2316 769 2351 fines
807 2320 970 2351 vastant
1011 2317 1091 2361 589,

429 2364 485 2397 11.
512 2362 864 2409 AgareniAsricae
880 2367 918 2399 et
933 2362 1092 2400 Siciliae

429 2411 503 2446 sub
531 2421 578 2446 eo
611 2411 707 2446 victi
738 2411 890 2456 589,16.
941 2413 1016 2447 sub
1043 2423 1090 2448 eo

428 2458 677 2502 Pancratius,
699 2459 918 2501 Patzinaci,
936 2458 1092 2495 Arabes

428 2509 591 2541 vastant
617 2506 716 2541 fines
743 2506 823 2549 590,
840 2507 965 2542 1—12.
994 2507 1092 2543 Con-

429 2554 647 2588 stantinum
682 2557 792 2589 creat
830 2554 1092 2590 domesticum

430 2601 682 2635 orientalium
720 2601 926 2647 legionum
964 2602 1044 2646 590,
1059 2603 1091 2638 8.

430 2658 520 2682 cum
558 2647 714 2684 Ameris
752 2649 877 2684 vidua
914 2650 1091 2685 indutias

429 2696 527 2730 facit
559 2695 711 2739 590,13.
768 2697 843 2731 sub
883 2707 929 2732 eo
957 2696 1092 2733 Sicilia

430 2745 549 2788 capta
592 2743 671 2788 590,
701 2743 873 2788 16—591,
904 2745 957 2779 11.
1014 2746 1090 2780 sub

430 2800 477 2824 eo
508 2789 642 2825 Sicilia
680 2794 840 2836 praeter
867 2791 1091 2827 Messanam

430 2838 575 2872 amissa
589 2837 668 2881 593,
685 2838 740 2873 15.
765 2838 928 2874 Ioannis
944 2839 1090 2875 fratres

431 2884 514 2918 odit
539 2884 690 2928 595,15.
742 2886 828 2920 eius
859 2887 998 2922 morbo
1031 2888 1090 2922 in-

429 2931 658 2967 valescente
666 2932 835 2968 Micha'el
850 2933 1090 2979 Calaphates

1048 244 1192 291 ]ἱΙιχαήλ
1199 272 1207 281 .

1211 365 1253 399 fit
1280 363 1428 399 Caesar
1453 363 1874 408 596,1-598,8.Β111-

1210 412 1367 455 gariam
1394 415 1609 456 leeuperat
1627 391 1707 456 600,
1721 412 1788 447 9-
1792 413 1873 457 603,

1210 439 1266 493 16.
1320 459 1542 494 monachus
1577 460 1661 494 obit
1685 460 1874 504 603,17—

1209 507 1290 549 605,
1305 507 1335 541 2.
1365 507 1451 541 eius
1471 508 1587 551 regni
1605 508 1778 552 spatium
1793 507 1874 553 605,

1209 554 1242 589 2.
1270 574 1313 578 —
1342 554 1400 588 III
1426 554 1576 598 615,10.
1604 554 1683 599 624,
1698 555 1730 590 3.

1162 621 1206 625 —-
1233 602 1266 636 9.
1293 601 1336 637 V.
1375 603 1395 636 ό
1420 602 1633 647 Καλαφάτης
1658 602 1809 638 Mariae
1849 604 1873 638 f.

1209 649 1267 683 III
1293 649 1444 693 594,17.
1497 659 1522 683 a
1548 649 1626 685 Zoe
1658 650 1874 696 adoptatus

1210 698 1253 731 fit
1279 696 1427 732 Caesar
1452 697 1532 740 597,
1553 697 1574 732 6
1589 697 1704 742 -598,
1721 699 1754 733 8.
1793 698 1874 740 605,

1210 744 1338 779 6—12.
1387 755 1458 789 per
1488 744 1681 780 Ioannem
1719 745 1763 780 fit
1800 756 1874 781 rex

1210 792 1289 836 605,
1305 792 1455 836 5—606,
1471 792 1503 827 9.
1540 793 1626 827 eius
1653 797 1767 838 pater
1793 793 1874 837 606,

1210 840 1243 875 5.
1286 841 1372 875 eius
1399 844 1545 875 natura
1572 843 1611 875 et
1635 851 1767 876 mores
1793 841 1874 886 606,

1210 887 1338 923 9—17.
1381 887 1575 922 Ioannem
1602 889 1767 934 expellit
1792 889 1874 931 606,

1211 935 1385 979 17—608,
1403 935 1456 970 15.
1505 936 1635 971 saevit
1660 937 1701 970 in
1728 946 1875 982 cogna-

1210 987 1271 1018 tos
1297 983 1448 1027 608,15.
1483 983 1638 1029 relegat
1661 983 1768 1019 Zoen
1793 984 1874 1028 609,

1210 1030 1337 1066 3-14.
1378 1031 1546 1066 eandem
1573 1031 1729 1067 reducit
1754 1031 1873 1076 610,1

1211 1079 1337 1122 —611,
1353 1078 1386 1113 5.
1413 1078 1628 1113 Theodora
1646 1080 1790 1125 regina
1816 1089 1875 1115 sa-

1211 1127 1338 1161 lutata
1354 1136 1444 1160 cum
1460 1125 1723 1162 Constantino
1739 1137 1874 1162 caeca-

1210 1177 1275 1208 tur
1301 1173 1547 1218 611,5-612,
1564 1174 1619 1209 17.
1669 1174 1875 1220 relegatur

1210 1222 1290 1264 613,
1307 1222 1361 1256 10.
1413 1222 1500 1256 eius
1541 1223 1658 1268 regni
1700 1223 1873 1268 spatium

1210 1270 1304 1304 ibid.
1332 1289 1375 1293 —
1402 1269 1461 1303 III
1486 1269 1565 1314 624,
1581 1269 1613 1304 3.

1163 1336 1207 1341 -
1237 1318 1292 1351 10.
1319 1317 1384 1352 VI.
1423 1317 1443 1351 ὁ
1466 1318 1724 1362 Στρατιωτικός
1749 1327 1874 1353 senex

1211 1375 1234 1399 a
1261 1365 1475 1400 Theodora
1514 1368 1674 1400 creatur
1711 1375 1784 1401 rex
1815 1365 1876 1400 III

1210 1413 1290 1455 652,
1307 1412 1479 1455 17—653,
1497 1413 1551 1447 10.
1603 1416 1809 1448 senatores
1836 1416 1875 1448 et

1210 1459 1506 1495 multitudinem
1524 1460 1702 1506 benigne
1716 1464 1872 1504 tractat,

1209 1508 1377 1542 militum
1422 1507 1545 1547 duces
1587 1513 1632 1543 ut
1673 1508 1874 1543 Isaacium

1210 1555 1470 1599 Comnenum,
1489 1554 1786 1591 Ceeaumenum
1804 1555 1875 1591 Ca-

1209 1603 1459 1638 tacalonem
1450 1603 1874 1648 ’15061665313-655,

1210 1651 1241 1686 7.
1261 1651 1494 1686 Michaclem
1503 1651 1786 1686 consobrinum
1797 1650 1876 1685 An-

1210 1698 1383 1734 tiochiae
1415 1698 1558 1733 ducem
1597 1699 1694 1733 facit
1719 1698 1873 1741 654,10.

1211 1745 1483 1781 Theodosium
1517 1746 1752 1782 seditiosum
1778 1746 1875 1782 rele-

1210 1796 1282 1838 gat
1320 1793 1400 1836 655,
1421 1794 1488 1828 9-
1493 1794 1573 1836 656,
1597 1794 1652 1828 10.
1705 1794 1875 1829 orienta-

1210 1841 1305 1875 lium
1346 1841 1469 1876 duces
1507 1842 1594 1876 sine
1631 1842 1786 1877 honore
1821 1842 1875 1876 di-

1210 1889 1329 1923 mittit
1356 1889 1435 1932 656,
1461 1889 1552 1924 11—
1556 1889 1636 1933 657,
1650 1889 1684 1923 4.
1736 1892 1874 1925 contra

1211 1946 1303 1971 eum
1330 1936 1508 1974 Isaacius
1535 1936 1763 1972 Comnenus
1802 1947 1874 1972 rex

1211 1984 1409 2019 salutatur
1441 1984 1522 2026 657,
1535 1984 1665 2020 4—15.
1715 1985 1790 2019 sub
1825 1995 1873 2020 eo

1211 2031 1438 2076 Bryennius
1472 2035 1660 2067 caecatur
1685 2031 1766 2075 657,
1782 2032 1874 2067 16-

1211 2079 1362 2123 658,16.
1390 2080 1522 2114 victus
1548 2080 1634 2125 agit
1660 2090 1751 2114 cum
1768 2079 1874 2114 Isaa-

1212 2127 1273 2162 cio
1301 2126 1505 2162 Comneno
1532 2127 1612 2171 659,
1628 2127 1801 2172 19—662,
1817 2127 1872 2163 15.

1211 2184 1340 2220 regno
1368 2175 1518 2210 excidit
1532 2174 1612 2219 662,
1628 2174 1802 2218 16—-665,
1817 2175 1872 2210 17.

1211 2223 1297 2257 eius
1339 2223 1456 2266 regni
1498 2223 1671 2268 spatium
1715 2222 1796 2267 665,
1817 2222 1873 2258 18.

1212 2270 1296 2305 obit
1321 2270 1416 2304 ibid.

1164 2337 1207 2342 —-
1236 2318 1291 2352 11.
1317 2318 1337 2352 ὁ
1366 2318 1524 2362 Οὐρανός
1550 2328 1574 2352 a
1599 2317 1793 2352 Michaele
1807 2317 1873 2353 VI.

1212 2365 1342 2447 {igetus
1360 2364 1599 2400 Antiochiae
1618 2365 1702 2400 dux
1719 2364 1778 2399 III
1793 2365 1873 2410 654,

1163 2479 1208 2484 —
1236 2460 1290 2495 12.
1328 2460 1356 2495 I.
1390 2461 1411 2494 ὁ
1433 2461 1676 2505 Κηρουλάριος
1701 2459 1873 2506 Cpolita-

1210 2518 1287 2543 nus
1314 2508 1544 2553 patriarcha
1559 2508 1616 2543 III
1635 2507 1716 2551 624,
1732 2508 1766 2543 9.
1792 2508 1873 2553 665,

1209 2555 1241 2590 4.
1270 2556 1351 2598 666,
1370 2555 1496 2591 7-14,
1523 2556 1602 2599 668,
1619 2555 1792 2600 13—-670,
1806 2555 1839 2590 4.

1165 2622 1208 2627 -
1235 2603 1290 2637 13.
1331 2604 1351 2637 ὁ
1380 2603 1507 2641 Ψελλός
1544 2603 1873 2649 philosophorum

1211 2651 1410 2696 princeps,
1428 2651 1626 2695 ὑπέρημος,
1644 2650 1802 2695 legatus
1821 2650 1874 2684 ad

1210 2698 1410 2733 Isaaeium
1437 2698 1684 2734 Comnenum
1710 2697 1769 2732 III
1791 2697 1872 2741 661,

1210 2745 1243 2779 2.
1269 2745 1433 2780 Ioannis
1451 2745 1592 2780 Ducae
1611 2745 1773 2790 amicus,
1799 2745 1874 2779 Ro-

1209 2794 1318 2828 mani
1336 2793 1399 2829 IV.
1426 2794 1550 2828 hostis
1577 2793 1655 2836 704,
1671 2792 1703 2827 2.
1720 2793 1776 2827 11.
1806 2792 1873 2826 Mi-

1211 2840 1359 2876 chaelis
1392 2840 1476 2876 VII.
1514 2841 1708 2886 magister
1745 2840 1824 2885 708,
1839 2839 1872 2875 9.

1209 2887 1289 2931 714,
1308 2888 1360 2923 11.
1389 2899 1425 2922 v.
1444 2888 1524 2923 ind.
1544 2891 1647 2923 auct.

1163 2953 1206 2959 —
1235 2935 1290 2970 14.
1317 2935 1401 2971 VII.
1429 2934 1678 2971 Constantini
1698 2935 1746 2970 X.
1772 2934 1872 2970 f.111
