2054 3282
315 236 386 273 472
703 234 886 273 ZONAR.
913 235 1043 272 EPlT.
1070 235 1162 272 XVI
1189 236 1244 281 18,
1273 235 1423 272 12—-23.

315 362 376 412 τῷ
412 357 547 412 στόλῳ
591 357 777 412 ἄφίκετο,
821 357 846 398 ὁ
879 357 925 399 δέ
964 373 1009 411 γε
1039 356 1225 412 Συμεὼν
1261 357 1365 412 μετὰ
1401 361 1473 413 τῆς
1512 358 1666 405 οἰκείας
1701 374 1809 412 παρ-

101 430 301 467 P11189A
314 427 473 480 εγένετο
505 429 708 479 στρατιᾶς,
740 425 811 466 καὶ
837 425 1069 480 ὡμίλησαν·
1102 425 1173 467 καὶ
1204 426 1228 467 ὁ
1259 425 1450 480 βασιλεὺς
1478 426 1812 480 μεγαλοπρεπῶς

258 501 302 536 13
314 499 376 548 τῷ
395 494 581 549 Συμεὼν
603 494 860 548 ἐδωρήσατο.
922 493 1156 547 ἄσύμβατοι
1189 493 1234 535 δὲ
1266 490 1336 534 ἀπ’
1361 494 1552 548 ἀλλήλων
1584 494 1810 548 διέστησαν,
1826 501 1860 536 D
1879 501 1932 537 IV
1946 501 1993 536 60

257 563 339 604 14ὃ
371 562 442 604 καὶ
474 561 577 608 δυὰς
608 562 728 610 ἔδοξε
760 561 944 616 δηλῶσαι
982 562 1126 602 ἀετῶν.
1188 561 1292 615 φασὶ
1335 561 1414 616 γὰρ
1458 562 1628 604 ἄνωθεν
1671 562 1812 604 αὐτῶν

316 631 531 685 διαπτῆναι
567 631 740 676 τούτους
778 630 849 672 καὶ
887 630 1078 685 ἀλλήλοις
1114 631 1314 684 συμμίξαι
1356 628 1459 684 μετὰ
1502 630 1697 685 κλαγγῆς,
1742 627 1848 672 εἷτ’5

108 705 302 742 W111152
315 699 444 745 εὐθὺς
476 699 686 753 διαστῆναι
723 699 929 754 ἀλλήλων,
973 702 1047 739 τοῦ
1078 697 1156 752 μὲν
1187 697 1253 740 ἐπὶ
1283 698 1357 753 τὴν
1387 698 1506 740 πόλιν
1538 698 1811 747 ἀποπτάντος,

315 771 387 809 τοῦ
421 767 458 809 δ’
492 767 557 808 ἐπὶ
594 766 771 822 Θρᾴκην
801 767 1045 822 κινήσαντος
1075 766 1121 808 τὸ
1151 766 1316 821 πτερόν.

258 843 302 878 15
430 835 483 877 Ὁ
512 835 704 891 βασιλεὺς
726 834 770 876 δὲ
788 834 1006 889 Ῥωμανός
1038 835 1425 889 ἀπληστευσάμενος
1457 835 1522 877 ἐπὶ
1552 840 1601 890 τῇ
1632 840 1704 891 τῆς
1734 837 1812 891 βα-

316 903 465 950 σιλείας
496 904 606 958 ἀρχῇ
637 904 709 946 καὶ
740 904 884 958 ὥσπερ
916 904 1232 958 ἐπιλελησμένος
1262 908 1347 946 τῶν
1379 905 1535 959 ὅρκων,
1573 907 1648 952 οὓς
1679 906 1812 960 ὠμω-

315 972 438 1026 μόκει
468 972 571 1014 καθ’
605 973 744 1027 ἱερῶν,
778 972 849 1014 καὶ
879 972 939 1027 μὴ
973 972 1238 1027 ἀρκούμενος
1270 973 1329 1014 ὅτι
1362 973 1510 1015 ἑαυτὸν
1540 973 1611 1015 καὶ
1639 973 1710 1015 τὸν
1730 977 1815 1015 τῶν
1830 973 1875 1008 10

315 1041 444 1083 υἱέων
473 1041 756 1096 πρεσβύτερον
787 1041 941 1096 ἠξίωσε
974 1041 1242 1096 διαδήματος,
1287 1041 1358 1083 καὶ
1394 1041 1492 1088 τοὺς
1529 1041 1700 1089 λοιποὺς
1737 1042 1815 1084 δύο

316 1113 402 1151 τῶν
432 1110 602 1151 παίδων
633 1110 762 1151 αὐτοῦ
793 1110 1020 1165 βασιλικῶς
1051 1110 1321 1159 τεταινίωκεν,
1354 1109 1435 1152 εἶτα
1467 1110 1539 1152 καὶ
1569 1110 1640 1152 τὸν
1671 1111 1718 1152 ἐκ
1742 1115 1815 1152 τοῦ

316 1177 618 1233 Χριστοφόρου
652 1178 875 1232 γενόμενον
914 1179 1031 1232 αὐτῷ
1067 1178 1234 1228 υἱωνόν,
1277 1179 1349 1220 καὶ
1378 1178 1452 1233 τὴν
1482 1182 1567 1221 τῶν
1593 1179 1817 1234 Ῥωμαίων

199 1248 231 1284 Β
259 1249 303 1284 16
320 1246 456 1302 ἀρχὴν
488 1246 575 1288 ἀντὶ
605 1246 813 1301 βασιλείας
844 1247 901 1293 εἰς
931 1246 1191 1301 πολυαρχίαν
1220 1248 1455 1302 μετήνεγκε.
1517 1252 1578 1302 τῷ
1598 1247 1816 1302 τελευταίῳ

319 1315 364 1357 δὲ
394 1319 480 1357 τῶν
509 1316 616 1357 υἱῶν
648 1315 777 1356 αὐτοῦ
815 1314 1104 1369 Θεοφυλάκτῳ
1135 1315 1206 1357 τὸν
1237 1315 1397 1370 ’θρόνον
1427 1315 1498 1358 τὸν
1530 1315 1817 1371 ἀρχιερατικὸν
1832 1317 1876 1353 15

317 1389 389 1439 τῆς
419 1384 632 1439 βασιλίδος
666 1387 751 1425 τῶν
788 1383 954 1425 πόλεων
989 1383 1325 1438 μνηστευόμενος
1368 1385 1560 1438 ἀπέκειρε
1602 1383 1815 1439 κληρικόν,

261 1455 304 1491 17
320 1451 386 1494 διὰ
418 1456 491 1493 τοῦ
530 1452 790 1507 πατριάρχου
829 1452 1172 1506 προχειρισθέντα
1210 1452 1281 1494 καὶ
1319 1453 1557 1507 σύγκελλον.
1619 1457 1692 1495 τοῦ
1735 1469 1815 1494 πα-

318 1521 517 1575 τριάρχου
548 1520 593 1562 δὲ
614 1520 834 1562 Μκολάου
867 1521 934 1575 ἔτη
966 1520 1230 1574 τρισκαίδεκα
1262 1520 1308 1562 τὸ
1341 1521 1534 1576 δεύτερον
1565 1526 1636 1576 τῆς
1667 1522 1816 1576 ἔκκλη-

320 1590 410 1636 σίας
440 1590 726 1644 κρατήσαντος
758 1588 827 1630 καὶ
858 1589 1149 1643 μεταθεμένου
1181 1588 1254 1644 τὴν
1281 1590 1436 1644 βιοτήν,
1468 1590 1492 1631 ὁ
1512 1590 1819 1645 μητροπολίτης

318 1731 342 1767 4
368 1732 564 1778 σημείωσαι
590 1731 622 1767 Ε
721 1731 764 1767 17
789 1730 976 1777 μετάθεσις
1002 1735 1072 1766 τῶν
1098 1730 1292 1776 ἀρχιερέων
1318 1731 1418 1773 (-έως
1443 1731 1489 1776 Ε)
1516 1731 1547 1767 Ε

393 1872 412 1907 1
440 1876 489 1916 τῷ
517 1881 593 1906 om.
620 1869 690 1905 DE
795 1870 818 1905 2
844 1873 939 1906 ante
965 1870 1147 1915 ὡμίλησαν
1175 1869 1267 1904 add.
1293 1869 1454 1915 ἀλλήλοις
1481 1869 1579 1915 pr
1684 1869 1707 1905 4
1733 1871 1818 1909 δύας

392 1918 441 1964 Ρ*
539 1918 670 1963 δηλοῦν
695 1917 725 1954 Ο
825 1918 845 1953 7
872 1917 911 1953 δὲ
936 1917 972 1952 D
1070 1918 1093 1953 8
1113 1918 1153 1953 Ὁ
1179 1927 1255 1952 om.
1274 1916 1303 1953 C
1400 1918 1422 1952 9
1447 1918 1630 1962 ὀμωμόκει
1657 1917 1816 1963 Bszp‚

392 1967 576 2011 ὄμωμόκει
602 1965 637 2000 R
735 1966 781 2000 10
805 1965 927 2001 ἑαυτὸν
944 1963 1112 2010 prDi‚
1139 1965 1274 2000 ἑαυτῶν
1292 1963 1328 1999 Α
1424 1964 1481 1999 τὸν
1499 1963 1668 2010 prDi‚
1692 1976 1766 2001 om.
1782 1965 1816 2000 A

395 2015 439 2050 13
464 2013 540 2049 υἱὸν
566 2013 597 2048 Ε
752 2013 798 2047 14
820 2014 998 2059 βασιλείας
1024 2012 1103 2057 ΑΕ,
1129 2012 1310 2058 μονάρχου
1337 2014 1543 2058 (μοναρχίας
1570 2012 1620 2054 D)
1644 2013 1818 2058 βασιλείας

393 2061 491 2107 pr
591 2061 635 2096 17
664 2061 834 2107 σύγκελον
860 2061 957 2107 Ewp

322 2204 402 2239 que
420 2192 595 2239 Symeon
614 2202 705 2228 eum
724 2192 807 2228 suis
826 2193 952 2238 copiis
978 2193 1105 2237 venit;
1133 2195 1173 2228 et
1199 2193 1303 2228 inter
1329 2202 1372 2227 se
1398 2192 1584 2227 collocuti
1611 2195 1721 2237 sunt3
1748 2191 1819 2228 sed

263 2239 308 2274 13
323 2241 509 2287 quamvis
534 2251 608 2276 rex
635 2239 826 2285 Symeoni
852 2240 1071 2286 magnifica
1095 2250 1265 2275 munera
1292 2239 1478 2283 dedisset,
1514 2240 1635 2275 rebus
1661 2239 1820 2275 inseetis

262 2286 308 2321 14
323 2289 607 2332 discesserunt,
637 2287 679 2323 id
705 2288 815 2333 quod
840 2298 915 2333 par
941 2287 1169 2333 aquilarum
1196 2287 1426 2333 sig-nificare
1452 2287 1688 2331 videbatui-3
1719 2297 1820 2332 quas

322 2347 446 2382 supra
472 2346 541 2372 eos
567 2335 759 2371 volitasse
784 2336 921 2371 ferunt
947 2339 986 2371 et
1018 2345 1109 2370 eum
1138 2335 1331 2380 clangore
1365 2336 1469 2370 inter
1503 2345 1546 2370 se
1580 2344 1820 2379 congressas

322 2385 536 2430 statimque
568 2386 809 2429 segregatas
840 2393 939 2427 esse,
979 2383 1107 2418 altera
1139 2382 1281 2418 urbem
1313 2392 1454 2418 versus
1481 2382 1654 2426 volante,
1693 2382 1820 2417 altera

323 2433 364 2467 in
390 2431 605 2466 Thraciam
634 2430 837 2466 tendente.

263 2477 308 2513 15
442 2478 531 2514 Rex
549 2478 755 2514 Romanus
773 2481 974 2524 potestate
990 2478 1108 2523 regni
1128 2488 1208 2513 non
1229 2480 1434 2513 saturatus
1460 2487 1509 2511 ae
1534 2476 1646 2512 velut
1673 2475 1820 2512 oblitus

322 2527 574 2571 sacramenti,
614 2535 693 2571 quo
730 2536 819 2561 sese
853 2526 1110 2569 astrinxerat,
1148 2535 1222 2560 suo
1255 2529 1294 2560 et
1328 2525 1396 2559 filii
1423 2527 1522 2559 natu
1547 2524 1711 2559 maximi
1739 2523 1815 2558 dia-

323 2574 483 2610 demate
507 2584 590 2609 non
616 2576 842 2618 contentus,
881 2574 1002 2609 etiam
1029 2573 1205 2618 reliquos
1232 2572 1334 2608 duos
1361 2572 1462 2607 filios
1489 2575 1528 2606 et
1553 2574 1739 2617 nepotem
1767 2581 1819 2606 ex

323 2621 610 2667 Christophoro
645 2631 796 2656 corona
829 2620 999 2664 ornavit,
1040 2620 1222 2656 Romano
1257 2620 1436 2665 imperio,
1477 2619 1586 2664 quod
1625 2619 1819 2654 haetenus

264 2667 308 2702 16
323 2679 448 2715 penes
473 2678 600 2704 unum
627 2678 714 2704 esse
741 2671 1021 2712 consueverat,
1048 2668 1089 2703 in
1106 2668 1231 2703 multa
1249 2667 1382 2712 capita
1401 2666 1626 2702 distributo.
1676 2666 1819 2702 Filium

323 2720 424 2752 natu
462 2716 669 2751 minimum
708 2715 1067 2761 Theophylaetum,
1106 2715 1171 2750 eui
1209 2715 1487 2760 pontificatum
1529 2714 1641 2749 urbis
1679 2713 1820 2758 regiae

324 2764 539 2806 ambiebat,
579 2763 749 2799 detonsa
781 2773 896 2799 coma
926 2763 1115 2798 elerieum
1141 2762 1247 2806 feeit,
1287 2773 1311 2797 a
1341 2761 1573 2807 patriarcha
1598 2760 1820 2806 syncellum

265 2810 309 2844 17
325 2821 488 2857 quoque
515 2811 783 2856 designatum.
833 2810 928 2845 Post
960 2810 1113 2845 obitum
1139 2809 1303 2853 Nieolai,
1343 2810 1411 2854 qui
1446 2810 1653 2844 restitutus
1683 2808 1820 2844 sedem

324 2869 396 2904 per
422 2869 551 2894 annos
575 2858 672 2894 XIII
703 2859 843 2902 tenuit,
876 2857 1116 2903 Stephanus,
1150 2857 1406 2903 metropolita
1432 2855 1668 2900 Amasenus,
1701 2855 1820 2901 patri-

325 2906 447 2941 archa
474 2905 710 2952 Cpolitanus
736 2910 796 2942 est
822 2905 1070 2952 designatus.
