1968 3302
378 207 697 249 MIRACVLVM.
749 206 1020 248 GIZERICVS
1045 205 1234 246 ROMAM
1258 206 1591 247 ARCESSITVR.
1669 206 1738 243 119

235 329 306 376 ὑπ’
339 333 539 390 αἰσχύνης
568 334 862 390 περιχυθέντες
891 333 1160 390 ἇπήλθοσαν·
1192 331 1296 379 τινὲς
1328 328 1366 374 δ’
1400 331 1447 374 ἐκ
1478 331 1640 374 τούτων
1667 330 1738 374 καὶ
1753 331 1797 368 16

233 401 346 458 πρὸς
374 401 422 445 τὸ
454 402 695 458 ὃρθόδοξον
724 402 1013 459 μετεβάλοντο.

354 470 473 513 Κατὰ
511 471 584 514 τὸν
621 471 711 514 τότε
749 471 904 527 χρόνον
940 471 1012 514 καὶ
1041 472 1067 527 ἡ
1100 470 1259 527 βασιλὶς
1289 469 1532 525 Πουλχερία
1563 470 1739 526 θνήσκει
1752 470 1798 508 17

233 541 420 596 εὐσεβῶς
459 557 501 583 τε
531 541 602 583 καὶ
633 541 818 588 εὐκλεῶς
848 540 920 583 καὶ
952 538 1016 583 ἐπ’
1049 540 1179 583 ἐλπίσι
1215 543 1422 596 χρησταῖς.
1484 539 1618 581 πάντα
1657 538 1737 594 γὰρ
1752 539 1798 575 18

197 609 304 652 5τὸν
339 610 520 652 πλοῦτον
556 610 684 665 αὐτῆς
717 610 891 665 διένειμε
920 611 1067 666 πένησι
1096 608 1168 652 καὶ
1197 614 1260 664 τῷ
1288 607 1398 664 πρὸς
1427 608 1601 655 τούτους
1632 609 1738 664 ἐλέῳ

231 677 304 721 τὸν
333 682 407 720 τοῦ
438 679 545 721 θεοῦ
578 679 779 734 ἐκτήσατο
811 679 936 721 ἔλεον.

356 746 697 794 Οὐαλεντινιανὸς
729 747 775 790 δὲ
802 748 827 790 ὅ
858 747 1032 802 ἀνεψιὸς
1052 747 1281 803 Ὀνωρίου,
1319 745 1371 790 οὗ
1403 747 1494 789 ἅνω
1525 762 1610 789 που
1643 747 1736 789 ἐπε·
1753 746 1797 783 19
1822 746 1854 782 Β

229 817 483 873 μνήσθημεν
505 817 567 864 ὡς
588 817 636 858 ἐκ
657 821 730 872 τῆς
751 816 937 872 ἀδελφῆς
958 818 1088 859 αὐτοῦ
1112 817 1383 872 γεννηθέντος
1398 820 1471 871 τῆς
1487 815 1735 870 Πλακιδίας,

230 885 464 940 βασιλεύων
495 885 540 927 ἐν
569 890 620 941 τῇ
650 886 912 941 πρεσβυτέρᾳ
938 886 1083 941 Ῥώμῃ
1115 886 1254 940 ἄγεται
1289 886 1346 932 εἷς
1386 889 1562 939 γυναῖκα
1592 884 1735 927 Εὔδο-

174 956 219 992 10
231 955 322 1004 ξίαν
351 954 426 1010 τὴν
456 955 586 996 παῖδα
619 958 693 997 τοῦ
725 955 823 997 νέου
857 953 1100 998 Θεοδοσίου.
1164 955 1524 1010 ε’κδεδιῃτημένως
1556 953 1602 996 δὲ
1632 954 1736 1008 βιώ-
1750 953 1798 990 20

231 1039 350 1066 σκων
380 1023 452 1066 καὶ
482 1024 670 1078 ἀσελγῶς
699 1023 774 1078 τὴν
804 1023 883 1078 μὲν
914 1024 1071 1066 οἰκείαν
1092 1023 1275 1078 γαμετὴν
1296 1024 1370 1071 εἴα,
1402 1023 1535 1064 καίτοι
1555 1022 1738 1069 κάλλους

230 1091 277 1135 εὗ
308 1094 503 1148 ἔχουσαν,
537 1093 768 1147 ἀλλοτρίαις
800 1093 846 1135 δὲ
877 1093 1195 1148 συνεφῦείρετο·
1229 1093 1430 1147 ἐκέχρητο
1463 1091 1508 1134 δὲ
1537 1091 1608 1134 καὶ
1628 1107 1735 1146 μαν-

229 1161 351 1208 τείαις
381 1161 453 1203 καὶ
485 1162 699 1217 γοητείαις.
763 1163 876 1204 οὕτω
910 1161 956 1204 δὲ
986 1162 1189 1216 βιώσκων
1221 1162 1301 1203 οὐκ
1333 1162 1513 1215 εὗαγῶς,
1546 1161 1735 1215 ἅποβιώ-
1749 1160 1794 1196 21

230 1246 319 1273 σκει
349 1230 549 1277 ἐλεεινῶς.
612 1229 811 1286 Μάξιμος
843 1230 923 1285 γὰρ
955 1230 1012 1278 εἷς
1041 1233 1128 1272 τῶν
1159 1231 1203 1272 ἒν
1233 1235 1283 1286 τῇ
1310 1230 1453 1285 Ῥώμῃ
1491 1230 1735 1284 πατρικίων,
1750 1229 1797 1265 22

172 1299 217 1336 15
230 1300 402 1354 ἔγγονος
434 1299 480 1341 δὲ
510 1304 584 1342 τοῦ
613 1300 740 1341 πάλαι
762 1300 1095 1355 τυραννήσαντος
1117 1300 1333 1354 Μαξίμου,
1366 1300 1416 1341 ὃν
1437 1299 1461 1341 ὁ
1482 1300 1616 1353 μέγας
1636 1314 1735 1340 κατ-

229 1369 462 1423 επολέμησε
484 1367 726 1422 Θεοδόσιος,
759 1369 881 1410 ἔνδον
900 1372 987 1410 τῶν
1007 1368 1228 1423 βασιλείων
1250 1367 1486 1422 γενόμενος,
1520 1368 1564 1409 έν
1595 1368 1736 1414 αὐτοῖς

228 1437 300 1479 τὸν
321 1436 662 1480 Οὐαλεντινιανὸν
683 1437 936 1492 ἀποσφάττει
963 1437 1035 1479 καὶ
1064 1441 1115 1492 τῇ
1135 1436 1326 1491 Εὗδοξίᾳ
1356 1437 1428 1491 βίᾳ
1460 1436 1735 1491 συμμίγνυται

227 1506 299 1549 καὶ
334 1511 407 1562 τῆς
445 1507 654 1561 βασιλείας
691 1510 842 1562 κρατεῖ.
905 1507 930 1562 ἡ
965 1505 1011 1548 δὲ
1041 1509 1115 1548 τοῦ
1146 1505 1306 1561 πατρὸς
1337 1506 1466 1561 αὐτῆς
1502 1504 1734 1548 Θεοδοσίου
1749 1504 1795 1541 23
1821 1504 1851 1542 C

226 1636 249 1673 3
274 1636 412 1683 τελευτὴ
439 1637 664 1683 Πουλχερίας
690 1642 749 1683 τῆς
773 1637 954 1683 βασιλίδος
981 1638 1023 1679 (τ.
1050 1637 1131 1682 βασ.
1160 1647 1234 1673 om.
1261 1635 1312 1679 A)
1339 1635 1442 1672 ACE
1608 1638 1630 1673 7
1654 1636 1734 1680 περὶ

231 1685 522 1722 Οὐαλεντινιανοῦ
548 1690 608 1720 τοῦ
637 1685 729 1730 (om.
744 1683 795 1728 A)
820 1685 972 1731 ἀνεψιοῦ
993 1685 1166 1729 Ὀνωρίου
1193 1687 1235 1727 (τ.
1261 1684 1315 1720 ἀν.
1337 1685 1407 1721 Ὀν.
1436 1694 1511 1720 om.
1539 1684 1584 1727 E)
1611 1689 1672 1720 τοῦ
1697 1684 1735 1720 ἐν

222 1733 345 1779 Ῥώμῃ
371 1733 641 1780 βασιλεύσαντος
669 1733 928 1779 (βασιλεύοντος
941 1731 990 1776 A)
1017 1731 1119 1769 ACE

301 1853 319 1888 1
348 1852 381 1888 δ’
407 1852 462 1899 ε’κ]
490 1853 568 1899 δέγε
588 1853 620 1888 Ε
718 1853 741 1889 2
764 1853 997 1900 μετεβάλοντο
1011 1851 1180 1899 prDi,
1205 1853 1457 1899 μετεβάλλοντο
1472 1851 1508 1888 Α
1605 1853 1628 1888 5
1652 1853 1733 1899 περὶ

299 1902 443 1941 τούτους
470 1900 510 1946 C,
535 1901 624 1946 πρὸς
649 1902 782 1941 τούτοις
808 1902 840 1937 Ε
939 1902 959 1937 7
986 1902 1139 1945 ὀνωριόυ
1165 1899 1284 1944 AOW‚
1313 1902 1466 1946 ὄνωρίου
1493 1901 1535 1946 Ε,
1567 1901 1732 1946 Ονωρίου

3 1953 28 1989 ἲ
299 1960 337 1995 p,
358 1949 531 1994 Ὁνωριόυ
558 1948 615 1986 Di
749 1949 840 1994 ἄνω]
867 1949 963 1985 XIII
990 1949 1047 1994 21,
1074 1949 1120 1984 10
1264 1949 1406 1984 ἄνω-θεν
1433 1950 1579 1986 omisso
1604 1963 1674 1985 που
1700 1949 1732 1984 Β

299 1997 322 2033 8
348 1997 398 2036 ὥς
425 2007 500 2033 om.
526 1997 557 2032 B
694 1998 741 2033 10
764 1998 951 2033 θεοδοσίου
978 2002 1038 2032 τοῦ
1063 1997 1143 2033 νέου
1169 1997 1206 2032 D
1338 1997 1394 2032 10.
1422 1997 1464 2032 11
1492 1997 1553 2032 καὶ
1579 1997 1733 2042 ἀσελγῶς

300 2049 395 2081 ante
420 2045 594 2092 sscchoxcov
619 2046 650 2081 Ε
748 2045 793 2081 15
819 2047 840 2080 ό
862 2046 969 2091 μέγας
996 2055 1071 2081 om.
1087 2045 1117 2081 E
1199 2045 1244 2080 18
1270 2048 1364 2095 ante
1382 2051 1507 2090 κρατεῖ
1521 2045 1732 2091 add.ssc'aE

228 2178 328 2215 dore
347 2177 465 2214 offusi
491 2178 699 2224 abierunt;
725 2178 909 2214 nonnulli
929 2187 1027 2214 vero
1047 2177 1098 2214 de
1115 2177 1177 2214 his
1196 2178 1317 2214 etiam
1336 2177 1388 2213 ad
1407 2179 1563 2214 rectum
1582 2177 1733 2224 dogma
1749 2172 1794 2209 16

227 2229 498 2262 reverterunt.

348 2273 420 2309 His
454 2274 705 2319 temporibus
730 2274 875 2319 regina
900 2273 1113 2309 Pulcheria
1139 2274 1309 2308 moritur
1337 2274 1401 2319 pie
1425 2276 1464 2309 et
1489 2273 1668 2319 gloriose
1694 2279 1734 2308 et
1748 2269 1794 2305 17

229 2332 320 2357 cum
346 2322 455 2357 bona
482 2332 564 2367 spe.
616 2321 763 2358 Omnes
790 2322 895 2358 enim
923 2331 1020 2366 opes
1040 2331 1135 2356 suas
1155 2321 1345 2367 dilargita
1363 2325 1451 2357 erat
1469 2321 1733 2366 pauperibus,
1748 2317 1794 2352 18

228 2371 284 2406 ita
310 2372 356 2405 ut
381 2369 658 2405 misericordia
685 2380 785 2415 erga
812 2380 881 2405 eos
908 2369 973 2404 dei
1000 2369 1076 2404 sibi
1103 2369 1371 2414 quaesivisset
1401 2368 1732 2404 misericordiam.

350 2417 657 2453 Valentinianus
673 2421 820 2462 autem,
837 2427 965 2463 nepos
975 2416 1157 2460 Honorii,
1176 2426 1294 2461 quem
1311 2427 1435 2463 supra
1450 2417 1539 2452 loco
1555 2416 1732 2462 quodam
1749 2412 1793 2447 19

230 2466 474 2501 mentionem
507 2466 677 2501 fecimus
709 2476 731 2501 e
757 2475 896 2501 sorore
922 2464 1127 2499 placidiae
1154 2474 1242 2499 esse
1272 2467 1443 2510 partum,
1480 2474 1552 2499 rex
1580 2463 1734 2499 Romae

231 2514 381 2549 veteris
407 2513 519 2549 ducit
537 2513 577 2548 in
596 2514 894 2549 matrimonium
914 2512 1153 2554 Eudoxiam,
1180 2511 1299 2546 filiam
1319 2513 1485 2547 minoris
1504 2511 1732 2547 Theodosii.

231 2560 323 2603 Sed,
359 2570 440 2606 qua
475 2564 562 2597 erat
598 2562 683 2596 vita
718 2561 916 2596 effrenata
946 2564 985 2595 et
1010 2559 1236 2602 libidinosa,
1270 2570 1344 2594 sua
1369 2570 1512 2603 uxore,
1546 2559 1733 2605 quamvis
1747 2556 1795 2592 20

232 2608 512 2654 pulcherrima,
552 2609 699 2644 omissa
736 2619 825 2644 cum
867 2608 955 2643 aliis
995 2608 1153 2643 feminis
1192 2607 1500 2651 concumbebat,
1539 2607 1734 2642 vaticina·

232 2656 410 2691 tionibus
445 2656 566 2692 etiam
600 2661 639 2692 et
675 2657 906 2703 praestigiis
939 2655 1110 2690 deditus.
1161 2655 1214 2690 Ut
1252 2656 1377 2699 igitur
1416 2656 1540 2690 vitam
1582 2655 1734 2699 agebat
1747 2652 1792 2687 21

233 2714 315 2739 non
342 2703 562 2748 honestam,
601 2705 658 2739 ita
684 2704 846 2740 excedit
873 2715 893 2739 e
921 2705 1004 2739 vita
1036 2703 1328 2738 miserabiliter.
1379 2702 1580 2738 Maximus
1614 2700 1795 2744 enim,22

234 2751 427 2798 patricius
445 2751 663 2794 Romanus,
690 2755 802 2787 ortus
829 2752 880 2787 ab
904 2751 970 2787 illo
990 2750 1178 2793 Maximo,
1205 2761 1323 2797 quein
1351 2750 1571 2796 aliquando
1599 2755 1734 2794 tyran-

233 2809 330 2835 num
357 2809 530 2845 magnus
557 2799 764 2835 devicerat
791 2799 1055 2842 Theodosius,
1089 2799 1244 2844 regiam
1275 2799 1484 2843 ingressus
1510 2798 1566 2834 ibi
1592 2797 1734 2834 Valen-

233 2847 431 2882 tinianum
463 2850 614 2882 mactat
645 2851 685 2883 et
710 2847 937 2883 Eudoxiam
970 2847 1010 2881 vi
1042 2849 1201 2891 stuprat
1233 2849 1272 2882 et
1304 2855 1438 2881 rerum
1467 2847 1630 2892 potitur.
1680 2844 1734 2881 At
1748 2844 1794 2880 23

234 2894 422 2931 Eudoxio.
438 2899 552 2941 patre
566 2894 793 2931 Theodosio
812 2898 972 2931 mortuo
993 2898 1031 2931 et
1048 2893 1262 2930 Pulcheria
1282 2893 1485 2939 defuncta,
1505 2904 1596 2930 cum
1611 2894 1732 2930 alium
