2054 3282
326 228 397 266 470
728 230 910 268 ZONAR.
936 231 1067 267 EPIT.
1093 231 1184 267 XVI
1214 231 1269 276 18,
1298 232 1421 268 1-12.

325 350 397 391 καὶ
426 350 500 405 τὴν
532 352 686 392 οἰκείαν
718 351 929 405 ὁμευνέτιν
959 351 1033 406 τὴν
1069 350 1302 406 Θεοδώραν
1333 358 1488 408 ταινιοῒ,
1533 354 1616 396 εἶτα
1648 355 1720 396 καὶ
1749 356 1820 398 τὸν

325 417 417 460 υἱὸν
437 418 749 474 Χριστοφόρον,
781 420 1019 474 προαιρέσει
1049 420 1127 474 μὲν
1147 425 1209 474 τῷ
1231 421 1370 463 δοκεῖν
1391 426 1465 464 τοῦ
1487 423 1819 472 Κωνσταντίνου,

324 491 374 541 τῇ
406 487 444 528 6'
478 487 652 542 ἀληθείᾳ
688 488 942 542 βιαζομένου
982 488 1260 542 ἀσχάλλοντός
1297 506 1339 531 τε
1381 489 1489 544 πρὸς
1533 492 1607 538 οὓς
1650 492 1821 546 ἐθάρρει

324 554 396 595 καὶ
427 555 471 596 ἓν
503 560 706 609 συμφορᾷ
736 556 957 609 τιθεμένου
988 555 1036 597 τὰ
1068 557 1344 611 πραττόμενα,
1382 558 1442 613 μὴ
1477 559 1742 614 θαρροῦντος
1774 560 1820 602 δὲ

289 623 517 676 Ξᾶντερεΐν.
580 624 802 678 ἐπιβουλῆς
842 623 886 665 δὲ
924 624 1029 665 κατὰ
1067 629 1140 666 τοῦ
1168 625 1389 680 Ῥωμανοῦ
1429 628 1667 682 γενομένης,
1714 626 1763 682 ἧς
1794 629 1855 670 65

277 691 593 745 Βσακελλάριος
622 691 899 746 πρωτουργὸς
930 692 982 747 ἦν
1006 693 1285 748 Ἆναστάσιος,
1330 695 1391 741 ὡς
1421 699 1482 749 τῷ
1513 695 1818 752 Κωνσταντίνῳ

325 759 455 813 δῆθεν
487 759 676 815 ἀμύνων,
709 761 904 815 ἐγνώσθη
937 760 986 801 τὰ
1017 758 1107 802 κατ’
1143 762 1284 816 αὐτήν,
1316 763 1387 803 καὶ
1413 763 1548 818 οἱμὲν
1570 765 1816 820 συνίστορες,

323 827 385 873 ὡς
415 827 534 876 ἔδοξε
564 833 626 882 τῷ
651 828 872 883 Ῥωμανῷ,
917 829 1223 884 ἐκολάσθησαν,
1268 831 1292 872 ὁ
1325 831 1370 872 δὲ
1409 832 1678 886 σακελλάριος
1716 833 1816 875 ἀπε-

286 895 444 950 3κάρη.
506 897 558 950 ἢν
591 896 636 938 δὲ
666 897 879 951 πρόφασιν
910 898 1028 952 ἔσχεν
1059 898 1083 938 ὁ
1110 898 1328 953 Ῥωμανὸς
1358 903 1431 941 τοῦ
1463 901 1716 955 ὗποβιβάσαι
1746 901 1817 943 τὸν

327 963 639 1006 Κωνσταντῖνον
670 966 834 1019 ἑαυτοῦ,
865 967 989 1021 μέχρι
1018 967 1106 1008 τότε
1126 970 1298 1022 πρῶτον
1319 968 1645 1023 εὐφημούμενον
1667 970 1710 1011 ἓν
1730 973 1817 1016 ταῖς
1835 974 1878 1010 10

322 1032 610 1087 ἄναρρήσεσιν.

284 1105 309 1141 4
435 1100 489 1143 ‘O
518 1101 704 1156 Συμεὼν
737 1102 782 1145 δὲ
819 1103 925 1145 κατὰ
962 1108 1035 1159 τῆς
1071 1104 1237 1151 πόλεως
1277 1105 1477 1159 ἐκπέμπει
1515 1106 1707 1160 στρατόν’
1751 1108 1816 1149 ἴνα

323 1169 368 1211 δὲ
405 1169 465 1224 μὴ
505 1170 696 1217 ἐλθόντες
733 1171 806 1218 τὰς
841 1171 926 1226 πρὸ
963 1177 1035 1228 τῆς
1076 1173 1242 1219 πόλεως
1286 1173 1588 1228 διαφθείρωσιν
1631 1174 1814 1230 ἀγλαΐας,

284 1239 484 1293 ὃέπεμψε
515 1239 586 1280 καὶ
617 1239 641 1280 ὁ
666 1240 885 1295 Ῥωμανὸς
915 1240 1011 1287 τοὺς
1042 1242 1384 1296 ἀντιταξομένους
1416 1243 1567 1289 αὐτοῖς.
1630 1243 1701 1285 καὶ
1730 1247 1816 1285 τῶν

321 1305 585 1361 Βουλγάρων
607 1308 872 1350 ἐπελθόντων
901 1310 1040 1356 αὐτοῖς
1070 1311 1261 1352 πίπτουσι
1291 1310 1369 1365 μὲν
1400 1311 1469 1352 καὶ
1491 1314 1576 1352 τῶν
1597 1311 1865 1366 ἀρχόντωνΙ)
1884 1315 1937 1352 IV
1950 1316 1996 1352 59

319 1374 476 1429 πολλοί,
521 1379 606 1417 τῶν
646 1376 693 1417 δέ
729 1392 774 1430 γε
813 1381 1076 1431 στρατιωτῶν
1115 1379 1155 1420 οἱ
1183 1378 1261 1433 μὲν
1293 1380 1349 1425 εἷς
1379 1378 1452 1425 τὰς
1482 1380 1658 1434 τριήρεις
1690 1380 1814 1421 σπεύ-

321 1443 461 1490 δοντες
498 1444 675 1499 ἐμβῆναι
713 1446 1038 1499 παραπλεούσας
1075 1447 1131 1493 εἷς
1162 1446 1235 1501 τὴν
1266 1447 1485 1489 θάλασσαν
1516 1448 1816 1496 ἕξωλίσθαινον

275 1511 390 1554 Οκαὶ
425 1510 509 1553 ὑπὸ
547 1513 751 1567 κυμάτων
794 1514 1008 1568 ἐφέροντο,
1054 1516 1095 1556 οἳ
1125 1515 1170 1556 δὲ
1201 1515 1286 1557 ὑπὸ
1317 1519 1402 1557 τῶν
1437 1516 1651 1571 πολεμίων
1691 1517 1813 1559 διώλ-

282 1579 453 1634 6λυντο,
486 1581 526 1622 οἳ
557 1581 602 1623 δὲ
632 1581 703 1623 καὶ
735 1583 887 1631 ζῶντες
918 1583 1289 1638 συνελαμβάνοντο.
1352 1585 1464 1626 οὕτω
1492 1584 1536 1626 δὲ
1560 1585 1814 1641 διατεθείσης

317 1652 390 1704 τῆς
409 1648 648 1704 Ῥωμαϊκῆς
679 1654 868 1705 στρατιᾶς
897 1651 1003 1693 κατὰ
1024 1651 1097 1698 τὰς
1117 1651 1282 1707 Πηγάς,
1314 1653 1362 1694 τά
1394 1669 1435 1694 τε
1466 1654 1555 1695 ἐκεῖ
1581 1654 1680 1695 ὄντα
1712 1654 1812 1695 ἅνά-
1827 1658 1874 1693 20

317 1735 447 1773 κτορα
480 1720 520 1761 οἱ
541 1719 781 1774 Βούλγαροι
813 1720 1109 1776 ἐπυρπόλησαν
1139 1721 1210 1763 καὶ
1231 1722 1354 1763 τᾶλλα
1377 1721 1455 1763 ὅσα
1479 1722 1523 1763 ἒν
1547 1727 1608 1777 τῷ
1639 1723 1814 1778 αἰγιαλῷ

391 1862 409 1897 1
438 1864 533 1898 ante
558 1867 684 1897 ταινιοΐ
705 1862 796 1897 add.
824 1863 1012 1908 διαδήματι
1039 1862 1074 1897 D
1221 1864 1243 1898 3
1268 1864 1480 1908 ἀσχάλοντος
1506 1863 1588 1907 ED,
1617 1874 1717 1900 corr.
1743 1864 1812 1903 Dw

389 1910 412 1945 5
437 1910 592 1954 ἀντερεῖν
618 1909 728 1955 pr,
754 1910 925 1945 ἀντειπεῖν
951 1910 999 1953 D,
1026 1910 1195 1955 ἆνταιρεΐν
1222 1911 1268 1953 A,
1295 1912 1405 1946 unde
1430 1912 1604 1955 ἀνταίρειν
1629 1910 1687 1946 Di

391 1957 435 1993 15
459 1957 576 1996 αὐτοῖς
600 1956 681 2001 ΑΟ,
707 1957 811 1993 αὐτὸν
838 1958 879 2002 Ε,
906 1958 1001 2003 αὐτῷ
1028 1958 1113 2004 W*p
1213 1959 1257 1994 17
1282 1959 1501 2005 ἐμβληθῆναι
1527 1959 1562 1993 D
1658 1961 1810 2004 παραπλ.

387 2005 536 2051 ἐμβῆναι
557 2003 585 2041 C
683 2005 936 2047 ἕξωλίσθαινον
958 2008 1051 2041 ante
1070 2007 1118 2045 εἷς
1138 2007 1233 2051 Ewp
1333 2007 1377 2042 18
1403 2010 1497 2042 ante
1522 2006 1693 2051 κυμάτων
1719 2007 1811 2043 add,

388 2057 459 2088 τῶν
484 2052 551 2089 CD
651 2053 695 2087 19
721 2052 760 2088 δὲ
786 2053 958 2089 alterum
985 2064 1060 2089 om.
1091 2054 1121 2088 E
1218 2054 1275 2089 20.
1303 2054 1347 2089 21
1375 2055 1455 2089 ὄντα
1481 2057 1575 2090 ante
1601 2055 1637 2089 οἱ
1660 2053 1688 2091 C

316 2187 407 2229 post
433 2194 603 2220 uxorem
631 2194 794 2232 quoque
819 2195 934 2221 suam
960 2184 1215 2221 Theodoram
1243 2185 1471 2221 diademate
1498 2188 1625 2230 ornat,
1665 2185 1811 2222 deinde

317 2235 356 2267 et
373 2232 496 2268 filium
517 2232 847 2280 Christophorum
873 2232 1094 2276 voluntat-e,
1120 2235 1165 2268 ut
1191 2233 1321 2268 videri
1347 2233 1520 2277 volebat,
1548 2232 1809 2278 Constantini,

316 2279 386 2314 scd
413 2290 458 2315 re
485 2291 583 2316 vera
608 2282 736 2317 invito
762 2280 828 2317 illo
859 2283 898 2316 et
925 2283 1199 2325 conquerente
1225 2280 1336 2326 apud
1363 2291 1443 2324 eos,
1476 2281 1622 2325 quibus
1648 2281 1808 2326 fidebat,

280 2325 355 2362 2et
380 2331 472 2362 acta
497 2328 564 2363 illa
587 2329 857 2373 abominante,
885 2328 1070 2373 quamvis
1087 2328 1290 2373 refragari
1308 2338 1388 2363 non
1408 2328 1587 2363 auderet.
1638 2328 1808 2372 Insidiis,

316 2384 417 2419 quas
442 2375 623 2411 Romano
649 2375 889 2412 Anastasius
916 2375 1159 2419 sacellarius,
1195 2376 1382 2420 princeps
1409 2376 1709 2420 coniurationis,
1735 2386 1807 2421 pro

315 2422 551 2458 defensione
593 2424 734 2469 utique
777 2423 1027 2460 Constantini
1070 2427 1298 2468 paraverat,
1342 2423 1613 2468 deprehensis,
1658 2424 1808 2458 conscii

277 2468 513 2505 3a1·bitratu
529 2470 699 2506 Romani
722 2473 852 2518 puniti
878 2474 982 2514 sunt,
1009 2470 1242 2506 sacellarius
1267 2474 1417 2506 tonsus.
1467 2470 1607 2515 anue
1625 2470 1806 2506 Romano

315 2518 472 2553 occasio
499 2519 575 2554 fuit
602 2518 852 2555 Constantini
879 2519 985 2555 infra
1011 2528 1054 2553 se
1080 2517 1313 2561 collocandi,
1353 2528 1444 2553 cum
1476 2518 1509 2552 is
1543 2518 1736 2553 hactenus
1766 2519 1805 2553 in

313 2565 699 2609 proclamationibus
726 2572 765 2602 et
790 2566 1102 2603 salutationibus
1128 2566 1302 2611 priorem
1328 2565 1461 2600 locum
1487 2566 1721 2601 tennuisset.

277 2610 300 2646 4
433 2612 532 2648 Cum
563 2612 739 2659 Symeon
770 2615 993 2650 exercitum
1026 2616 1166 2648 contra
1201 2613 1343 2648 urbem
1380 2613 1561 2657 misisset,
1599 2613 1805 2648 Romanus

314 2669 477 2705 quoque
502 2661 644 2696 milites
670 2661 852 2697 hostibus
880 2660 1078 2708 opposuit,
1105 2671 1156 2696 ne
1182 2660 1443 2696 suburbanae
1469 2661 1732 2696 amoenitates
1752 2661 1804 2696 ab

276 2706 360 2742 5iis
386 2710 656 2744 vastarentur.
706 2709 815 2751 Quos
842 2719 932 2745 cum
958 2708 1126 2756 Bulgari
1149 2707 1334 2753 aggressi
1361 2712 1505 2751 essent,
1540 2708 1653 2743 multi
1684 2709 1804 2743 etiam

313 2764 363 2788 ex
391 2755 642 2801 principibus
669 2757 912 2801 ceciderunt,
943 2758 1086 2793 milites
1114 2756 1258 2801 partim
1285 2754 1336 2790 ad
1363 2758 1668 2800 praetereuntes
1694 2756 1804 2790 trire-

313 2812 395 2836 mes
422 2803 659 2838 festinantes
685 2804 727 2838 in
753 2815 864 2840 mare
890 2805 1066 2851 prolapsi
1093 2802 1281 2840 fluctibus
1307 2803 1554 2847 ferebantur,
1581 2803 1725 2848 partim
1751 2803 1802 2838 ab

276 2848 494 2884 Ghostibus
526 2851 756 2895 interibant,
795 2853 939 2897 partim
971 2853 1054 2887 vivi
1087 2850 1362 2898 capiebantur.
1413 2850 1594 2886 Romano
1622 2851 1803 2886 exercitu

313 2895 365 2931 ad
390 2896 524 2942 Pegas
559 2898 616 2934 sic
654 2903 832 2945 accepto,
871 2899 1038 2946 Bulgari
1069 2901 1224 2947 regiam
1256 2897 1361 2933 illius
1393 2898 1471 2934 loci
1503 2901 1732 2935 cremarunt
1763 2902 1803 2934 ct
