2054 3282
339 204 410 242 408
752 203 933 242 ZONAR.
962 204 1091 240 EPIT.
1119 204 1209 240 XVI
1236 204 1268 249 6,
1296 204 1423 240 1-14.

340 342 397 372 τις
428 329 513 368 τῶν
544 325 591 367 τὰ
624 326 717 380 περὶ
749 327 877 367 αὐτοῦ
911 325 1264 380 ἕξιστορησάντων
1295 326 1342 367 ἐκ
1373 329 1446 368 τοῦ
1475 329 1559 368 τῶν
1574 325 1836 380 Ἀρσακιδῶν

304 394 467 436 2αῧτόν
499 395 646 448 γένους
677 395 932 448 κατάγεσθαι
963 394 1229 447 τερατεύεται.
1292 398 1364 435 τοῦ
1401 394 1605 449 Κρούμου
1643 395 1690 436 δέ
1735 395 1836 449 (τῶν

339 462 603 516 Βουλγάρων
645 459 681 503 δ’
720 462 771 516 ἦν
809 460 932 507 οὗτος
969 461 1170 516 ἀρχηγός)
1216 462 1290 517 τὴν
1322 463 1664 517 Ἀδριανούπολιν
1707 478 1834 505 κατα-

340 530 522 584 σχόντος,
556 530 626 571 καὶ
658 531 698 570 οῖ
728 530 876 571 τούτου
909 530 1150 584 γεννήτορες
1176 531 1432 585 αἰχμάλωτοι
1454 531 1665 585 γεγονότες
1686 532 1743 578 εἷς
1762 531 1836 586 τὴν

297 599 511 640 Οὲκείνο)ν
555 599 702 652 χώραν
744 599 1029 653 Διιετήχθησαν,
1075 599 1279 653 ἀρτιγενὲς
1316 604 1462 641 τοῦτον
1500 600 1570 642 καὶ
1601 600 1871 654 ὑπομάζιονό

305 667 548 720 3φὲροντες.
610 670 682 707 τοῦ
730 666 935 721 Κρούμοιι
982 667 1026 708 δὲ
1070 667 1412 722 ἀποβεβιωκότος
1458 668 1539 722 ἤδη
1585 669 1722 722 ἕτερος
1764 672 1837 722 τῆς

341 735 473 789 ἀρχῆς
504 738 589 775 τῶν
615 735 876 789 Βουλγάρων
908 736 1136 791 ἐπείληπτο,
1170 737 1217 781 ὃς
1247 737 1445 783 πολλάκις
1471 736 1514 778 ἓν
1535 736 1733 790 πολέμοις
1753 740 1837 781 τοῖς

339 803 448 856 πρὸς
475 802 710 857 Ῥωμαίους
741 804 974 857 θραυσθεὶς
1006 804 1191 850 σπονδὰς
1222 804 1330 858 πρὸς
1368 804 1440 846 τὸν
1476 804 1565 846 τότε
1603 809 1836 857 κρατοῦντα

335 870 560 924 Ῥωμαίων
599 871 812 926 πεποίητο,
857 872 928 913 καὶ
966 872 1064 919 τοὺς
1102 874 1395 927 αι’χίιιαλώτους
1427 873 1708 927 ἐλευθερῶσαι
1739 873 2018 916 ovv-D1V18

341 939 474 992 έθετο,
507 939 578 980 καὶ
609 940 748 993 μέντοι
779 940 850 981 καὶ
881 941 987 982 κατὰ
1018 941 1091 986 τὰς
1123 942 1341 996 συνθήκας
1373 941 1609 995 πεποίηκεν.
1672 941 1836 995 ἐφήβου
1856 945 1899 982 10

305 1007 379 1048 4δ’
421 1007 472 1062 ἧν
511 1007 672 1062 ἡλικίας
715 1008 804 1050 τότε
849 1010 1069 1065 ἁψάμενος
1107 1011 1130 1052 ὁ
1169 1011 1393 1057 Βασίλειος.
1455 1009 1657 1065 νηπιόθεν
1698 1010 1838 1064 μέντοι

341 1076 473 1117 πολλὰ
507 1080 656 1131 σημεῖα
685 1079 876 1131 γενέσθαι
900 1079 1002 1133 φασὶ
1022 1079 1096 1134 τὴν
1116 1079 1325 1134 βασιλείαν
1346 1079 1462 1132 αὐτῷ
1483 1078 1837 1132 προσημαίνοντα,

306 1143 406 1187 ὗῶν
437 1147 482 1187 ἓν
514 1145 565 1200 ἧν
596 1146 666 1187 καὶ
697 1146 742 1187 τὸ
775 1147 1081 1202 ῥηθησόμενον.
1144 1148 1291 1202 νήπιος
1321 1147 1399 1201 μὲν
1420 1147 1472 1201 ἦν
1493 1147 1517 1188 ὁ
1539 1147 1767 1200 Βασίλειος,
1800 1146 1840 1187 οἱ

344 1214 388 1255 δὲ
419 1214 566 1255 τούτου
600 1219 732 1266 γονεῖς
762 1215 856 1269 περὶ
887 1217 1017 1270 θέρος
1049 1217 1277 1271 ἠσχόληντο
1308 1216 1378 1257 καὶ
1409 1215 1455 1257 τὸ
1491 1216 1638 1270 νήπιον
1674 1215 1838 1256 ὗπνῶτ-

134 1287 247 1323 WIlI
261 1286 329 1322 132
342 1298 413 1324 τον
444 1282 528 1324 ὕπὸ
559 1282 630 1324 τὸν
661 1283 776 1338 ἥλιον
807 1285 953 1326 ἔκειτο·
986 1284 1104 1331 ἀετὸς
1137 1285 1181 1326 δὲ
1208 1285 1434 1339 πετόμενος
1454 1283 1674 1338 πρόσγειος
1696 1282 1838 1337 ἡπλω-
1855 1287 1899 1324 15

249 1356 285 1390 D
309 1352 487 1406 6μέναις
524 1355 611 1397 ταῖς
647 1352 814 1406 πτέρυξι
851 1357 911 1407 τῷ
948 1354 1094 1408 βρέφει
1138 1353 1257 1395 σκιὰν
1301 1353 1546 1407 ἕσχεδίαζεν.
1609 1352 1634 1406 ἡ
1673 1350 1719 1392 δὲ
1755 1351 1838 1406 μή-

344 1436 419 1474 τηρ
465 1420 526 1466 ὡς
570 1419 650 1461 εἶδε
693 1420 765 1462 τὸν
803 1421 922 1463 ἀετὸν
960 1427 1021 1475 τῷ
1058 1422 1173 1463 παιδὶ
1208 1421 1543 1475 προσεγγίζοντα,
1589 1419 1666 1475 ἤρε’
1695 1436 1736 1461 τε
1766 1419 1840 1474 τὴν

343 1487 495 1543 φωνὴν
526 1488 597 1530 καὶ
627 1489 898 1543 προσέδραμε
929 1494 990 1544 τῷ
1021 1490 1102 1544 υἱῷ
1132 1490 1203 1531 καὶ
1231 1490 1364 1536 λίθοις
1385 1488 1456 1530 τὸν
1478 1488 1597 1530 ἀετὸν
1620 1488 1839 1529 ἀπεδίωκε.

346 1654 391 1689 13
416 1660 563 1699 σημεῖον
587 1654 666 1700 περὶ
685 1654 742 1690 τὸν
760 1655 944 1691 Βασίλειον
962 1656 1098 1702 γεγονὸς
1122 1657 1323 1702 προδηλοῦν
1350 1656 1494 1701 (δηλοῦν
1511 1653 1559 1697 A)
1579 1654 1628 1693 ὥς
1644 1654 1840 1700 βασιλεύσει

345 1700 447 1738 ACE

420 1834 438 1868 1
466 1832 507 1868 τὰ
534 1844 609 1869 om.
636 1833 671 1868 D
778 1835 1037 1879 ἱστορησάντων
1065 1835 1098 1870 D
1204 1834 1410 1879 ἄρσακιδῶν
1436 1831 1710 1879 DsBszpDi‚
1737 1833 1841 1878 ἄρσα-

416 1882 532 1916 κίδων
558 1880 624 1917 AC
758 1882 780 1917 3
805 1882 1092 1926 ἀνδριανούπολιν
1118 1882 1198 1926 ED,
1227 1893 1328 1918 corr.
1355 1881 1422 1919 Dw
1550 1881 1573 1916 4
1598 1881 1778 1926 γενήτορες
1805 1881 1840 1915 D

416 1929 438 1964 5
465 1929 627 1974 ἀρτιγενῆ
650 1929 760 1975 pr,
786 1930 967 1975 ἀρτιγεννῆ
993 1930 1061 1968 Dw
1171 1931 1192 1965 6
1218 1935 1277 1965 τοῦ
1303 1929 1465 1974 κρούμου
1492 1929 1530 1964 δὲ
1556 1929 1842 1975 ἀποβεβιωκότσς

416 1977 484 2022 ἤδη
514 1975 658 2022 ΑΕΨῙ),
685 1977 758 2012 ἐπεὶ
784 1978 815 2013 δ’
842 1979 863 2012 ὁ
886 1983 1043 2023 κροῦμος
1069 1979 1285 2023 κατέστρεψε
1311 1977 1372 2022 τὴν
1397 1976 1495 2022 ζωὴν
1523 1976 1554 2012 O
1690 1976 1735 2011 12
1757 1990 1841 2020 προ·

415 2025 593 2069 μηνύοντα
619 2025 715 2071 Ewp
815 2025 859 2061 13
885 2026 928 2071 ἦν
953 2025 984 2070 ὁ]
1011 2026 1195 2071 ἐτύγχανεν
1221 2027 1241 2060 ὁ
1266 2025 1297 2062 Ο
1385 2025 1543 2070 βασίλεος
1570 2024 1617 2067 D,
1645 2033 1745 2059 corr.
1772 2024 1840 2061 Dw

419 2071 465 2107 14
482 2071 533 2117 δὲ]
553 2071 618 2117 γὰρ
638 2071 667 2108 C
768 2073 811 2108 15
828 2074 1093 2118 περιπετόμενος
1113 2073 1209 2119 pr
1311 2073 1352 2107 16
1370 2086 1396 2107 τ.
1415 2072 1579 2116 πτέρυξιν
1596 2072 1774 2116 ἐσχεδιάζε
1792 2077 1841 2116 τῷ

419 2119 544 2179 βρέφει
570 2120 673 2203 onega*
700 2120 796 2166 Ewp
896 2121 939 2157 17
966 2135 1000 2156 τε
1027 2132 1102 2157 om.
1119 2121 1149 2156 O
1251 2121 1293 2156 18
1318 2119 1398 2165 υἱῷ]
1425 2119 1516 2165 ἀετῷ
1542 2119 1578 2154 D
1675 2119 1840 2165 ἀπεσόβει

418 2181 475 2202 τον
500 2181 599 2202 αετον

346 2303 595 2349 Macedonia,
639 2306 874 2351 parentibus
902 2306 1083 2341 obscuris
1117 2310 1239 2349 ortus,
1278 2305 1352 2341 etsi
1379 2304 1543 2350 quidam
1581 2313 1715 2339 rerum
1755 2303 1841 2339 eius

347 2355 555 2397 gestarum
581 2354 752 2399 scriptor
779 2364 870 2389 eum
897 2363 1028 2399 genus
1047 2354 1098 2389 ab
1117 2353 1322 2388 Arsacidis
1350 2353 1498 2388 ducere
1517 2351 1841 2387 comminiscitur.

311 2398 556 2445 ZOccupata
594 2410 692 2436 vero
726 2411 750 2436 a
776 2400 937 2446 Crumo,
976 2401 1248 2447 Bulgarorum
1287 2401 1400 2444 duce,
1438 2399 1714 2444 Adrianopoli‚
1755 2398 1842 2433 eius

348 2457 511 2492 quoque
538 2451 727 2493 parentes
755 2449 861 2494 eapti
887 2450 928 2484 in
954 2448 1188 2495 Bulgariam
1214 2448 1484 2491 abducuntur,
1515 2447 1622 2482 hunc
1647 2447 1842 2481 infantem

311 2494 333 2528 3
349 2498 388 2530 et
406 2495 622 2530 lactantem
641 2506 777 2532 secum
801 2500 1019 2542 gestantes.
1070 2495 1216 2532 Crumo
1244 2496 1446 2539 defuncto,
1474 2504 1683 2530 successor
1709 2493 1842 2528 multis

349 2542 530 2578 cladibus
564 2553 588 2578 a
622 2542 811 2579 Romanis
848 2545 1024 2590 acceptis
1063 2554 1202 2589 pacem
1242 2553 1332 2578 cum
1371 2543 1613 2588 imperatore
1651 2545 1735 2576 tum
1767 2540 1842 2575 Ro-

348 2600 467 2625 mano
487 2590 592 2635 feeit,
621 2592 802 2637 captivis,
831 2602 931 2637 quos
958 2592 1134 2628 habebat
1153 2592 1222 2632 (ita
1247 2591 1351 2626 enim
1372 2588 1632 2632 convenerat)
1653 2588 1840 2632 dimissis;

312 2636 334 2671 4
350 2647 428 2682 quo
457 2640 638 2683 tempore
664 2639 904 2675 adulescens
931 2643 1018 2675 erat
1043 2639 1224 2683 Basilius,
1253 2639 1318 2673 cui
1344 2638 1488 2672 infanti
1514 2636 1647 2672 multis
1675 2635 1841 2671 ostentis

349 2695 520 2730 regnum
548 2686 819 2732 significatum
847 2697 933 2723 esse
961 2688 1106 2731 ferunt,
1140 2696 1311 2731 quorum
1350 2685 1390 2720 id
1414 2695 1576 2731 quoque
1601 2684 1690 2727 fuit,
1731 2682 1840 2728 quod

313 2731 589 2768 5na1'raturus
616 2744 714 2769 sum.
766 2734 865 2770 Cum
886 2733 1057 2770 Basilius
1084 2737 1190 2769 esset
1215 2734 1348 2768 infans
1375 2743 1422 2768 ac
1449 2732 1684 2778 parentibus
1710 2740 1840 2765 messe

350 2781 556 2824 occupatis
575 2781 650 2816 sub
669 2782 752 2817 sole
771 2781 971 2827 dormiret,
999 2782 1134 2827 aquila
1155 2791 1280 2827 prope
1306 2784 1455 2816 terram
1482 2780 1623 2815 volans
1649 2777 1839 2823 expansis

313 2826 334 2859 6
350 2827 422 2861 alis
440 2828 622 2863 umbram
639 2829 673 2863 ei
689 2830 882 2874 faciebat3
902 2840 1022 2875 quam
1037 2831 1164 2864 mater
1179 2839 1269 2864 cum
1288 2829 1430 2863 infanti
1446 2827 1839 2874 appropinquantem

314 2873 334 2908 7
351 2874 526 2920 vidisset,
564 2876 723 2912 sublata
751 2888 851 2913 voce
878 2878 1052 2914 accurrit
1079 2879 1119 2913 et
1148 2877 1324 2923 aquilam
1350 2875 1552 2922 lapidibus
1584 2874 1732 2919 abegit.
1782 2872 1839 2907 Ea
