2054 3282
334 250 639 290 STEPHANVS
664 248 1015 287 PATRIARCHA.
1064 247 1274 286 SYMEON
1297 247 1543 284 MORITVR.
1615 246 1687 284 473

184 373 407 429 Ἀμασείας
437 373 658 428 Στέφανος
699 372 757 419 εἰς
792 370 865 414 τὸν
901 370 1062 426 θρόνον
1099 373 1172 426 τῆς
1203 367 1688 415 Κωνσταντινουπόλεως

189 443 426 497 μετήνεκτο.

304 509 358 552 Ὁ
392 510 533 564 μέντοι
570 513 656 551 τῶν
686 508 952 564 Βουλγάρων
988 508 1136 563 ἄρχων
1173 507 1198 549 ὁ
1229 506 1429 562 Συμεών,
1473 505 1581 560 ἀνὴρ
1625 506 1688 548 ὢν
1703 512 1748 548 18

190 578 392 633 αἱμάτων,
423 578 599 633 ἡσυχίαν
629 578 742 632 ἄγειν
772 578 924 619 οὔποτε
955 577 1068 624 ὅλως
1096 575 1331 631 προῄρητο·
1361 575 1466 617 ὅθεν
1486 573 1593 616 κατὰ
1613 578 1687 616 τοῦ
1704 580 1748 616 19

155 647 346 693 δέθνους
375 650 461 688 τῶν
491 645 733 700 Χροβάτων
763 645 1040 699 ἐστράτευσεν,
1084 643 1172 686 ἀλλ’
1210 645 1356 699 ἥττητο
1394 640 1464 685 ὕπ’
1504 641 1688 691 ἐκείνων,

192 715 274 757 κάν
302 718 391 762 ταῖς
420 718 506 756 τῶν
537 714 654 767 ὀρῶν
686 713 940 768 δυσχωρίαις
969 713 1016 755 τὸ
1048 713 1202 755 οἰκεῖον
1233 712 1416 767 ἀπέβαλε
1443 711 1688 766 στράτευμα.

192 783 237 825 ἐν
266 783 403 837 τούτῳ
436 782 481 824 δὲ
510 781 702 836 πρόσεισί
727 798 786 828 τις
809 787 871 836 τῷ·
891 782 1053 837 βασιλεῖ
1068 781 1292 836 Ῥωμανῷ,
1324 781 1459 835 λέγων
1481 779 1556 834 τὴν
1576 780 1688 822 ἅνω-
1703 786 1751 821 20
1776 784 1807 822 C

192 852 270 893 θεν
304 855 378 906 τῆς
415 851 460 892 ἐν
497 855 559 904 τῷ
592 850 834 905 Ξηρολόῳῳ
872 850 1028 904 ἁψῖδος
1065 850 1383 904 καθιδρυμένην
1426 848 1577 904 στήλην
1619 848 1690 890 καὶ

191 919 301 974 πρὸς
330 918 379 960 τὰ
413 919 583 973 ἑσπέρια
614 919 938 974 ἀποβλέπουσαν
974 919 1031 965 εἰς
1061 917 1132 960 τὸν
1162 917 1348 972 Συμεὼν
1379 917 1691 972 ἐστοιχειῶσθαι

135 992 182 1028 10
192 987 265 1030 τὸν
285 987 551 1042 Βούλγαρον,
583 986 655 1029 καὶ
676 988 714 1029 εἶ
731 986 806 1041 τὴν
830 987 981 1042 ταύτης
1009 987 1196 1041 ἀποτέμῃ
1228 1002 1286 1032 τις
1316 985 1518 1040 κεφαλήν,
1549 986 1691 1039 ἕψεται

9 1066 38 1096 Ν
66 1062 177 1100 1v61
193 1061 242 1112 τῇ
274 1057 432 1111 ἐκτομῇ
462 1059 536 1098 τοῦ
558 1055 744 1110 Συμεὼν
775 1057 800 1110 ῆ
833 1055 998 1110 φθορά.
1060 1055 1085 1096 ὁ
1115 1054 1193 1109 μὲν
1225 1053 1301 1096 οὖν
1331 1053 1418 1096 εἶπε
1448 1058 1588 1108 ταῦτα,
1620 1053 1691 1095 καὶ
1704 1059 1749 1095 21

193 1126 219 1180 ἡ
251 1124 414 1179 κεφαλὴ
446 1128 519 1179 τῆς
550 1124 702 1179 στήλης
732 1124 812 1166 οὐκ
843 1125 901 1170 εἰς
931 1122 1104 1178 μακρὰν
1136 1124 1387 1178 ἐξετέτμητο,
1419 1122 1490 1164 καὶ
1520 1127 1582 1177 τῷ
1603 1122 1690 1164 Συ-

191 1193 312 1248 μεὼν
342 1191 552 1246 αὖθωρόν
583 1192 746 1234 ἐπέλιπε
776 1191 823 1234 τὸ
848 1193 1066 1247 βιώσιμον,
1097 1192 1298 1246 ληφθέντι
1319 1191 1598 1245 καρδιωγμῷ,
1630 1191 1693 1238 ὡς

191 1261 295 1318 μετὰ
334 1265 460 1303 ταῦτα
499 1262 696 1316 ἐγνώσθη
731 1266 792 1315 τῷ
834 1261 996 1316 βασιλεῖ
1034 1261 1375 1316 ἀκριβωσαμένῳ
1417 1265 1490 1315 τῆς
1532 1260 1692 1302 ἐκείνου

135 1335 181 1371 15
193 1330 380 1385 τελευτῆς
416 1330 489 1371 τὸν
521 1329 681 1383 καιρόν.
744 1330 806 1376 ὡς
838 1327 875 1371 δ’
909 1330 955 1378 ἐξ
985 1329 1235 1383 ἀνθρώπων
1266 1329 1290 1370 ὁ
1322 1328 1507 1383 Συμεὼν
1538 1328 1691 1383 ἀπελή-
1706 1334 1753 1369 22

194 1399 336 1453 λυθεν,
370 1400 395 1454 ἡ
427 1402 514 1441 τῶν
546 1398 810 1453 Βουλγάρων
840 1398 950 1453 ἀρχὴ
983 1397 1092 1451 πρὸς
1117 1397 1284 1451 Πέτρον
1314 1396 1386 1439 τὸν
1417 1397 1463 1438 ἐκ
1496 1401 1567 1452 τῆς
1599 1397 1692 1438 δευ-

193 1468 315 1522 τέρας
345 1467 475 1509 αὗτοῦ
508 1466 704 1521 γυναικὸς
741 1467 859 1521 αὐτῷ
895 1467 1092 1521 τεχθέντα
1128 1466 1437 1520 περιελήλυθεν.
1502 1466 1563 1519 ὅς,
1608 1465 1694 1507 ἐπεὶ
1707 1470 1754 1506 23

194 1536 265 1579 καὶ
294 1536 406 1590 λιμῷ
436 1534 483 1578 τὸ
515 1539 600 1578 τῶν
626 1535 886 1591 Βουλγάρων
917 1535 1044 1582 ἔθνος
1075 1534 1127 1590 ἦν
1147 1534 1394 1589 πιεζόμενον
1414 1533 1485 1576 καὶ
1506 1533 1554 1575 τὰ
1575 1535 1695 1588 πέριξ
1709 1537 1744 1573 D

196 1666 218 1702 7
243 1667 440 1712 σημείωσαι
467 1666 499 1702 Ε
604 1666 650 1702 15
675 1667 725 1702 ὅτι
751 1666 886 1712 Πέτρος
911 1667 931 1701 ὁ
956 1670 1016 1701 τοῦ
1041 1663 1196 1711 Συμεὼν
1222 1663 1296 1704 υἱὸς
1321 1664 1500 1700 ἐσπείσατο
1527 1663 1587 1699 καὶ
1613 1677 1693 1699 συν-

196 1713 301 1760 ήφθη
327 1713 423 1759 αὐτῷ
449 1714 471 1760 ἦ
498 1719 559 1750 τοῦ
582 1714 756 1760 βασιλέως
781 1713 904 1760 ἔγγόνη
932 1713 963 1749 Ε

268 1843 287 1878 1
303 1842 452 1887 ἇμασίας
460 1841 529 1878 AB
539 1842 712 1879 Hierocl.
721 1842 801 1887 701,
811 1842 833 1878 3
841 1841 1078 1878 Burckhard
1084 1847 1109 1884 t,
1118 1840 1287 1886 ἀμασεάις
1298 1839 1455 1887 prDi
1465 1839 1697 1884 Ced1·.(Sc.y-

269 1890 363 1932 th.)
390 1889 426 1925 II
454 1901 491 1936 p.
517 1889 599 1933 307,
613 1890 646 1934 3,
673 1900 710 1925 v·
737 1890 790 1925 ad
815 1889 906 1925 XVI
936 1889 990 1934 19,
1009 1890 1042 1925 5.
1070 1888 1181 1924 XVII
1209 1889 1289 1931 1,2.
1315 1888 1396 1933 22.
1423 1887 1553 1923 XVIII
1582 1887 1697 1930 16‚3‘2

268 1937 293 1974 4
317 1942 412 1973 ante
437 1937 527 1973 κατὰ
551 1937 643 1973 add.
670 1937 730 1973 καὶ
758 1936 856 1983 pr
990 1937 1013 1972 ὁ
1037 1936 1223 1982 χροβάτων
1249 1935 1330 1980 AR,
1356 1935 1555 1982 χρωβάτων
1581 1934 1695 1971 Cedr.

270 1984 460 2031 (Scylitz.)
479 1984 514 2020 II
536 1995 572 2031 p.
590 1985 672 2029 307,
686 1985 744 2030 21,
771 1984 949 2031 Theoph.
969 1985 1117 2020 contin.
1142 1995 1178 2030 p.
1199 1984 1279 2028 411,
1297 1984 1352 2028 14,
1378 1983 1566 2029 χραβάτων
1592 1982 1697 2028 w*p;

270 2033 359 2068 aliis
392 2033 490 2069 locis
515 2032 694 2068 Zonaras
725 2032 901 2068 eundem
932 2031 1116 2078 Scyiitzis
1149 2041 1267 2067 usum
1301 2036 1464 2067 secutus
1490 2030 1697 2076 Xopssdtovc

270 2080 398 2124 affert,
415 2091 451 2116 v.
463 2080 545 2116 ind.
557 2080 693 2115 histor.
752 2081 775 2115 6
788 2080 982 2125 στράτευμα
996 2079 1186 2125 ἀπεβάλετο
1198 2079 1232 2114 D
1283 2079 1304 2114 7
1317 2079 1490 2124 ῥωμαίων
1503 2077 1538 2112 D
1553 2078 1620 2114 Wo
1632 2078 1697 2112 lat.

271 2131 294 2163 8
319 2128 450 2174 ἀτμίδος
475 2126 560 2170 ΑΙ),
587 2127 719 2173 ἁψῖδος
745 2126 958 2173 CEwap,
984 2127 1115 2185 ἁψῖδος
1143 2125 1251 2162 BsDi
1401 2126 1424 2161 9
1449 2125 1697 2170 ε’στοιχιῶσθαι

272 2175 368 2222 Ewp
474 2175 520 2211 10
543 2175 700 2220 ἀποτέμη
727 2174 774 2219 Α,
800 2174 964 2220 ἀποτέμει
992 2174 1034 2219 Ε,
1060 2174 1227 2219 ἀποτέμοι
1254 2174 1351 2220 pr
1461 2173 1503 2208 11
1532 2178 1590 2207 τοῦ
1618 2199 1626 2207 .
1654 2199 1661 2206 .
1690 2197 1697 2207 .

268 2222 395 2268 μεθὼν
410 2223 431 2269 ἦ
446 2222 477 2258 Ε
553 2222 598 2258 12
613 2222 831 2267 ἀποτέτμητο
846 2221 881 2257 D
958 2221 1002 2257 13
1023 2222 1232 2267 καρδιογμῶ
1249 2221 1375 2267 E(wp)
1451 2221 1496 2255 18
1513 2220 1572 2255 καὶ
1588 2219 1699 2266 prius

272 2281 348 2307 om.
375 2269 411 2306 D
509 2270 546 2306 τὸ
572 2273 666 2307 ante
692 2271 795 2310 ἔθνος
822 2269 851 2306 C

319 2397 372 2434 At
410 2398 680 2444 Bulgarorum
720 2399 907 2444 princeps
945 2396 1131 2443 Symeon,
1174 2397 1292 2432 homo
1335 2396 1622 2442 sanguinarius
1660 2395 1759 2431 0t18

201 2447 347 2493 quietis
373 2446 597 2492 impatiens,
631 2446 743 2491 genti
771 2445 1064 2482 Chrobatorum
1092 2444 1238 2480 bunum
1266 2444 1410 2487 intulit,
1448 2443 1518 2479 sed
1545 2443 1597 2478 ab
1624 2442 1699 2478 illis
1718 2442 1759 2476 19

202 2495 334 2530 victus
371 2494 411 2530 in
450 2494 645 2530 montium
687 2493 886 2539 angustiis
924 2502 1041 2527 suum
1080 2492 1302 2527 exercitum
1346 2491 1489 2526 amisit.
1539 2490 1698 2526 Interea
1713 2490 1760 2524 :20

202 2541 366 2588 quidam
397 2541 578 2577 Romano
614 2540 775 2577 nuntiat
809 2544 984 2575 statuam
1020 2540 1059 2574 in
1098 2549 1253 2575 summo
1292 2539 1447 2574 fornico
1479 2537 1696 2584 xeroloplni

203 2599 346 2625 versus
372 2598 563 2625 oceasum
591 2589 760 2635 positam
781 2589 819 2623 in
840 2587 1051 2632 Symoonis
1070 2586 1237 2633 Bulgari
1264 2588 1389 2622 satum
1418 2596 1505 2622 ease
1533 2595 1698 2621 conver·

202 2647 306 2682 saum
333 2637 449 2672 cuius
469 2640 628 2672 statuae
647 2641 770 2682 caput
789 2635 820 2670 si
840 2639 1082 2680 amputetur,
1109 2634 1321 2680 Symeonis
1339 2634 1543 2669 interitum
1562 2643 1699 2668 conso-

203 2689 403 2720 cuturum.
454 2686 543 2727 Quo
579 2683 714 2730 paullo
742 2687 831 2729 post
859 2684 966 2718 sacto
993 2681 1136 2717 eadem
1163 2681 1263 2717 hora
1291 2681 1530 2726 Symeonem
1567 2680 1698 2716 cordis
1713 2679 1756 2714 ‘21

202 2732 342 2768 morbo
381 2732 466 2767 vita
504 2731 662 2774 defecit,
702 2736 747 2767 ut
783 2734 872 2776 post
908 2730 994 2775 regi
1027 2735 1183 2775 tempus
1210 2729 1344 2765 obitus
1371 2729 1458 2763 eius
1484 2728 1699 2773 diligentur

202 2782 381 2815 scrutato
401 2784 460 2815 est
476 2780 760 2826 significatum.
811 2777 1013 2823 symeone
1032 2777 1154 2812 robus
1172 2776 1357 2811 humanis
1383 2779 1584 2821 exempto,
1611 2774 1699 2810 But·
1713 2774 1760 2810 22

202 2836 395 2872 garon-um
422 2827 673 2873 principatus
698 2825 750 2862 ad
778 2824 951 2867 Petrum,
983 2825 1070 2859 eius
1097 2824 1217 2859 fllium
1246 2834 1296 2859 ex
1323 2824 1451 2859 altera
1477 2833 1606 2858 uxore
1633 2833 1700 2867 go-

203 2875 343 2918 nitum,
379 2875 501 2919 venit,
536 2875 616 2920 qui,
644 2883 734 2909 cum
760 2881 798 2909 et
828 2872 1095 2918 Balgarorum
1123 2882 1225 2917 gens
1253 2872 1358 2906 fame
1385 2875 1635 2917 premeretur
1661 2873 1699 2905 et
1713 2869 1760 2906 23

203 2922 462 2959 finitimorum
482 2922 724 2969 populorum
743 2931 792 2957 ac
810 2919 1084 2956 Romanorum
1101 2919 1295 2965 imprimis
1313 2928 1426 2955 arma
1452 2919 1700 2962 timerentur,
