2054 3282
343 230 415 270 658
737 230 917 271 ZONAR.
945 230 1076 270 EPIT.
1101 229 1233 270 xv111
1259 231 1291 279 2,
1318 229 1446 269 8-20,

347 354 392 397 δὲ
422 359 494 410 τῆς
527 356 730 410 διανομῆς
762 356 973 410 ἠργμένης
1004 355 1028 396 ὁ
1060 355 1288 410 Βρυέννιος
1324 355 1558 410 προσετίθει
1594 358 1678 401 τοῖς
1714 369 1836 409 στρα-

344 424 507 471 τιώταις
537 424 585 465 τὰ
618 424 822 479 σιτηρέσια
854 423 925 465 καὶ
956 425 1071 478 ηὔξει
1101 423 1147 466 τὸ
1180 423 1344 478 ἑκάστῳ
1381 424 1659 478 νενεμημένον
1689 423 1836 466 ποσόν.

309 492 370 534 96
403 492 448 534 δὲ
486 497 559 534 τοῦ
596 496 757 547 χρυσοῦ
794 492 942 546 ταμίας
974 492 997 533 ὁ
1029 493 1247 547 εἰρημένος
1285 491 1392 546 ἀνὴρ
1435 492 1494 547 μὴ
1539 495 1660 533 τοῦτο
1703 492 1886 546 ἔλεγενΙ)
1907 497 1962 534 lV
1981 497 2049 534 186

345 561 581 602 ἐντετάλθαι
613 561 652 602 οἳ
682 559 790 615 πρὸς
810 564 884 602 τοῦ
907 561 1227 615 αὐτοκράτορος.
1290 561 1360 602 καὶ
1381 561 1405 602 ὁ
1426 561 1655 615 Βρυέννιος
1675 563 1838 601 σιωπᾶν

287 636 333 671 10
346 630 462 684 αὐτῷ
493 629 563 671 καὶ
593 633 724 670 ποιεῖν
755 628 800 670 τὸ
827 629 1149 683 ἐπιτασσόμενον
1171 629 1424 671 ἕνεκελεύετο
1446 630 1714 684 ἰταμώτερον.
1777 629 1874 675 ὡςῦ

346 695 383 739 δ’
418 699 472 739 ἔτι
504 698 528 739 ὁ
553 697 751 752 Ὀψαρᾶς
784 698 863 739 οὐκ
901 698 1099 746 ἐπείθετο,
1144 697 1245 739 ἀλλὰ
1286 698 1357 739 καὶ
1393 698 1655 752 θρασύτερον
1693 698 1839 752 ἐκείνῳ

131 773 209 809 PII
218 771 331 809 265A
346 766 568 820 ἀντέλεγεν,
601 766 625 808 ὁ
647 766 876 819 Βρυέννιος
898 766 1031 820 θυμῷ
1051 766 1229 821 ληφθεὶς
1251 767 1431 820 ἀνέθορέ
1451 782 1492 807 τε
1523 771 1594 821 τῆς
1625 767 1842 820 καθέδρας

344 834 415 876 καὶ
451 837 537 876 τῶν
571 837 726 890 τριχῶν
763 838 836 889 τῆς
871 851 912 876 τε
951 835 1114 890 ὑπήνης
1153 835 1388 889 λαβόμενος
1417 838 1491 876 τοῦ
1524 834 1679 888 ἀνδρὸς
1708 851 1840 890 προσ-

287 903 516 958 11αράσσει
546 908 595 958 τῇ
628 907 681 959 γῇ
711 903 783 945 καὶ
813 903 1046 958 περιβάλλει
1079 904 1258 958 δεσμοῖς.
1321 903 1442 958 ἔγγὺς
1479 904 1525 945 δέ
1555 920 1638 945 που
1670 920 1840 958 στρατο-

344 972 537 1014 πεδεύων
575 972 600 1013 ὁ
638 975 723 1014 τῶν
760 972 952 1014 Πισιδῶν
990 972 1061 1014 καὶ
1098 973 1338 1014 Λυκαόνων
1378 972 1637 1027 στρατάρχης
1679 972 1750 1014 καὶ
1792 972 1840 1014 τὰ
1858 976 1902 1012 10

345 1040 440 1095 περὶ
475 1044 548 1082 τοῦ
574 1040 751 1096 Ὅψαρᾶ
780 1041 940 1096 μαθὼν
971 1041 1043 1083 καὶ
1073 1042 1316 1096 τυραννίδος
1347 1045 1472 1083 ταῦτα
1510 1041 1655 1094 κρίνας
1693 1042 1842 1096 ἀρχήν,

346 1109 511 1164 ἀθρόον
541 1110 667 1151 ἔπεισι
696 1109 800 1165 μετὰ
831 1113 916 1152 τῶν
947 1107 1017 1151 ὕπ’
1052 1109 1177 1152 αὐτὸν
1203 1110 1426 1165 ταγμάτων
1447 1114 1496 1165 τῇ
1517 1114 1589 1151 τοῦ
1616 1110 1842 1164 Βρυεννίου

287 1185 334 1221 12
347 1182 495 1234 σκηνῇ.
557 1178 628 1220 καὶ
661 1178 806 1234 δεσμεῖ
830 1178 908 1234 μὲν
940 1179 1111 1234 ἐκεῖνον,
1144 1179 1229 1221 λύει
1262 1179 1306 1220 δὲ
1337 1178 1408 1220 τὸν
1428 1178 1628 1233 Ὀψαρᾶν
1658 1182 1743 1220 τῶν
1775 1179 1840 1220 δε-

346 1250 469 1301 σμῶν
499 1247 570 1289 καὶ
601 1248 718 1302 αὐτῷ
747 1247 819 1290 τὸν
841 1248 1070 1303 Βρυέννιον
1094 1248 1401 1302 παραδίδωσιν·
1435 1247 1459 1288 ὁ
1492 1248 1537 1289 δὲ
1568 1248 1713 1289 αὐτίκα
1745 1247 1842 1294 τοὺς

347 1315 601 1371 ὀφθαλμοὺς
627 1316 818 1358 ἐκκόπτει
850 1316 1024 1371 ἐκείνου,
1057 1316 1128 1358 καὶ
1160 1317 1296 1364 οὕτως
1327 1316 1398 1358 τὸν
1429 1317 1563 1371 ἄνδρα
1594 1320 1655 1370 τῷ
1685 1317 1846 1371 βασιλεῖ
1857 1318 1900 1354 15

347 1385 636 1439 ἐξαπέστειλεν,
670 1386 893 1432 ἐπιστείλας
924 1387 1041 1440 αὐτῷ
1072 1385 1142 1427 καὶ
1174 1386 1252 1427 ὅσα
1284 1386 1517 1440 τετόλμηκε.

288 1461 333 1497 13
466 1452 551 1494 Καὶ
587 1457 714 1495 ταῦτα
753 1454 830 1508 μὲν
868 1454 1148 1509 συνεκύρησεν
1186 1454 1343 1496 οὑτωσί
1350 1466 1357 1473 ·
1403 1454 1427 1494 ὁ
1460 1454 1506 1495 δέ
1537 1470 1582 1508 γε
1614 1453 1841 1509 Κομνηνός

300 1521 417 1565 Βκαὶ
449 1523 488 1564 οἳ
519 1522 666 1578 ἐκείνῳ
698 1523 1032 1578 συνομοσάμενοι
1064 1523 1333 1569 συνελθόντες
1364 1523 1489 1577 ἔργου
1527 1523 1717 1577 ἥπτοντο,
1754 1525 1840 1564 τῶν

346 1594 653 1646 στρατιωτικῶν
669 1591 917 1645 καταλόγων
938 1592 1116 1633 ἄλλοθεν
1138 1591 1264 1633 ἄλλου
1286 1592 1690 1647 προσρυϊσκομένων
1712 1591 1839 1646 αὐτῷ.

347 1733 392 1769 17
417 1732 609 1769 ἀποστασία
634 1738 694 1770 τοῦ
719 1735 910 1781 Κομνηνοῢ
940 1733 1000 1770 καὶ
1027 1738 1097 1770 τῶν
1122 1734 1255 1770 λοιπῶν
1281 1738 1543 1780 στρατιωτικῶν
1569 1733 1751 1780 ἀρχόντων
1777 1733 1840 1771 ΟΕ

418 1867 451 1901 1.
478 1864 500 1900 2
525 1865 566 1901 τὰ
591 1866 768 1911 σιτηρέσια
795 1869 889 1902 ante
915 1871 984 1905 τοῖς
1011 1865 1039 1902 C
1192 1867 1215 1901 4
1238 1866 1333 1911 παρὰ
1358 1866 1394 1901 D
1539 1871 1750 1911 κρατοῦντος
1774 1865 1839 1902 BC

416 1914 451 1949 4.
479 1914 499 1949 7
524 1914 687 1959 βρυένιος
711 1913 786 1958 ΒΟ,
814 1925 851 1949 v.
878 1914 929 1949 ad
957 1917 976 1955 ἓ
1001 1914 1025 1948 4
1121 1914 1143 1949 5
1167 1914 1383 1949 ἕνεκελεύετο
1408 1913 1575 1960 prDi‚
1602 1914 1778 1949 ἐκελεύετο
1805 1914 1839 1949 A

418 1962 440 1995 6
465 1967 584 2006 ψαρᾶς
609 1961 645 1995 D
743 1962 766 1996 8
791 1964 881 2007 post
906 1967 977 1996 τῶν
1003 1962 1094 1997 add.
1121 1968 1180 2007 τῆς
1207 1963 1366 2007 κεφαλῆς
1387 1961 1516 2007 Bpr
1613 1962 1837 2006 προςαράττει

418 2007 482 2045 ΒΟ
579 2009 602 2043 9
627 2009 824 2053 στρατεύων
850 2009 886 2044 D
985 2010 1031 2044 10
1057 2013 1151 2045 ante
1176 2010 1255 2044 λυκ.
1275 2010 1366 2044 add.
1384 2014 1454 2044 τῶν
1472 2010 1567 2055 Ewp
1667 2009 1711 2044 12
1734 2009 1838 2044 αὐτὸν

418 2055 586 2102 prDi,
612 2057 730 2092 αὐτῶν
747 2056 783 2091 Α
877 2058 1041 2103 βρυενιόυ
1060 2057 1135 2099 BC,
1163 2068 1200 2092 V.
1220 2057 1273 2092 ad
1292 2060 1310 2098 ξ
1329 2059 1352 2091 4
1451 2057 1495 2091 14
1518 2057 1679 2103 βρυένιον
1698 2056 1772 2101 BC,
1800 2068 1837 2092 V.

419 2104 471 2139 ad
487 2108 506 2145 ἓ
520 2105 542 2138 4
634 2104 688 2139 14.
706 2104 750 2139 15
767 2105 930 2139 ἐκκόπτει
944 2105 1081 2139 ἐκείνου
1096 2105 1136 2139 τὰ
1150 2106 1288 2149 ὄμματα
1303 2104 1365 2140 BC
1464 2105 1508 2139 15
1525 2106 1618 2139 οὕτω
1633 2104 1837 2150 DEwpDi,

418 2162 456 2187 V.
483 2152 535 2186 ad
561 2151 658 2187 XIII
685 2152 718 2196 6,
740 2152 784 2187 16
883 2153 927 2187 16
952 2153 1185 2193 ἐξαπέστειλεν
1211 2151 1379 2198 prDi,
1407 2152 1623 2193 ἐξαπέστειλε
1648 2151 1694 2197 A,
1722 2163 1759 2187 V.
1786 2154 1839 2187 ad

418 2199 515 2235 XIII
534 2200 565 2244 1,
579 2199 602 2235 5
701 2200 746 2235 18
770 2200 1058 2246 συνωμοσάμενοι
1087 2199 1117 2235 O
1215 2201 1349 2245 εἴχοντο
1375 2200 1438 2236 BC
1535 2200 1581 2235 19
1605 2200 1722 2239 αὐτοῖς
1739 2199 1837 2246 pr

310 2342 334 2377 9
347 2341 593 2376 frumentum
609 2340 905 2377 admetiebatur
919 2344 958 2376 et
973 2341 1171 2387 pecuniae
1189 2351 1383 2376 summam
1403 2341 1593 2386 augebat.
1644 2339 1838 2386 Opsaram

347 2398 446 2423 vero
473 2391 728 2433 quaestorem
754 2392 973 2434 negantem
1000 2399 1042 2424 se
1069 2389 1120 2424 ab
1150 2389 1394 2434 imperatore
1419 2388 1459 2423 id
1482 2389 1523 2423 in
1549 2388 1749 2423 mandatis
1773 2389 1838 2423 ha—

346 2437 445 2471 bere
470 2435 699 2481 Bryennius
730 2439 867 2472 tacere
899 2440 949 2480 et,
988 2436 1097 2481 quod
1123 2437 1402 2482 imperaretur,
1439 2436 1575 2470 facere
1601 2436 1838 2471 insolentius

289 2484 335 2520 10
347 2484 472 2519 iussit.
522 2483 652 2519 Etiam
679 2486 763 2518 tum
790 2484 1080 2519 detrectantem
1107 2489 1146 2519 et
1172 2484 1368 2519 audacius
1392 2484 1665 2528 refragantem
1689 2483 1838 2529 Bryen-

346 2531 439 2566 nius
464 2532 525 2565 ira
552 2532 728 2577 percitus
755 2531 804 2566 de
831 2531 927 2566 sella
954 2532 1154 2575 exsiliens,
1191 2535 1354 2576 arrepta
1380 2532 1466 2566 eius
1493 2541 1607 2565 coma
1634 2535 1672 2566 et
1699 2532 1838 2575 barba,

289 2579 333 2614 11
348 2578 432 2614 solo
458 2578 603 2613 illisum
631 2579 672 2614 in
690 2579 853 2614 vincula
872 2579 1028 2614 conicit.
1080 2579 1167 2621 Quo
1188 2579 1270 2614 dux
1289 2579 1514 2613 Pisidarum
1534 2581 1573 2613 et
1590 2578 1838 2624 Lycaonum,

349 2626 418 2671 qui
446 2629 578 2661 castra
604 2627 645 2661 in
672 2627 899 2672 propinquo
926 2627 1112 2670 habebat,
1148 2627 1322 2671 cognito,
1357 2626 1398 2660 id
1423 2626 1582 2660 facinus
1613 2626 1839 2671 tyrannidis

348 2674 589 2719 principium
615 2674 800 2709 iudicans
826 2673 1016 2719 Bryennii
1045 2674 1350 2709 tabernaculum
1377 2684 1466 2708 eum
1494 2674 1576 2707 suis
1609 2674 1838 2719 legionibus

288 2722 334 2757 12
349 2732 399 2756 ex
418 2722 637 2766 improviso
652 2721 808 2756 invadit
822 2721 1035 2766 solutoque
1050 2721 1228 2767 Opsarae
1243 2721 1489 2766 Bryennium
1509 2721 1687 2756 vinetum
1703 2721 1837 2765 tradit,

349 2769 417 2813 qui
455 2769 654 2804 hominem
695 2769 828 2804 statim
867 2769 1022 2804 effossis
1055 2769 1180 2804 oculis
1214 2769 1266 2803 ad
1298 2778 1434 2813 regem
1469 2778 1557 2803 cum
1585 2779 1718 2804 rerum
1750 2769 1837 2804 eius

349 2817 730 2851 commemoratione
755 2817 872 2852 misit.

289 2865 334 2900 13
467 2863 621 2905 Quibus
647 2864 770 2899 rebus
795 2865 920 2909 gestis
940 2863 1168 2900 Comnenus
1194 2873 1277 2898 una
1298 2873 1385 2898 cum
1407 2864 1627 2898 coniuratis
1647 2864 1685 2898 in
1711 2873 1836 2898 unum

349 2912 555 2956 congressi
582 2921 665 2946 rem
692 2912 906 2958 urgebant,
934 2922 985 2947 ex
1010 2911 1249 2946 militaribus
1276 2911 1472 2957 catalogis
1497 2911 1660 2946 aliunde
1679 2911 1756 2946 alio
1784 2911 1837 2946 ad
