1968 3302
291 202 338 250 94
639 200 822 253 ZONAR.
849 202 979 252 EPIT.
1006 201 1104 251 xm
1130 214 1186 260 19,
1213 203 1367 263 26-26,
1394 204 1449 253 15.

290 333 487 391 Ὀνωρίῳ
528 336 573 379 δὲ
612 336 685 391 τὴν
723 337 1009 392 πρεσβυτέραν
1043 336 1212 391 Ῥώμην
1255 339 1592 394 προσκληρώσας
1632 338 1703 381 καὶ
1742 335 1791 381 τὰ

290 404 470 458 ἑσπέρια.

20 478 69 516 W
84 478 142 514 III
158 478 204 514 32
218 474 276 516 20
401 472 559 528 Ἦρχεν
589 474 667 528 μὲν
699 473 774 515 οὗν
806 473 1002 527 ἑκάτερος
1032 473 1193 515 τούτων
1223 479 1296 529 τῆς
1327 475 1665 531 ἀπονεμηθείσης
1694 476 1789 530 μοί-

289 557 367 595 ρας
411 542 540 596 αὐτῷ,
587 542 657 583 καὶ
701 542 864 596 γνόντες
904 542 966 588 ὡς
1005 542 1048 583 ἒν
1086 546 1136 597 τῇ
1168 542 1321 597 Σκήτει
1358 544 1560 598 μονάζων
1599 545 1624 585 ὁ
1658 544 1791 599 μέγας

85 617 168 652 PII
182 608 492 664 38ΑἈρσένιος
523 610 587 665 ἧν,
620 611 852 656 πλειστάκις
883 611 999 664 αὐτῷ
1032 611 1326 653 ἐπεστάλκασιν
1357 613 1555 666 εὔχεσθαι
1581 613 1826 661 ἀξιοῦντεςὸ

252 678 393 733 2ὗπὲρ
425 679 576 720 αὐτῶν.
640 679 664 720 ὁ
697 679 743 720 δέ
775 695 819 732 γε
851 677 1069 733 Ἀρκάδιος
1100 679 1170 720 καὶ
1207 680 1290 734 ἰδίᾳ
1329 685 1390 734 τῷ
1429 681 1537 735 ἁγίῳ
1575 681 1788 735 ἐπέστειλε,

286 748 549 801 παρακαλῶν
589 749 843 802 συγγνώμην
880 751 1014 801 νεῖμαι
1052 748 1169 801 αὐτῷ
1207 747 1273 789 διὰ
1311 748 1385 803 τὴν
1416 753 1505 790 κατ’
1540 749 1669 791 αὐτοῦ
1702 749 1788 791 ε’πι-

250 816 458 870 3βουλήν,
502 815 574 856 καὶ
612 816 807 870 ἐπέτρεπε
846 816 985 870 λαβεῖν
1025 815 1152 858 αὐτὸν
1190 816 1262 857 τὸν
1299 821 1372 871 τῆς
1402 817 1617 871 Αἰγύπτου
1651 818 1790 872 πάσης

249 883 451 937 4δασμόν
512 884 582 925 καὶ
620 885 861 939 χρήσασθαι
899 884 960 931 ὡς
999 885 1116 939 αὐτῷ
1152 884 1262 939 πρὸς
1291 885 1460 940 βουλῆς.
1524 886 1548 927 ὁ
1582 886 1627 927 δὲ
1656 887 1790 941 μέγας

286 951 490 1006 Ἀρσένιος
529 953 817 994 ἀντεπιστεῖλαι
859 953 937 1007 μὲν
980 957 1064 1000 τοῖς
1109 954 1436 1007 αὐτοκράτορσιν
1476 955 1556 996 οὐκ
1594 955 1787 1010 ἠθέλησε,
1804 962 1850 997 10

249 1025 369 1066 5τοῖς
401 1018 438 1062 δ’
473 1022 529 1067 εἷς
561 1021 689 1062 αὐτὸν
720 1022 1005 1063 ἀποσταλεῖσιν
1037 1023 1161 1063 εἰπεῖν
1199 1023 1340 1069 αὐτοῖς
1377 1023 1596 1065 ἐνετείλατο
1635 1023 1694 1065 ὅτι
1732 1023 1788 1065 “0²

284 1089 387 1136 θεὸς
418 1091 683 1144 συγχωρήσει
714 1091 811 1144 ὑμῖν
842 1090 913 1132 καὶ
934 1090 981 1131 τά
1005 1091 1134 1132 αὐτοῦ
1156 1091 1346 1145 πράττειν
1366 1092 1527 1146 ποιήσει
1549 1091 1786 1147 θελήματα·

285 1158 378 1212 ἐμοὶ
411 1158 456 1200 δὲ
487 1158 569 1213 ἤδη
602 1159 856 1213 νεκρωθέντι
887 1164 949 1213 τῷ
980 1159 1133 1213 κόσμῳ
1164 1159 1213 1200 τὰ
1245 1160 1439 1214 χρήματα
1472 1160 1706 1214 ἄχρηστα.”

248 1235 270 1270 6
409 1225 545 1273 Οὗτος
576 1227 601 1268 ὁ
631 1226 823 1281 βασιλεὺς
848 1227 1071 1281 Ἀρκάδιος
1109 1229 1152 1269 ἒν
1185 1233 1234 1283 τῇ
1272 1227 1422 1283 Θρᾴκῃ
1459 1228 1580 1270 πόλιν
1617 1229 1784 1271 οἰκοδο-

282 1295 422 1351 μήσας
438 1295 786 1349 Ἀρκαδιούπολιν
818 1296 947 1351 αὐτὴν
979 1297 1231 1351 ἐπωνόμασε
1262 1297 1332 1338 καὶ
1363 1297 1435 1339 τὸν
1466 1298 1509 1339 ἕν
1543 1297 1784 1353 Ξηρολόφῳ
1801 1304 1845 1339 15

236 1364 473 1419 Βᾶνήγειρε
504 1364 623 1406 κίονα
654 1364 725 1405 καὶ
757 1363 820 1406 ἔπ’
855 1366 984 1407 αὐτοῦ
1017 1366 1239 1420 ἀνδριάντα
1274 1367 1426 1408 οἰκεῖον
1457 1366 1657 1421 ἐνίδρυσε.

281 1479 304 1514 3
328 1479 486 1525 βασιλεία
507 1479 693 1524 Ἀρκαδίου
719 1479 765 1524 Α,
804 1480 872 1516 υἱοὶ
899 1485 960 1516 τοῦ
985 1481 1140 1526 μεγάλου
1174 1481 1368 1517 Θεοδοσίου
1395 1481 1439 1524 Β,
1476 1481 1634 1527 βασιλεία
1653 1481 1781 1526 Ἀρκα-

281 1528 360 1563 δίου
387 1527 446 1563 καὶ
467 1527 638 1573 Ὀνωρίου
663 1527 697 1562 R

354 1635 373 1669 1
399 1634 543 1680 ὀνωρίῳ
561 1634 682 1680 ARW‚
713 1635 865 1680 Ονωρίῳ
893 1646 930 1681 p,
951 1636 1115 1681 Ὁνωρίῳ
1134 1634 1191 1671 Di
1286 1635 1538 1682 πρεσβυτέραν]
1565 1636 1728 1682 ἓσπερίαν
1746 1636 1782 1672 D

352 1683 376 1718 2
401 1687 492 1729 post
524 1684 666 1728 ἑσπέρια
698 1683 791 1719 add.
824 1684 934 1719 ὁπόσα
968 1685 1093 1725 (ὁπόσα
1120 1695 1195 1720 om.
1222 1684 1273 1728 D)
1307 1685 1479 1730 ῥωμαιόις
1513 1685 1603 1730 ἦσαν
1639 1685 1782 1730 ὑπήκοα

352 1730 452 1777 pr
551 1731 574 1766 3
593 1731 729 1776 Ἠρχεν
747 1750 791 1756 -
807 1731 831 1766 4
855 1731 966 1777 αὐτῷ]
995 1733 1088 1767 οὕτω
1115 1733 1391 1778 διανεμηθείσης
1418 1738 1488 1771 τοῖς
1514 1737 1574 1767 τοῦ
1593 1733 1782 1768 θεοδοσίου

351 1780 440 1817 υἱοῖς
471 1784 531 1825 τῆς
565 1784 635 1814 τῶν
666 1779 839 1824 ῥωμαίων
870 1780 1057 1825 ἡγεμονίας
1087 1780 1176 1826 ἦρχε
1207 1786 1268 1826 τῆς
1301 1781 1433 1818 οἰκείας
1459 1781 1586 1825 μοίρας
1617 1781 1782 1825 ἑκάτερος

351 1826 462 1873 pr‚
502 1827 573 1863 sed
600 1827 631 1861 Ε
658 1830 748 1873 post
787 1827 971 1888 ἡγεμονίας
1009 1829 1118 1874 ἦρχεν
1158 1829 1309 1874 pemit:
1348 1829 1513 1888 ἑκάτερος
1550 1828 1683 1863 τούτων
1722 1843 1781 1874 της

349 1875 637 1920 ἀπονεμηθείσης
661 1877 788 1919 μοίρας
814 1876 911 1920 αὐτη
1079 1875 1111 1910 4.
1139 1876 1161 1911 5
1185 1877 1351 1920 μονάζων
1377 1876 1420 1921 ἦν
1446 1877 1466 1910 ὁ
1488 1877 1597 1920 μέγας
1623 1876 1782 1921 ἀρσένιος

353 1922 422 1958 OW
426 1934 461 1968 p,
488 1923 532 1968 ἦν
554 1924 721 1967 μονάζων
746 1924 765 1957 ὁ
789 1923 896 1968 μέγας
922 1924 1079 1968 ἁρσὲνιος
1108 1924 1137 1958 Ε
1252 1924 1273 1957 ἴ)
1298 1925 1479 1962 πειστάκις
1505 1923 1554 1967 D,
1583 1934 1683 1959 corr.
1711 1923 1781 1962 Dw

397 1970 654 2006 ἀπεστάλκασιν
667 1970 698 2004 Β
788 1971 821 2006 5.
837 1971 858 2005 6
884 1972 1094 2012 ᾶξιοῦντες”
1077 1971 1162 2016 υπὲρ
1178 1971 1295 2006 αὐτῶν
1308 1985 1347 2005 ει
1333 1971 1477 2016 ”laevae
1493 1972 1523 2006 Ε
1612 1973 1632 2008 7
1658 1971 1721 2017 τὴν
1736 1992 1780 1997 -

349 2018 553 2064 ἐπιβουλήν]
581 2020 631 2053 ὅτι
658 2019 755 2063 αὐτῷ
779 2019 1010 2064 ἕπεβούλεισε
1038 2019 1068 2055 O
1096 2020 1167 2061 (ἐπ
1157 2020 1318 2065 βούλεσε
1345 2019 1395 2061 D)
1425 2030 1486 2064 W
1639 2019 1660 2054 9
1690 2022 1780 2065 post

349 2066 485 2111 δασμὸν
503 2066 596 2101 add.
614 2072 674 2102 τοῦ
693 2067 823 2105 ἔτους’
807 2068 943 2102 εκείνου
962 2065 1130 2112 prDz',
1158 2078 1233 2102 om.
1253 2066 1299 2110 A,
1327 2078 1363 2102 V.
1383 2066 1429 2102 G.
1450 2067 1498 2102 M.
1519 2078 1556 2113 p.
1571 2066 1652 2112 472,
1667 2067 1714 2102 22
1729 2077 1779 2103 SS.

349 2117 389 2149 et
415 2114 468 2149 ad
493 2113 590 2149 XIII
620 2114 674 2155 10,
705 2115 746 2149 18
930 2114 968 2149 δὲ
995 2126 1070 2149 om.
1097 2115 1144 2158 D,
1172 2115 1249 2160 δέγε
1276 2115 1305 2149 E
1499 2115 1540 2149 11
1568 2115 1617 2154 εἷς
1646 2125 1722 2150 om.
1747 2115 1779 2150 B

350 2161 394 2196 12
420 2162 645 2207 συγχωρήσω
662 2162 762 2208 pr
861 2163 1043 2208 θελήματα
1068 2163 1203 2207 ποιήσει
1232 2163 1273 2202 Ε,
1299 2163 1440 2207 ποιήσοι
1467 2162 1650 2208 θελήματα
1676 2162 1778 2208 pr

350 2209 394 2244 15
421 2213 515 2245 ante
543 2211 632 2255 Ξηρ.
662 2210 753 2244 add.
780 2217 829 2254 τῷ
857 2210 954 2255 pr
1054 2211 1250 2255 ξηρολόιφω
1277 2210 1307 2244 Ε
1408 2210 1451 2245 16
1477 2210 1573 2255 αι’ντῷ
1594 2210 1695 2256 pr

395 2317 452 2353 20.
505 2317 772 2353 Gubernabat
804 2318 928 2363 igitur
958 2320 1130 2363 uterque
1158 2318 1483 2363 horum‘partem
1510 2317 1585 2353 sibi
1612 2318 1778 2353 attribu·

276 2369 357 2401 tam
394 2370 434 2401 et
467 2375 558 2401 cum
594 2366 884 2411 comperissent
917 2365 1024 2402 Sceti
1058 2367 1300 2401 monachum
1335 2376 1528 2411 magnum
1561 2364 1777 2400 Arsenium

276 2423 375 2458 esse,
411 2423 704 2459 saepenumero
732 2423 804 2459 per
830 2413 983 2449 litteras
1010 2414 1061 2448 ab
1089 2424 1136 2449 eo
1166 2414 1408 2459 petiverunt,
1441 2417 1486 2448 ut
1511 2417 1606 2448 vota
1633 2423 1705 2458 pro
1733 2423 1776 2448 se

238 2462 372 2507 2ipsis
402 2462 567 2506 faceret,
606 2459 782 2496 Arcadio
811 2464 850 2496 ez
875 2462 1065 2506 privatim
1092 2472 1116 2496 a
1143 2463 1230 2496 viro
1258 2466 1397 2496 saneto
1425 2461 1585 2496 veniam
1612 2463 1775 2506 petente

238 2509 327 2545 30b
361 2512 525 2554 paratas
556 2509 612 2543 illi
643 2509 811 2544 insidias
847 2514 886 2544 et
919 2509 1097 2544 donante
1131 2512 1258 2544 totum
1291 2509 1485 2543 tributum
1511 2507 1772 2554 Aegyptium,

237 2557 356 2602 4quo
383 2557 448 2592 ille
474 2559 658 2592 uteretur
683 2566 758 2591 suo
785 2557 995 2592 arbitratu.
1045 2555 1098 2590 At
1123 2567 1297 2602 magnus
1323 2556 1388 2591 ille
1414 2555 1608 2591 Arsenius
1634 2557 1772 2591 reseri-

274 2605 372 2639 bere
397 2604 711 2650 imperatoribus
737 2605 876 2648 noluit,
915 2604 986 2639 sed
1023 2604 1179 2649 legatos
1212 2605 1264 2638 ad
1296 2614 1338 2639 se
1369 2604 1510 2639 missos
1543 2605 1599 2639 eis
1638 2603 1772 2639 dicere

238 2652 409 2688 5iussit:
450 2651 593 2687 “Deus
628 2652 856 2698 indulgebit
897 2652 1013 2687 vobis
1052 2656 1091 2686 et
1126 2651 1278 2695 efficiet,
1321 2654 1366 2686 ut
1403 2661 1502 2686 suae
1527 2661 1680 2686 morem
1706 2661 1773 2697 ge-

274 2700 372 2734 ratis
399 2699 614 2759 voluntat&
653 2699 748 2734 mihi
777 2710 874 2735 vero
905 2700 985 2734 iam
1017 2702 1176 2735 mortuo
1210 2700 1331 2734 rebus
1363 2699 1558 2743 humanis,
1598 2700 1773 2744 pecunia

275 2747 453 2782 inutilis.³

238 2797 260 2832 6
392 2793 593 2830 Arcadius
619 2795 683 2830 hie
709 2805 782 2830 rex
809 2795 952 2831 urbem
978 2794 1019 2830 in
1046 2793 1219 2829 Thracia
1246 2793 1449 2829 conditam
1471 2792 1772 2840 Areadiopolim

274 2842 499 2879 nominavit
531 2848 570 2879 et
603 2843 830 2879 columnam
856 2843 963 2880 illam
996 2842 1038 2878 in
1063 2841 1295 2890 Xerolopho
1330 2842 1470 2889 erexit,
1508 2841 1549 2878 in
1583 2851 1664 2889 qua
1696 2844 1772 2878 sta-

274 2892 386 2933 tuam
412 2899 527 2929 suam
555 2890 779 2933 collocavit.

1936 2412 1963 2591 ἐ
1948 2267 1949 2270 „
1946 2159 1947 2162 Α
