2054 3282
558 229 692 268 ZOAE
716 230 785 269 Ac
810 229 1131 269 THEODORAE
1155 231 1382 269 REGNVM.
1647 233 1719 270 613

222 351 373 399 σκότος
403 353 601 408 ἐκάλυψε,
637 353 746 407 πρὸς
774 352 849 408 τὴν
885 352 1118 408 Θεοδώραν
1149 354 1190 396 οἱ
1218 353 1293 409 τὴν
1321 354 1515 409 πήρωσιν
1546 354 1717 402 ἐκείνοις

222 421 509 476 σχεδιάσαντες
525 422 834 477 ἒπανήλθοσαν,
857 423 910 464 ἔτι
932 427 994 477 τῷ
1012 422 1186 477 μεγάλῳ
1206 423 1361 478 τεμένει
1380 423 1715 478 προσμένουσαν.

220 491 247 545 ἡ
280 490 327 532 δὲ
358 489 462 544 Ζωὴ
495 490 691 545 ἐτύγχανε
720 491 814 544 περὶ
850 490 898 532 τὰ
936 491 1133 546 βασίλεια.
1194 490 1247 546 ἦν
1282 491 1361 546 μὲν
1401 490 1478 534 οὖν
1521 492 1627 547 αὐτῇ
1669 491 1716 534 τὸ
1729 493 1847 530 2425

219 558 479 613 βουλόμενον
515 558 575 613 μὴ
614 559 905 614 προσήσεσθαι
934 563 1008 601 τοῦ
1039 560 1221 614 κράτους
1250 559 1458 602 κοινωνὸν
1487 559 1562 615 τὴν
1593 560 1715 615 ὁμαί-

183 628 207 664 5
219 638 352 682 μονα·
397 627 635 682 ἐζηλοτύπει
679 627 759 682 γὰρ
803 627 1003 675 ἐκτόπως.
1066 625 1153 670 ἀλλ’
1193 629 1234 670 οἱ
1272 632 1346 683 τῆς
1384 629 1604 683 γερουσίας
1644 628 1717 670 καὶ
1729 631 1776 667 ‘26

220 696 356 751 ἄμφω
388 697 619 751 σεβόμενοι,
658 696 732 750 τὴν
761 697 840 751 μὲν
871 697 933 743 ὡς
962 697 1152 752 βασιλίδα
1185 700 1309 752 σφῶν
1340 697 1387 739 ἐκ
1417 701 1603 752 μακροῦ,
1641 697 1716 752 τὴν

222 764 267 807 δὲ
304 765 366 812 ὡς
401 765 492 819 ἄρτι
523 766 834 820 ἅναρρηθεῖσαν
864 765 935 807 καὶ
966 769 1040 808 τοῦ
1071 766 1358 821 καταλυθῆναι
1387 766 1462 821 τὴν
1491 767 1715 820 τυραννίδα

221 834 447 889 γενομένην
477 834 620 887 αἰτίαν,
651 834 846 876 πείθουσι
876 834 949 889 τὴν
979 835 1265 889 πρεσβυτέραν
1285 834 1494 877 κοινωνὸν
1513 839 1587 877 τοῦ
1609 835 1714 890 κρά-

1 934 35 1001 ζ,
219 918 317 948 τους
345 903 667 985 προσειληφέναι
696 902 771 958 τὴν
802 903 999 958 ἀδελφήν.
1060 904 1151 958 ἥκει
1181 904 1318 945 τοίνυν
1349 903 1420 945 καὶ
1451 905 1476 958 ἡ
1505 902 1714 959 Θεοδώρα
1727 907 1774 943 27

13 1021 25 1037 Σ
64 973 119 1010 1v
138 973 206 1010 155
218 970 328 1026 πρὸς
356 970 405 1012 τὰ
436 971 620 1027 βασίλεια
651 971 722 1013 καὶ
754 972 998 1026 συμμετέχει
1028 975 1102 1013 τοῦ
1133 972 1316 1026 κράτους
1345 976 1395 1028 τῇ
1426 972 1609 1027 ἀδελφῇ·
1649 972 1713 1014 ἒν-
1727 975 1775 1011 28

28 1055 30 1059 ’
218 1041 366 1082 τεῢθεν
389 1041 618 1095 ὑπερορίαν
639 1041 680 1082 οἱ
698 1041 971 1095 πηρωθέντες
991 1040 1087 1087 τοὺς
1108 1040 1363 1095 ὀφθαλμοὺς
1383 1041 1712 1095 κατακρίνονται,
1726 1043 1758 1079 Β

217 1112 291 1164 τῆς
332 1109 540 1164 βασιλείας
582 1110 722 1156 αὐτοῖς
764 1109 828 1151 ἐπὶ
871 1113 1009 1164 μῆνας
1046 1110 1249 1164 τέσσαρας
1287 1109 1359 1151 καὶ
1395 1110 1514 1151 πέντε
1551 1110 1714 1164 ἡμέρας

5 1226 7 1230 ,
219 1178 495 1233 συσταλείσης,
528 1178 590 1225 ὡς
620 1179 708 1220 εἴθε
740 1195 784 1232 γε
815 1178 887 1220 καὶ
917 1178 984 1220 ἐπὶ
1013 1178 1284 1233 βραχύτερον.

0 1254 18 1306 {f
339 1246 595 1302 Κατηντήκει
625 1247 762 1289 τοίνυν
791 1246 886 1301 περὶ
916 1246 990 1302 τὴν
1021 1251 1307 1301 γυναικωνῖτιν
1335 1248 1360 1301 ἧ
1389 1250 1474 1289 τῶν
1490 1247 1714 1301 Ῥωμαίων
1727 1245 1785 1289 20
1799 1250 1995 1287 W111196

159 1319 204 1354 15
218 1315 340 1371 ἀρχή,
372 1315 444 1357 καὶ
465 1316 590 1358 οὐδέν
617 1332 651 1357 τι
681 1316 775 1368 περὶ
806 1316 957 1362 ταύτας
987 1316 1288 1370 νενεωτέριστο,
1321 1315 1424 1358 ἀλλὰ
1455 1316 1606 1362 πάντες
1636 1316 1712 1357 αὗ-

215 1388 303 1432 ταῒς
338 1385 521 1434 ὑπεῖκον,
564 1385 611 1427 τό
646 1401 688 1427 τε
718 1389 791 1440 τῆς
822 1385 1039 1439 γερουσίας
1075 1386 1224 1439 ἔξοχον
1254 1384 1325 1426 καὶ
1355 1384 1402 1427 τὸ
1432 1389 1506 1427 τοῦ
1538 1401 1711 1440 στρατη-

217 1452 307 1508 γίου
351 1453 665 1508 ἐπισημότατον.
728 1454 772 1494 αἱ
810 1451 847 1494 δ’
888 1454 1023 1508 ἄμφω
1063 1453 1274 1508 ἐκάθηντο
1312 1453 1379 1512 ἐπὶ
1414 1454 1606 1509 βήματος
1641 1453 1749 1495 καὶ2

215 1525 329 1564 πᾶσα
365 1521 460 1576 περὶ
497 1521 626 1568 αὐτὰς
661 1522 829 1564 ἐτελεῖτο
865 1523 890 1577 ἡ
923 1522 1056 1577 τελετὴ
1090 1522 1116 1577 ἡ
1147 1522 1353 1577 βασίλειος
1389 1522 1461 1564 καὶ
1496 1527 1546 1578 τῇ
1585 1523 1711 1577 δορυ-

216 1590 346 1646 φορίᾳ
366 1590 414 1633 τὸ
435 1590 501 1633 ἐπὶ
521 1594 606 1633 τῶν
626 1591 834 1646 βασιλέων
854 1595 995 1646 σχῆμα
1027 1591 1235 1646 τετήρητο,
1266 1590 1338 1633 καὶ
1370 1592 1411 1634 οἱ
1439 1595 1512 1647 τῆς
1541 1592 1714 1647 πρώτης

218 1738 264 1775 14
286 1739 446 1785 βασιλεία
470 1740 558 1775 Ζω
535 1753 576 1784 ης
606 1738 666 1775 καὶ
699 1739 891 1784 Θεοδώρας
922 1744 994 1775 τῶν
1024 1739 1256 1786 αὐταδέλφων
1294 1740 1337 1785 (τ.
1361 1740 1435 1776 αὐτ.
1464 1751 1539 1777 om.
1566 1738 1612 1786 A,
1653 1745 1713 1787 τῆς

216 1787 436 1832 αὔταδέλφης
460 1786 505 1830 Ε)
532 1785 614 1830 AR,
642 1787 798 1833 βασιλεία
823 1793 1004 1833 γυναικῶν
1030 1787 1060 1823 Β

290 1918 307 1953 1
322 1918 563 1965 ἀμφεκάλυψε
575 1917 651 1962 BC,
667 1929 703 1954 v,
715 1919 830 1954 Hom.
845 1919 888 1955 ll.
903 1918 956 1954 IV
969 1918 1036 1954 461
1113 1919 1135 1955 3
1148 1919 1226 1965 ζωὴ
1239 1919 1272 1955 δ’
1288 1918 1351 1956 BC
1423 1919 1512 1965 αὐτῇ
1525 1919 1711 1964 stpDz',

287 1965 375 2012 αὐτὴ
401 1965 435 2001 Α
542 1966 588 2001 12
612 1966 718 2011 αὐτῆς
745 1966 780 2001 D
877 1967 1008 2013 ἡμέρας
1031 1967 1132 2002 πέντε
1158 1966 1221 2003 BC
1320 1968 1364 2002 13
1389 1967 1444 2002 ἐπὶ
1473 1978 1548 2003 om.
1576 1966 1711 2013 DEwp

290 2013 335 2049 14
360 2015 608 2059 γυναικωνίτιν
625 2013 706 2057 AR,
733 2015 990 2059 γυναικωνίτην
1008 2026 1083 2059 wp,
1111 2025 1212 2050 corr.
1232 2014 1289 2051 Di
1387 2015 1432 2050 15
1457 2015 1661 2060 νεωτέριστο
1680 2014 1710 2050 Β

289 2062 335 2097 16
360 2062 503 2107 ὑπεῖχον
530 2061 578 2108 p*
677 2062 721 2099 17
750 2061 789 2097 δὲ
815 2062 851 2097 D
950 2063 995 2098 18
1019 2062 1146 2102 αὐτοὺς
1166 2063 1197 2098 Ε
1305 2063 1327 2108 ἦ
1354 2062 1468 2108 τελετὴ
1493 2062 1516 2108 ἦ
1540 2063 1712 2109 βασίλειος

287 2109 334 2154 Α,
361 2109 477 2155 τελετὴ
502 2110 524 2155 ἦ
547 2109 720 2155 βασίλειος
748 2109 894 2156 DEwp,
924 2110 946 2156 ἦ
971 2110 1145 2156 βασίλειος
1170 2110 1284 2157 τελετὴ
1311 2110 1345 2146 R
1452 2110 1497 2146 19
1522 2116 1592 2150 τοῖς
1615 2111 1712 2157 βασι·

285 2158 382 2194 moa
406 2156 616 2204 BCduoPp

215 2289 255 2324 in
285 2289 433 2335 templo
459 2292 689 2324 versantem
721 2288 941 2325 redierunt.
992 2289 1097 2325 Zoae
1129 2299 1227 2326 vero
1260 2290 1301 2324 in
1333 2289 1489 2335 regiam
1520 2298 1710 2326 reversae
1724 2287 1771 2323 24

216 2337 378 2372 minime
404 2336 601 2383 placebat,
628 2341 672 2372 ut
699 2340 786 2372 erat
811 2337 1144 2382 ambitiosissima,
1177 2347 1356 2373 sororem
1383 2338 1594 2383 potestatis
1620 2347 1709 2373 con·
1724 2335 1771 2372 25

216 2389 363 2420 sortem
391 2384 613 2420 admittere.
664 2384 812 2420 Verum
839 2389 1004 2420 senatus
1034 2389 1250 2430 utramque
1284 2394 1497 2427 venerans,
1536 2385 1640 2420 hanc
1666 2389 1711 2421 ut
1724 2383 1770 2419 26

217 2433 295 2467 iam
314 2432 467 2478 pridem
487 2433 670 2478 reginam
692 2442 818 2475 sunm,
844 2432 949 2467 illam
978 2436 1022 2468 ut
1047 2433 1166 2467 modo
1195 2432 1448 2477 designatam
1476 2435 1514 2468 et
1541 2442 1710 2469 eversae

216 2479 443 2515 tvrannidis
469 2490 644 2519 causam.
679 2485 776 2515 natu
805 2480 944 2515 maiori
974 2480 1202 2536 persuadet,
1235 2484 1279 2515 ut
1305 2490 1483 2515 sororem
1512 2479 1708 2526 collegam

216 2527 412 2563 admittat.
463 2527 605 2573 Itaque
636 2527 851 2563 Theodora
885 2538 1047 2573 quoque
1079 2529 1232 2573 regiam
1266 2529 1452 2573 ingressa
1492 2528 1579 2574 pari
1618 2526 1769 2563 eum27

216 2574 295 2610 204⁴,
322 2579 519 2621 potestate
546 2586 620 2610 usa
647 2581 723 2619 est·
763 2576 915 2610 enecat-i
942 2580 1075 2610 autem
1104 2575 1225 2611 exilio
1252 2575 1408 2611 multati
1436 2579 1541 2620 sunt,
1579 2586 1708 2622 regno
1723 2573 1770 2610 28

216 2632 355 2658 eorum
391 2627 583 2668 quattuor
619 2624 823 2658 mensibus
858 2627 896 2658 (t
935 2624 1114 2669 quinque
1152 2623 1295 2659 diebus
1333 2624 1559 2667 terminato,
1599 2623 1709 2670 quod

215 2670 368 2706 utinam
397 2671 514 2706 citius
541 2671 778 2706 amisissent.

334 2717 390 2753 20.
441 2717 712 2754 Romanorum
753 2719 877 2763 igitur
916 2718 1083 2764 imperio
1122 2719 1162 2753 in
1205 2728 1460 2764 anaeceum
1504 2718 1708 2763 devoluto,

216 2775 333 2801 nemo
360 2765 628 2802 insidiabatur
653 2766 898 2809 mulieribus,
926 2765 996 2801 sed
1024 2766 1071 2801 iis
1098 2766 1296 2812 parebant
1322 2775 1471 2810 omnes,
1497 2770 1577 2801 tam
1605 2767 1709 2812 prin·

217 2813 326 2858 cipes
352 2817 527 2858 senatus,
559 2823 678 2860 quam
707 2814 1054 2859 praetorianorum
1084 2814 1302 2859 praecipui
1354 2812 1558 2849 Sedebant
1584 2813 1744 2859 iginii-2

217 2860 361 2895 ambae
392 2871 466 2906 pro
499 2861 702 2905 tribunam
742 2871 880 2896 omnes
913 2861 1050 2905 rogiae
1083 2861 1353 2896 caerimoniae
1385 2861 1494 2906 apud
1528 2871 1597 2897 eas
1623 2871 1708 2907 pei·-

217 2908 458 2954 agebantur,
497 2908 677 2945 adhibita
704 2908 753 2943 de
780 2919 890 2944 more
918 2908 1113 2954 custodia,
1153 2909 1352 2955 primariis
1379 2909 1634 2944 senatoribus
1669 2913 1708 2945 et
