2054 3282
361 223 433 266 274
771 220 951 264 ZONAR.
981 224 1111 262 EPIT.
1137 217 1210 261 XV
1235 224 1267 271 7,
1294 220 1447 261 10—19.

362 351 558 406 ἐτράπετο
595 351 730 405 λέγων
766 350 854 405 “μὴ
893 353 1014 390 τοῦτο
1046 347 1188 389 ἄλλοτε
1220 349 1245 402 ἢ
1277 347 1386 402 πρὸς
1416 348 1541 389 ἄλλον
1572 348 1771 404 ἔκφήνῃς,
1817 344 1856 390 ὦ

302 422 345 457 11
360 420 548 474 βασιλεῦ·
593 423 666 461 τοῦ
698 418 930 472 Νεστορίου
975 417 1054 471 γάρ
1099 417 1179 458 ἔστι
1217 416 1263 458 τὸ
1303 417 1498 471 ἐννόημα.
1560 418 1586 471 ἢ
1620 417 1699 458 οὐκ
1738 416 1857 464 οἶδας

362 488 481 534 ὅπως
519 488 675 533 ἐκεῖνος
711 486 826 540 παρὰ
863 486 1001 539 πάσης
1040 484 1306 539 στηλιτεύεται
1346 485 1567 539 ἐκκλησίας
1598 488 1756 527 πιστῶν
1785 486 1857 527 καὶ

303 559 347 594 12
362 557 592 609 ἀναθέματι
635 554 984 608 κατακέκριται,·”
1029 553 1052 593 ὁ
1086 552 1131 594 δὲ
1168 553 1451 607 ἀνταπεκρίθη
1497 553 1614 607 αὐτῷ
1651 553 1710 594 ὅτι
1746 553 1857 609 ἐοὗχ

361 625 422 671 ὡς
454 625 565 666 οὕτω
597 626 772 677 φρονῶν
804 621 919 663 εἷπον
950 625 1084 674 τοῦτο,
1118 620 1220 662 ἀλλὰ
1245 622 1400 676 μαθεῖν
1428 621 1590 663 ε’θέλων
1611 622 1892 677 ἠρώτησα.”5

95 696 276 733 W11190
302 695 347 731 13
361 694 403 739 ἒς
433 697 631 734 τοσοῦτον
663 689 700 733 δ’
735 691 939 745 ἐξηνέχθη
972 690 1207 744 θεομαχίας
1239 690 1300 735 ὡς
1331 689 1401 730 καὶ
1431 689 1480 730 τὰ
1512 692 1596 731 τῶν
1625 690 1756 744 ἁγίων
1776 690 1854 732 λεί-

359 777 476 815 ψανα
519 758 798 814 παραδιδόναι
840 757 941 812 πυρὶ
983 758 1055 799 καὶ
1091 758 1137 799 τὸ
1180 759 1296 812 ἅγιος
1334 758 1524 800 κελεῦσαι
1553 758 1658 812 μήτε
1690 758 1755 800 ἐπὶ
1784 763 1857 814 τῆς

359 828 566 870 θεοτόκου
610 827 803 881 λέγεσθαι
845 827 949 880 μήτε
991 826 1077 881 μὴν
1121 827 1190 868 ἒπί
1222 842 1331 872 τινος
1367 830 1453 868 τῶν
1492 826 1857 882 εὐαρεστησάντων

317 897 465 950 Οθεῴ,
498 893 584 937 ἀλλ’
609 896 633 936 ὁ
655 894 886 940 ἀπόστολος
908 894 1073 947 Πέτρος
1097 895 1168 936 καὶ
1191 894 1365 941 Παῦλος
1386 895 1515 949 λέγειν
1539 895 1611 936 καὶ
1641 895 1666 936 ὁ
1695 895 1858 950 μάρτυς
1884 892 1886 894 ’

301 968 346 1003 14
358 963 402 1004 Γ
396 964 573 1018 εώργιος
603 965 629 1018 ἢ
663 963 686 1004 ὁ
710 962 940 1016 Θεόδωρος
970 963 1042 1004 καὶ
1073 963 1138 1004 ἐπὶ
1168 967 1253 1005 τῶν
1284 963 1443 1004 λοιπῶν
1474 963 1645 1018 ὁμοίως.
1707 968 1779 1019 τῆς
1811 963 1857 1006 δὲ
1871 968 1918 1003 10

357 1035 443 1073 τῶν
474 1032 654 1086 ἀνιέρων
692 1032 923 1085 ἀρχιερέων
961 1037 1222 1086 συναγωγῆς,
1264 1032 1358 1086 περὶ
1389 1031 1440 1086 ἧς
1470 1032 1551 1086 ἤδη
1583 1048 1657 1086 μοι
1687 1033 1855 1087 εἴρηται,

359 1105 504 1155 γραφῇ
539 1100 588 1141 τὰ
625 1097 725 1154 παρ’
765 1100 906 1141 αὐτῶν
946 1100 1111 1154 ἀσεβῶς
1149 1101 1477 1155 δογματισθέντα
1520 1100 1855 1156 παραδιδόντων,

357 1169 488 1223 τόμον
519 1167 743 1210 συνοδικὸν
775 1168 879 1209 αὐτὰ
911 1168 1091 1214 καλέσας
1123 1169 1146 1210 ὁ
1179 1170 1450 1224 ἀσεβέστατος
1481 1168 1624 1224 ἀπῄτει
1655 1169 1859 1224 ἀρχιερεῖς

357 1253 399 1278 τε
435 1237 593 1283 πάντας
630 1237 701 1278 καὶ
743 1241 829 1279 τῶν
871 1237 1147 1292 μοναζόντων
1189 1237 1286 1284 τοὺς
1330 1238 1580 1292 διαβοήτους
1623 1237 1687 1279 ἐπ’
1732 1238 1858 1292 ἀρετῇ

301 1314 345 1349 15
358 1309 484 1347 ταῦτα
516 1306 887 1360 ὑποσημήνασθαι.
951 1307 988 1347 εἷ
1016 1306 1095 1361 γὰρ
1117 1306 1188 1348 καὶ
1211 1305 1400 1360 διωγμὸν
1421 1305 1527 1347 κατὰ
1549 1309 1634 1347 τῶν
1653 1308 1858 1360 μοναχῶν
1873 1307 1918 1343 15

358 1375 593 1429 βαρύτατον
625 1375 758 1429 ἔθετο,
791 1375 853 1421 ὡς
882 1375 942 1429 μή
975 1391 1062 1416 τινα
1095 1375 1244 1429 σχεδὸν
1273 1375 1317 1416 ἓν
1337 1379 1386 1429 τῇ
1407 1374 1523 1416 πόλει
1543 1374 1858 1429 περιλειφθῆναι

359 1445 384 1498 ἢ
417 1444 522 1489 τέως
561 1443 820 1498 δημοσιεύειν
856 1444 1107 1498 μονάζοντα,
1154 1440 1240 1484 ἀλλ’
1275 1444 1330 1484 ἔτι
1361 1442 1468 1497 ἦσαν
1498 1442 1643 1484 πολλοὶ
1674 1441 1856 1497 κρυπτό-

358 1527 477 1566 μενοι
514 1511 585 1552 καὶ
622 1512 752 1567 ἕτεροι
788 1517 860 1567 τῆς
896 1511 1062 1558 πόλεως
1100 1511 1219 1558 ε’κτὸς
1257 1512 1528 1566 πεποιημένοι
1563 1510 1638 1565 τὴν
1668 1511 1855 1566 ἄσκησιν.

430 1684 454 1720 4
478 1685 722 1730 κατακρίνεται
748 1683 784 1719 D
859 1684 880 1719 5
906 1687 997 1730 post
1023 1684 1072 1724 ὥς
1099 1683 1189 1720 add.
1217 1683 1286 1730 ἐγὼ
1313 1683 1410 1729 Ewp
1492 1683 1605 1722 οὕτως
1630 1682 1667 1717 D
1746 1682 1767 1718 7
1791 1696 1856 1718 πα·

430 1733 596 1777 ραδοῦναι
623 1732 659 1766 D
757 1732 779 1767 9
805 1733 826 1766 ὁ
850 1735 944 1768 ante
968 1732 1104 1777 μάρτυς
1125 1732 1200 1767 del.
1219 1732 1416 1767 immerito
1443 1742 1506 1777 wp
1606 1731 1652 1766 10
1676 1730 1737 1775 ἢὸ
1763 1731 1854 1775 (om.

432 1778 601 1826 EwpDi)
627 1780 811 1825 θεόδωρος
837 1779 917 1824 ΑΕ,
943 1780 1004 1815 καὶ
1029 1781 1213 1824 θεόδωρος
1240 1779 1271 1815 Ο
1418 1779 1462 1814 11
1488 1777 1636 1824 εἴρηται]
1663 1777 1736 1814 XV
1761 1779 1794 1821 6,
1820 1778 1853 1823 8,

432 1829 607 1873 ἱστόρηται
635 1827 666 1862 Β
806 1827 851 1862 12
875 1827 1014 1874 ἀσεβῶς
1040 1838 1114 1863 om.
1142 1828 1173 1862 E
1308 1827 1542 1872 παραδόντων
1567 1826 1676 1871 Ewp‚
1700 1826 1854 1871 παραλα-

430 1876 569 1921 βόντων
582 1875 630 1920 D,
655 1875 964 1921 περιλαβόντωνΒ
1062 1876 1107 1911 13
1132 1875 1375 1921 εὐσεβέστατος
1392 1874 1440 1919 D,
1468 1873 1654 1912 corr.va
1752 1873 1797 1908 14
1821 1887 1856 1908 τε

433 1933 508 1958 om.
534 1922 566 1958 B
661 1924 894 1970 περιβοήτους
920 1923 1017 1969 Ewp
1129 1923 1173 1958 15
1197 1924 1423 1967 μοναζόντων
1450 1922 1481 1958 Ο
1593 1921 1638 1957 16
1663 1922 1856 1967 σφοδρότα-

431 1984 490 2005 τον
516 1970 548 2006 Ο
685 1977 726 2016 τῇ
753 1982 828 2006 om.
856 1971 885 2006 B
1019 1971 1282 2016 περιληφθῆναι
1310 1970 1396 2015 (Sic)
1422 1969 1468 2014 A,
1496 1981 1533 2006 V.
1561 1969 1614 2005 ad
1640 1980 1676 2016 p.
1703 1969 1784 2015 204,
1811 1968 1855 2004 11

433 2018 477 2055 17
501 2018 624 2054 πολλοὶ
649 2017 795 2064 AEwp‚
822 2020 859 2054 οἱ
881 2020 972 2061 (om.
998 2018 1082 2060 DC)
1107 2019 1246 2057 πλείους
1273 2018 1304 2054 Ο

358 2179 489 2217 “alias
514 2191 620 2217 neve
646 2180 758 2228 apud
790 2181 913 2217 alium
953 2181 1061 2217 istud
1087 2181 1312 2228 protuleris,
1353 2192 1375 2217 o
1402 2190 1487 2217 νεῖ-Χ.
1537 2178 1712 2217 Nestorii
1750 2179 1856 2215 enim

300 2230 343 2264 11
360 2232 419 2265 est
445 2230 655 2265 sententia.
706 2228 770 2264 An
795 2231 974 2276 ignoraS‚
1010 2230 1350 2275 quemadmodum
1376 2229 1442 2264 ille
1468 2229 1519 2263 ab
1547 2229 1654 2263 omni
1678 2227 1857 2263 fidelium

300 2277 345 2312 12
360 2277 530 2312 ecclesia
555 2278 605 2312 sit
631 2278 881 2323 proscriptus
908 2282 946 2313 et
974 2278 1231 2313 anathemate
1263 2275 1485 2313 notatus?³'
1518 2276 1620 2310 Tum
1645 2275 1710 2310 ille
1735 2274 1857 2311 “Non

360 2325 469 2370 quod
495 2325 551 2359 ita
578 2324 738 2360 sentio”
776 2326 907 2370 inquit
931 2325 1040 2361 “hoc
1067 2326 1162 2370 dixi,
1190 2326 1260 2361 sed
1288 2323 1560 2371 cognoscendi
1588 2333 1712 2358 causa
1737 2323 1857 2357 inter-

301 2372 345 2408 13
360 2371 543 2418 rogavi.”
590 2373 638 2407 Et
659 2372 712 2407 ad
725 2375 879 2408 tantam
893 2373 1140 2419 impietatem
1155 2377 1214 2409 est
1229 2381 1480 2419 progressus,
1507 2373 1552 2405 ut
1567 2371 1686 2405 etiam
1701 2372 1857 2405 sancto-

358 2430 447 2455 rum
473 2420 664 2465 reliquias
689 2421 776 2466 igni
801 2420 981 2456 traderet
1007 2424 1046 2456 et
1072 2422 1201 2456 sancti
1227 2421 1384 2456 titulum
1412 2429 1545 2463 neque
1572 2418 1764 2463 deiparae
1789 2427 1856 2452 ne-

360 2477 439 2512 que
466 2468 656 2512 cuiquam
691 2478 842 2512 eorum,
882 2469 950 2514 qui
978 2468 1052 2504 deo
1080 2469 1281 2514 placuere,
1321 2467 1443 2502 tribui
1472 2466 1640 2509 iuberet,
1679 2464 1750 2500 sed
1777 2464 1856 2499 dici

359 2514 480 2550 vellet
506 2515 712 2560 apostolus
730 2515 874 2551 Petrus
900 2520 939 2551 et
952 2516 1114 2560 Paulus,
1140 2519 1294 2561 martyr
1309 2514 1510 2560 Georgius
1536 2513 1602 2548 vel
1616 2512 1856 2548 Theodorus

300 2562 347 2598 14
360 2565 399 2597 et
425 2563 481 2598 sic
506 2563 548 2598 in
575 2564 729 2598 ceteris.
781 2563 880 2599 Cum
906 2567 1040 2599 autem
1067 2564 1281 2609 impiorum
1308 2563 1589 2608 episcoporum
1618 2563 1855 2604 conventus,

361 2609 410 2645 de
448 2620 528 2655 quo
563 2611 643 2645 iam
669 2613 764 2646 ante
796 2621 820 2646 a
854 2622 918 2647 me
953 2611 1104 2647 dictum
1140 2614 1209 2655 est,
1247 2611 1370 2656 impia
1409 2619 1481 2645 sua
1510 2609 1673 2644 decreta
1714 2608 1856 2643 litteris

359 2658 604 2702 mandasset,
630 2658 670 2693 id
698 2659 890 2704 seriptum
918 2662 1071 2695 tomum
1085 2659 1325 2704 synodicum
1353 2658 1471 2692 homo
1498 2657 1644 2701 impius
1660 2655 1856 2701 appellari

360 2705 488 2739 voluit
515 2708 554 2741 et
580 2706 810 2751 postulavit,
838 2709 884 2741 ut
911 2708 947 2742 ei
965 2707 1289 2742 subscriberetur
1316 2706 1366 2741 ab
1395 2704 1581 2740 omnibus
1595 2703 1855 2749 pontificibus

302 2752 346 2787 15
361 2754 400 2786 et
425 2753 632 2788 monachis
658 2754 809 2789 virtute
835 2754 1069 2790 illustribus.
1121 2754 1229 2796 Quos
1255 2752 1474 2789 monachos
1499 2752 1572 2786 etsi
1591 2751 1856 2786 vehementis-

361 2799 458 2834 sime
484 2804 720 2844 persecutus
757 2804 853 2846 erat,
894 2802 996 2838 adeo
1022 2806 1068 2837 ut
1094 2802 1179 2838 fere
1205 2802 1351 2845 nullus,
1391 2801 1459 2846 qui
1486 2798 1647 2844 quidem
1675 2797 1856 2843 prodiret

360 2846 402 2880 in
428 2847 644 2893 publicum,
670 2849 712 2883 in
738 2850 841 2884 urbe
867 2853 974 2885 esset
992 2849 1182 2896 reliquus,
1210 2853 1343 2885 tamen
1371 2849 1507 2895 plures
1535 2846 1654 2881 etiam
1681 2848 1766 2880 tum
1794 2855 1857 2880 oc-

303 2893 347 2930 16
362 2893 467 2929 culte
494 2893 606 2942 Cpoli
632 2896 871 2932 habitabant
897 2901 935 2933 et
962 2897 1028 2933 alii
1055 2900 1172 2934 extra
1197 2897 1338 2934 urbem
1372 2897 1497 2932 vitam
1523 2894 1714 2941 agebant.
1766 2892 1857 2936 Qui-
