2054 3282
343 242 414 278 340
743 241 922 278 ZONAR.
951 241 1081 276 EPIT.
1108 236 1180 276 XV
1206 241 1262 286 22,
1289 238 1440 278 25—36.

343 367 415 418 τῆς
445 363 653 418 βασιλείου
686 364 830 417 ἀρχῆς,
863 361 934 403 τὸν
966 362 1013 403 δέ
1044 378 1088 416 γε
1118 362 1253 417 τρίτον
1287 361 1352 417 (ὃς
1383 361 1505 410 οὗτος
1534 364 1587 420 ἦν
1609 365 1633 407 ὁ
1655 364 1834 422 Θωμᾶς)

343 432 595 486 ἐπιχειρῆσαι
625 431 702 485 μὲν
733 431 940 484 τυραννίδι
971 431 1042 471 καὶ
1072 431 1210 484 ἑαυτῷ
1248 431 1498 484 περιθέσθαι
1536 433 1732 488 διάδημα,
1774 434 1834 490 μὴ

283 504 328 538 26
340 500 479 553 μέντοι
518 499 588 540 καὶ
628 503 700 553 τῆς
738 498 944 552 βασιλείας
981 503 1126 553 τυχεῖν.
1190 497 1312 545 οὗτος
1349 500 1497 554 τοίνυν,
1543 501 1604 547 ὡς
1643 502 1725 557 ἤδη
1763 519 1837 557 μοι

341 568 506 622 εἴρηται,
550 567 696 620 ἄρχων
733 566 938 612 καταστὰς
968 571 1041 608 τοῦ
1073 567 1281 621 τάγματος
1311 571 1396 609 τῶν
1428 569 1691 623 φοιδεράτων
1720 570 1836 625 παρὰ

298 639 412 676 Οτοῢ
450 635 645 687 Λέοντος,
691 635 752 680 ὡς
790 635 898 687 ἔγνω
935 634 1007 676 τὸν
1044 635 1261 690 εὐεργέτην
1299 636 1569 690 ἀναιρεθέντα
1607 637 1723 692 παρὰ
1762 642 1872 681 τοῢ5

342 703 526 756 ᾹΙιχαήλ,
570 708 632 756 τῷ
661 702 739 756 μὲν
772 702 910 744 δοκεῖν
941 707 1141 757 τιμωρῶν
1173 704 1334 758 ἐκείνῳ,
1375 709 1436 759 τῷ
1468 702 1505 746 δ’
1540 706 1623 747 ὄντι
1653 706 1728 760 τὴν
1757 707 1835 761 βα-

340 771 489 811 σιλείαν
520 771 779 823 καραδοκῶν
811 771 989 825 ἀνταίρει
1019 776 1080 825 τῷ
1100 771 1275 826 ἰῑΙιχαὴλ
1306 772 1377 813 καὶ
1409 774 1628 820 συναλίσας
1661 774 1837 830 δύναμιν

341 839 419 879 οὐκ
452 838 820 893 εὐκαταφρόνητον
852 840 1019 881 ἅπασαν
1051 840 1201 894 σχεδὸν
1232 840 1306 895 τὴν
1337 841 1450 895 ἑῴαν
1480 846 1635 897 μοῖραν
1671 843 1835 898 ε’σφετε-

340 907 481 960 ρίσατο
520 906 591 947 καὶ
633 906 730 952 τοὺς
775 907 1003 962 δημοσίους
1046 908 1211 963 φόρους
1254 910 1371 963 αὐτῷ
1415 910 1663 964 κομίζεσθαι
1705 927 1834 966 παρε-

280 982 325 1017 27
340 974 526 1023 σκεύαζε.
588 974 658 1015 καὶ
689 975 819 1021 πολὺς
851 976 1042 1018 ἐντεῦθεν
1074 977 1296 1031 γενόμενος
1328 978 1485 1032 ἐπῆλθε
1516 978 1586 1019 καὶ
1614 983 1699 1025 τοῖς
1714 979 1835 1033 ’Ara-
1852 986 1898 1022 10

339 1047 494 1096 ρηνοῖς,
519 1043 761 1097 ἀδεέστερον
781 1043 870 1084 τότε
890 1048 1029 1086 πᾶσαν
1050 1045 1309 1100 ληιζομένοις
1330 1047 1478 1101 χώραν
1500 1047 1571 1088 καὶ
1591 1046 1663 1093 τὰς
1683 1048 1838 1103 νήσους

280 1118 326 1154 28
339 1110 467 1157 αὐτὰς
500 1110 566 1152 διὰ
598 1111 669 1153 τὸν
706 1112 909 1166 ἐμφύλιον
946 1113 1142 1168 πόλεμον.
1204 1114 1275 1155 καὶ
1313 1115 1506 1157 ἐπελθὼν
1543 1116 1728 1170 ἀνέκοψε
1765 1120 1838 1171 τῆς

339 1183 479 1234 φορᾶς
503 1179 572 1220 καὶ
605 1180 829 1234 ἀνακύψας
860 1182 1350 1237 παρεστρατοπεδεύσατο
1382 1183 1453 1224 καὶ
1474 1184 1517 1230 ἒς
1537 1184 1688 1238 λόγους
1708 1183 1837 1239 ἦλθεν

339 1249 478 1294 αὐτοῖς
509 1248 580 1289 καὶ
610 1250 731 1303 ἥκων
762 1250 819 1295 εἰς
849 1250 1000 1304 λόγους
1031 1251 1245 1293 ἐσπείσατο
1278 1251 1343 1293 ἐπὶ
1375 1253 1607 1307 συνθήκαις
1637 1257 1710 1295 τοῦ
1732 1252 1835 1295 Ῥω-

337 1321 507 1371 μαϊκῶν
539 1317 669 1371 ὁρίων
699 1323 1008 1373 παραχωρῆσαι
1040 1320 1191 1368 αὐτοῖς,
1229 1321 1266 1360 εἰ
1293 1325 1366 1375 τῆς
1395 1322 1602 1375 βασιλείας
1633 1321 1836 1377 ἐγκρατὴς
1851 1327 1896 1362 15

218 1391 253 1426 D
280 1393 326 1428 29
340 1386 507 1439 γένοιτο.
570 1386 682 1427 οὕτω
725 1386 769 1427 δὲ
808 1391 934 1428 ταῦτα
968 1388 1286 1443 διοικησάμενος
1316 1389 1388 1430 καὶ
1417 1389 1492 1444 τὴν
1522 1390 1711 1445 κεφαλὴν
1742 1390 1834 1432 ἀνε-

340 1454 496 1508 δήσατο
539 1454 670 1507 ταινίᾳ
708 1455 901 1510 βασιλικῇ
937 1456 1008 1497 καὶ
1047 1457 1322 1511 αὐτοκράτωρ
1363 1458 1578 1512 ἀνερρήθη
1617 1458 1723 1500 κατὰ
1761 1458 1836 1513 τὴν

333 1522 579 1576 Ἀντιόχειαν
612 1522 727 1576 παρὰ
759 1527 832 1564 τοῦ
864 1523 952 1565 τότε
982 1524 1054 1566 τὸν
1083 1525 1244 1578 θρόνον
1276 1526 1404 1580 αὐτῆς
1434 1526 1505 1567 τὸν
1535 1527 1885 1582 πατριαρχικὸνῙ)
1903 1537 1962 1572 III
1975 1537 2047 1574 393

340 1651 384 1687 16
410 1653 460 1686 ὅτι
485 1652 668 1698 περιέθετο
693 1653 808 1698 ἑαυτῷ
833 1654 853 1688 ὁ
881 1654 1016 1699 Θωμᾶς
1041 1653 1081 1690 τὰ
1106 1659 1165 1701 τῆς
1190 1655 1368 1701 βασιλείας
1392 1657 1587 1702 παράσημα
1615 1655 1644 1693 C

409 1780 432 1814 2
456 1780 689 1826 ἐπιχειρήσειν
715 1781 750 1815 D
848 1782 870 1817 3
895 1787 1011 1827 τυχεῖν
1037 1781 1254 1828 AEwap‚
1281 1783 1317 1818 ἓν
1343 1784 1519 1829 πράγματι
1547 1785 1761 1830 (πράγμασιν
1785 1784 1832 1830 Β)

409 1828 652 1869 ἔπιτεύξασθαι
671 1830 803 1870 (-εσθαι
820 1829 863 1872 C)
882 1830 913 1865 O
1010 1830 1043 1865 3η
1061 1830 1085 1864 4
1098 1831 1166 1876 ἤδη
1184 1851 1226 1855 -
1242 1831 1390 1876 εἴρηται]
1409 1832 1618 1877 προεγράφη
1635 1832 1667 1868 O
1683 1833 1751 1869 Wo
1765 1833 1833 1868 lat.

409 1875 433 1909 4
450 1876 596 1921 εἴρηται]
616 1877 688 1912 XV
707 1877 762 1921 19,
783 1877 826 1911 12
917 1882 978 1912 τοῦ
996 1883 1067 1912 τῶν
1085 1878 1308 1923 φοιδεράτων
1326 1880 1497 1924 τάγματος
1516 1879 1547 1915 Ο
1645 1880 1667 1915 6
1686 1886 1736 1925 τῷ
1753 1880 1831 1926 μὲν]

409 1923 447 1957 τὸ
463 1923 527 1967 μὲν
545 1924 581 1958 D
674 1925 694 1959 7
713 1925 871 1969 ἄνταιρεΐ
884 1925 919 1959 D
1009 1927 1031 1960 8
1047 1927 1171 1970 μείραν
1191 1926 1238 1970 D,
1260 1937 1359 1961 corr.
1380 1927 1448 1965 Dw
1540 1927 1562 1962 9
1580 1927 1676 1972 αὐτῷ
1694 1929 1834 1972 κομίζε-

409 1972 493 2005 σθαι
518 1973 759 2016 παρεσκεύασε
786 1973 1038 2017 (παρεσκεύαζε
1063 1972 1112 2014 Α)
1140 1973 1357 2020 AEwap,
1387 1975 1504 2014 αὐτοῖς
1531 1975 1736 2010 ὠκειώσατο
1762 1975 1793 2011 Ο

410 2019 454 2052 12
481 2022 570 2064 post
595 2019 772 2065 ἀνέκοψεν
798 2021 889 2055 add.
916 2020 1042 2059 αὐτοὺς
1069 2020 1165 2066 pr
1266 2022 1310 2056 13
1335 2022 1758 2067 ἕπαρεστρατοπεδεύσατο
1784 2023 1832 2068 D,

409 2077 511 2101 corr.
539 2066 607 2105 Dw
704 2068 813 2112 ἦλθεν
829 2067 975 2113 AEwp,
1002 2068 1090 2113 ’ἧκεν
1110 2068 1140 2103 Ο
1240 2069 1284 2103 14
1309 2069 1427 2104 ἐλθὼν
1452 2070 1481 2106 C
1576 2070 1611 2109 ἒς
1638 2070 1677 2115 C,
1704 2071 1777 2106 sed
1794 2082 1831 2106 V.

409 2114 461 2148 ad
475 2114 567 2150 XIV
584 2114 637 2159 12,
655 2115 699 2149 14
797 2115 852 2150 15.
870 2116 913 2150 16
927 2116 1056 2160 γένοιτο
1072 2116 1243 2161 ἐγκρατής
1259 2116 1289 2152 Ο
1389 2117 1433 2153 17
1446 2118 1644 2163 βασιλικῶν
1657 2118 1705 2163 D,
1727 2129 1832 2154 corn

407 2161 476 2200 Dw
575 2162 620 2197 18
646 2168 706 2198 τοῦ
732 2163 818 2208 τότε]
845 2164 947 2198 τοῦτό
971 2177 1006 2198 τε
1034 2163 1068 2198 D
1165 2164 1270 2210 αὐτῆς
1297 2168 1388 2210 post
1411 2165 1671 2211 πατριαρχικὸν
1696 2166 1727 2201 Ε

334 2299 463 2335 regno
489 2291 688 2336 potituros
714 2300 812 2335 esse,
844 2292 1006 2327 tertium
1042 2292 1088 2334 (is
1123 2302 1220 2328 vero
1248 2292 1422 2328 Thomas
1456 2295 1556 2336 erat)
1594 2294 1831 2329 invasurum

335 2338 445 2372 illum
479 2338 640 2383 quidem
672 2339 929 2384 tyrannidem
964 2349 1012 2374 ae
1049 2340 1235 2375 diadema
1270 2340 1345 2375 sibi
1380 2340 1659 2386 impositurum
1696 2351 1831 2386 neque

276 2385 321 2420 26
336 2395 432 2420 vero
465 2387 582 2431 regni
618 2389 841 2432 compotem
878 2388 976 2431 fore,
1016 2387 1254 2422 seditionem
1287 2388 1491 2423 excitavit.
1540 2388 1578 2423 Is
1616 2389 1752 2434 igitur,
1784 2391 1830 2423 ut

335 2437 428 2468 ante
472 2433 622 2469 dictum
666 2438 735 2477 est,
775 2444 799 2468 a
836 2433 974 2470 Leone
1017 2435 1319 2470 foederatorum
1367 2435 1517 2480 legioni
1562 2436 1828 2481 praepositus,

334 2483 378 2515 ut
400 2481 622 2526 principem
658 2481 707 2516 de
738 2492 781 2517 se
813 2482 917 2517 bene
950 2483 1134 2517 meritum
1162 2493 1186 2517 a
1211 2482 1404 2517 Michaele
1435 2493 1597 2518 caesum
1624 2484 1827 2529 cognovit,

335 2539 406 2573 per
432 2530 605 2574 speciem
632 2530 743 2564 necis
769 2530 874 2565 illius
904 2530 1185 2574 vindicandae,
1225 2540 1314 2564 eum
1341 2540 1384 2564 re
1411 2540 1510 2565 vera
1536 2540 1708 2576 regnum
1735 2531 1828 2566 affe-

335 2578 473 2618 ctaret,
499 2576 733 2612 Michaelem
753 2580 812 2612 est
834 2587 1055 2622 aggressus
1074 2578 1305 2622 coactisque
1324 2578 1449 2622 copiis
1468 2588 1549 2613 non
1573 2581 1828 2614 contemnen-

335 2623 394 2657 dis
431 2624 644 2660 universas
687 2625 772 2660 fere
817 2625 1032 2660 orientales
1075 2625 1305 2670 provincias
1349 2626 1564 2670 occupavit
1606 2636 1828 2671 earumque

274 2669 319 2704 27
334 2671 552 2716 vectigalia
590 2672 754 2717 publiea
785 2672 860 2707 sibi
894 2673 1102 2707 afferenda
1134 2672 1315 2707 curabat.
1365 2672 1482 2708 Unde
1520 2674 1650 2708 auctis
1683 2674 1827 2718 opibus

334 2718 453 2752 etiam
481 2717 695 2763 Agarenos
728 2720 890 2763 invasit,
929 2721 997 2765 qui
1031 2723 1115 2755 tum
1154 2730 1292 2755 omnes
1318 2720 1548 2765 provincias
1574 2723 1613 2756 et
1638 2721 1746 2766 ipsas
1772 2721 1828 2756 in-

274 2765 440 2799 28sulas
477 2766 527 2800 ob
560 2767 793 2802 intestinum
829 2767 976 2802 bellum
1017 2767 1214 2802 audacius
1255 2767 1567 2812 populabantur,
1606 2778 1827 2813 eorumque

333 2812 484 2856 impetu
509 2824 694 2858 represso
721 2817 760 2849 et
782 2815 923 2850 castris
942 2825 1067 2860 prope
1085 2815 1223 2860 positis
1242 2819 1281 2850 et
1299 2814 1435 2849 habito
1456 2815 1653 2860 colloquio
1673 2816 1828 2861 pepigit

273 2858 319 2893 29
333 2869 385 2903 se,
418 2860 449 2893 si
476 2871 604 2906 regno
632 2863 840 2906 potiretur,
878 2863 934 2897 eis
960 2863 1108 2898 finibus
1135 2862 1325 2897 Romanis
1353 2872 1439 2897 esse
1467 2872 1685 2898 cessurum.
1737 2863 1828 2905 Qui-

336 2907 408 2942 bus
434 2907 556 2942 rebus
583 2910 756 2954 peractis
794 2912 916 2955 caput
954 2910 1182 2946 diademate
1219 2910 1333 2955 regio
1377 2913 1494 2945 ornat
1533 2913 1572 2945 et
1609 2911 1827 2957 imperator
