2066 3230
343 251 412 289 730
682 251 863 289 ZONAR.
890 251 1020 287 EPIT.
1047 251 1178 288 XVIII
1205 251 1260 296 90,
1288 252 1438 298 18-21,
1465 253 1497 289 7.
2049 252 2061 288 ’ἐ

341 374 403 419 ὡς
434 375 472 414 εἰ
497 374 586 414 τότε
616 373 773 419 τούτοις
811 374 996 428 ἕπῆλθόν
1034 390 1148 427 τινες,
1193 374 1300 428 ῥᾷον
1337 376 1389 415 ἂν
1425 374 1533 416 εἶλον
1571 375 1723 422 αὐτοὺς
1758 375 1830 418 καὶ

342 442 536 496 δεσμίους
566 446 628 495 τῷ
648 441 899 496 Βοτανειάτῃ
932 442 1219 496 προσήγαγον·
1253 441 1354 484 ἀλλὰ
1385 442 1432 484 τὸ
1465 443 1593 492 δόξαν
1624 444 1705 499 ἤδη
1737 445 1831 499 θεῷ

283 510 327 546 19
338 515 647 565 μετατραπῆναι
689 511 767 551 οὐκ
812 510 874 565 ἤν.
937 511 1058 551 ἔνθεν
1096 526 1157 551 τοι
1194 510 1218 551 ὁ
1248 510 1326 565 μὲν
1358 511 1634 567 Βοτανειάτης
1670 513 1830 567 μαθὼν

338 582 423 620 τῶν
454 580 695 633 Κομνηνῶν
726 579 799 632 τὴν
830 579 1058 632 εἷσέλευσιν,
1103 580 1260 621 ἄπεισιν
1297 579 1443 621 αὐτίκα
1480 584 1565 622 τῶν
1595 582 1827 635 βασιλείων,

340 649 467 689 αὐτοῦ
498 663 581 688 που
614 648 743 701 ῥίψας
774 648 799 688 ἃ
831 647 1019 688 ὑπεδεῖτο
1051 647 1326 702 φοινικόχροα
1363 649 1523 703 πέδιλα,
1567 649 1638 690 καὶ
1668 651 1725 696 εἷς
1754 650 1863 705 τὴν5
2040 658 2051 687 s

338 720 410 770 τῆς
439 715 725 770 Περιβλέπτου
761 715 897 769 μονὴν
937 715 1148 763 ἀπελθών,
1192 714 1243 770 ἧς
1281 716 1438 762 ἐκεῖνος
1472 716 1575 770 μετὰ
1612 716 1684 759 τὸν
1721 718 1827 760 κατὰ

338 783 434 829 τοὺς
449 783 680 837 Ἀργυροὺς
696 783 915 838 Ῥωμανὸν
947 785 1105 825 ἐκεῖνον
1135 783 1206 825 τὸν
1232 785 1522 839 αὐτοκράτορα
1544 786 1710 841 κτήτωρ
1733 787 1826 828 δεύ-

296 851 455 906 Οτερος
499 853 758 907 ἐχρημάτισε,
803 853 982 906 κείρεταί
1020 869 1062 894 τε
1104 852 1177 907 τὴν
1216 853 1333 907 τρίχα
1373 854 1444 895 καὶ
1481 855 1826 909 μεταμφιέννυται

279 920 325 956 ‘20
337 920 411 975 τὴν
454 922 614 976 στολήν,
659 922 878 976 τριβώνιον
915 920 1021 962 κατὰ
1064 922 1324 975 μονάζοντας
1368 923 1659 977 ἐνδυσάμενος.
1722 923 1827 965 ἔνθα

337 988 408 1030 καὶ
439 989 593 1044 χρόνον
624 990 808 1045 ἑπιβιούς
839 1006 925 1032 τινα
951 990 1022 1032 τὸν
1043 995 1147 1046 χοῦν
1169 991 1349 1034 ἀπέθετο
1370 997 1431 1047 τῷ
1451 991 1530 1047 χοΐ,
1563 993 1706 1048 ταφεὶς
1725 992 1826 1047 παρ’
1844 995 1888 1031 10

337 1057 455 1113 αὐτῇ.

277 1125 321 1161 21
454 1125 506 1168 Οἱ
538 1126 583 1168 δὲ
615 1127 833 1182 Κομνηνοὶ
871 1127 1054 1182 μηδενὸς
1091 1129 1232 1175 αὐτοῖς
1270 1130 1572 1184 ἀντιβαίνοντος
1610 1134 1694 1177 τοῖς
1725 1131 1826 1172 ἀνα-

336 1194 502 1248 κτόροις
531 1197 953 1251 προσπεφοιτήκασιν,
989 1198 1295 1252 ἀταλαιπώρως
1325 1198 1484 1245 τούτοις
1515 1199 1726 1253 ἐπιβάντες
1756 1198 1876 1240 καὶΙ)
1897 1201 1951 1238 IV
1967 1201 2038 1238 235

277 1263 323 1298 22
336 1262 510 1316 ὁμαλῶς
539 1264 643 1318 μετὰ
673 1265 830 1320 πολλῆς
859 1270 931 1320 τῆς
951 1266 1166 1321 λειότητος.
1228 1271 1394 1308 τοιαῦτα
1417 1268 1530 1322 σφίσι
1549 1267 1598 1308 τὰ
1619 1267 1826 1321 προσόδια

337 1331 492 1386 γέγονε,
523 1337 690 1374 τοιαῦτα
721 1332 769 1374 τὰ
801 1335 858 1380 εἰς
888 1334 962 1388 τὴν
992 1335 1181 1389 βασιλίδα
1213 1339 1297 1377 τῶν
1317 1335 1484 1378 πόλεων
1505 1337 1712 1391 εἷσιτήρια,
1743 1352 1825 1379 τοι·
1841 1340 1886 1376 15

336 1403 440 1441 αῦτα
471 1400 520 1441 τὰ
551 1406 624 1456 τῆς
654 1402 862 1456 βασιλείας
894 1403 1147 1457 ἕπιβατήρια.

265 1465 318 1507 21
445 1469 557 1524 ’Ἠδη
592 1467 628 1511 δ’
654 1471 697 1512 ἓν
723 1471 904 1526 ἀσφαλεῖ
921 1472 1132 1526 γεγονότες
1154 1474 1193 1513 οἱ
1214 1473 1432 1528 Κομνηνοὶ
1463 1473 1533 1515 καὶ
1563 1473 1637 1528 τὴν
1667 1475 1825 1529 μητέρα

337 1541 459 1592 σφῶν
490 1538 560 1580 καὶ
591 1538 663 1586 τὰς
694 1540 959 1594 ὁμευνέτιδας
991 1540 1037 1582 ἔκ
1069 1545 1140 1596 τῆς
1169 1545 1304 1597 μονῆς
1334 1545 1407 1583 τοῦ
1440 1542 1689 1584 Κανικλείου
1719 1543 1828 1598 πρὸς

335 1656 357 1690 3
383 1656 433 1690 ὅτι
459 1656 481 1690 ὁ
503 1657 734 1702 Βοτανειάτης
760 1657 921 1704 ἆπεκάρη
949 1658 1009 1694 καὶ
1041 1658 1089 1697 εἷς
1115 1658 1177 1704 τὴν
1201 1660 1439 1705 Περίβλεπτον
1465 1659 1630 1695 ἀπελθὼν
1657 1661 1736 1696 ἐκεῖ
1755 1662 1826 1696 ἑτε-

335 1703 499 1748 λεύτησεν
525 1703 554 1740 C
653 1705 698 1739 12
721 1706 878 1751 βασιλεία
902 1712 962 1741 τοῦ
980 1707 1169 1751 Κομνηνοῦ
1195 1712 1308 1751 κυροῦ
1336 1709 1388 1748 (V.
1404 1718 1559 1753 argum.
1576 1708 1627 1742 ad
1642 1719 1680 1753 p.
1695 1709 1775 1754 712,
1788 1709 1825 1753 4)

331 1751 482 1792 Ἀλεξίου
508 1751 544 1786 Α
665 1753 710 1788 17
734 1754 891 1798 βασιλεία
913 1754 1063 1795 Ἀλεξίου
1089 1759 1149 1789 τοῦ
1174 1755 1365 1799 Κομνηνοῦ
1392 1755 1435 1800 R,
1460 1755 1539 1800 περὶ
1567 1761 1638 1791 τῶν
1662 1756 1828 1802 ἀδελφῶν

336 1804 395 1834 τοῦ
419 1799 591 1845 βασιλέως
616 1800 676 1836 καὶ
701 1806 761 1846 τῆς
784 1801 918 1846 μητρὸς
944 1802 1003 1837 καὶ
1029 1806 1098 1836 τῶν
1123 1803 1295 1848 γαμβρῶν
1321 1802 1349 1838 C

407 1906 425 1940 1
452 1906 495 1951 εἰ]
522 1908 558 1942 οἵ
581 1907 610 1944 C
722 1908 822 1954 τινες]
849 1909 964 1947 αὐτοῖς
989 1908 1025 1943 D
1139 1909 1162 1944 3
1187 1909 1251 1954 τοι]
1278 1924 1316 1944 το
1343 1909 1378 1944 D
1499 1910 1522 1945 4
1547 1911 1826 1956 ἄπεισιν-βασι-

404 1954 509 1990 λείων
535 1965 609 1990 om.
635 1955 671 1989 D
782 1956 803 1991 5
830 1958 1079 2001 φοινικόχροια
1106 1956 1136 1990 Β
1246 1957 1268 1992 6
1294 1957 1366 2003 τῆς]
1394 1957 1432 1992 δὲ
1458 1958 1505 2004 p*
1617 1958 1730 1994 ἀπιὼν
1755 1959 1825 1993 BD

405 2002 428 2037 8
453 2016 488 2037 τε
515 2013 588 2038 om.
617 2003 713 2049 Ewp
842 2004 887 2038 10
911 2004 972 2039 καὶ
999 2015 1073 2039 om.
1101 2004 1136 2038 D
1261 2006 1315 2039 10.
1344 2006 1384 2040 11
1413 2006 1668 2052 ταφεὶς-αὐτῇ
1694 2017 1770 2042 om.
1796 2006 1825 2042 C

406 2050 448 2083 11
476 2050 583 2085 αὐτοῦ
610 2050 645 2085 D
780 2051 824 2086 13
849 2052 982 2087 τούτων
1008 2051 1036 2088 C
1167 2052 1211 2086 ]4
1239 2056 1328 2098 post
1353 2054 1494 2097 ὁμαλῶς
1521 2054 1612 2088 add.
1638 2054 1698 2088 καὶ
1726 2054 1824 2100 pr

454 2099 654 2143 προειςόδια
679 2099 848 2145 BDEwp
948 2099 992 2135 15
1019 2102 1109 2145 post
1132 2101 1271 2135 πόλεων
1300 2101 1391 2135 add.
1418 2100 1458 2136 τὰ
1484 2101 1519 2135 D
1618 2101 1673 2137 15.
1689 2101 1734 2136 16
1759 2115 1825 2137 τοι·

406 2150 493 2181 αὔτα
518 2145 559 2181 τὰ
586 2145 686 2190 (μετὰ
708 2147 760 2192 D)
787 2152 847 2192 τῆς
871 2147 1046 2194 βασιλείας
1071 2147 1278 2193 ἕπιβατήρια
1303 2147 1471 2194 prDz'‚
1499 2159 1574 2185 om.
1599 2147 1636 2184 A

406 2193 451 2228 18
475 2194 697 2239 Κανικλείου]
730 2195 913 2231 Νικολάου
946 2196 1048 2230 coni.
1080 2196 1171 2231 Duc
1209 2199 1303 2238 (not.
1336 2196 1377 2230 in
1409 2195 1512 2231 Ann.
1547 2196 1681 2233 Comn.
1708 2195 1823 2233 Alex.

407 2251 443 2286 p.
470 2240 542 2276 449
566 2241 708 2285 Bonn.)
736 2242 822 2278 coll.
848 2241 951 2278 Ann.
979 2242 1115 2279 Comn.
1142 2243 1160 2277 I
1185 2254 1223 2288 p.
1252 2244 1330 2287 100,
1360 2243 1405 2278 14

275 2352 321 2387 18
334 2354 422 2389 ausi
448 2354 618 2390 ulterius
644 2357 848 2402 progredi,
875 2357 990 2392 iustis
1017 2358 1143 2404 copiis
1169 2360 1381 2403 tantopere
1407 2357 1560 2401 nudati,
1599 2361 1655 2402 ut,
1697 2359 1729 2393 si
1757 2358 1825 2404 qui

334 2411 404 2436 eos
429 2404 514 2437 tum
541 2405 726 2449 aggressi
753 2408 897 2448 essent,
924 2405 1042 2441 facile
1068 2416 1137 2441 eos
1163 2406 1321 2451 capturi
1348 2415 1396 2440 ae
1416 2406 1573 2440 vinctos
1587 2405 1826 2441 Botaniatae

334 2449 522 2484 tradituri
560 2451 728 2496 fuerint3
774 2462 908 2497 neque
946 2463 1045 2488 vero
1084 2453 1264 2488 divinum
1305 2453 1510 2488 decretum
1549 2453 1628 2487 iam
1666 2456 1826 2498 poterat

275 2496 320 2530 19
335 2498 474 2532 everti.
526 2498 796 2539 Quamobrem
822 2499 1067 2545 Botaniates‚
1107 2500 1403 2536 Comnenorum
1434 2501 1623 2545 ingressu
1649 2501 1824 2546 cognito,

335 2545 485 2590 palatio
512 2546 645 2581 statim
670 2547 808 2582 relicto
837 2550 1068 2593 temereque
1095 2549 1262 2583 abiectis
1288 2548 1503 2593 purpureis
1530 2548 1686 2591 calceis,
1719 2548 1824 2583 Peri-

334 2592 494 2637 bleptae
527 2595 816 2630 monasterium
850 2596 1069 2642 ingressus,
1110 2596 1225 2631 euius
1252 2597 1342 2641 post
1368 2595 1593 2630 Romanum
1619 2594 1823 2641 Argyrum

334 2640 617 2685 imperatorem
649 2643 851 2678 secundus
879 2643 1062 2679 conditor
1089 2647 1149 2679 est
1175 2646 1356 2685 vocatus,
1396 2653 1511 2678 coma
1536 2653 1629 2677 rasa
1654 2646 1823 2678 mutata-

274 2684 321 2719 20
335 2697 414 2731 que
451 2691 565 2723 veste
603 2689 807 2724 lacernam
847 2692 1109 2726 monasticam
1148 2691 1290 2726 induit.
1341 2690 1418 2725 Ubi
1452 2700 1541 2725 eum
1574 2689 1823 2735 aliquamdiu

334 2735 512 2779 vixisset,
540 2736 710 2781 pulvere
736 2738 894 2783 pulveri
920 2739 1104 2774 restituto
1133 2738 1336 2784 sepelitur.

273 2778 318 2814 ‘21
453 2782 645 2818 Comneni
672 2789 808 2820 autem
825 2786 935 2820 nullo
956 2786 1174 2821 obsistente
1191 2787 1346 2831 regiam
1366 2785 1473 2820 nullo
1492 2785 1632 2820 labore
1650 2786 1822 2831 ingressi

273 2827 319 2861 22
334 2832 438 2874 sunt,
477 2831 598 2876 plana
631 2835 670 2866 et
703 2832 893 2878 expedita
922 2834 1000 2868 via.
1051 2833 1150 2869 Tale
1181 2834 1258 2868 fuit
1291 2842 1428 2868 eorum
1461 2832 1630 2876 initium,
1665 2833 1755 2867 talis
1780 2833 1822 2867 in

334 2876 476 2912 urbem
502 2879 657 2923 regiam
683 2880 903 2925 ingressus,
930 2881 1026 2916 talia
1052 2881 1209 2926 imperii
1235 2880 1427 2926 auspicia.

452 2924 508 2959 21.
560 2925 763 2972 COMNENJ,
796 2928 919 2964 rebus
945 2929 1026 2964 suis
1053 2929 1131 2964 iam
1157 2929 1198 2964 iu
1225 2930 1311 2964 tuto
1339 2927 1553 2972 collocatis,
1591 2930 1629 2963 et
1653 2930 1819 2963 matrem
