1968 3302
847 229 1067 266 Praefatio.
1594 226 1708 263 XVII

201 354 243 398 h.
275 354 304 397 1.
337 366 585 397 enumerare
617 352 790 407 longum
824 355 908 406 est3
956 351 1053 405 quin
1089 350 1216 392 etiam
1251 350 1399 404 negari
1433 362 1515 391 non
1549 352 1706 404 potest,

203 431 247 470 ut
283 426 582 482 gravissimum
620 437 749 466 unum
791 423 1032 479 exemplum
1071 421 1247 464 afferam
1291 420 1346 463 ad
1379 421 1582 476 syntaxin
1616 434 1707 476 per-

202 500 354 552 tinens,
403 512 498 541 eum
541 497 661 552 leges
702 500 841 539 certas
883 508 935 538 ac
976 494 1172 537 definitas
1212 498 1483 549 spernentem
1523 494 1707 549 particu-

200 571 286 614 lam
318 573 382 613 ἵνα
415 570 530 613 nullo
562 569 654 612 fere
687 568 930 611 discrimine
962 567 1221 622 coniungere
1254 565 1381 608 modo
1416 579 1510 607 cum
1547 564 1708 608 indica-

201 645 289 686 tivo
321 643 451 686 futuri
483 644 539 695 (v.
564 640 621 684 ad
644 641 773 683 XVII
799 640 975 695 15‚16),
1014 638 1140 682 modo
1180 652 1276 681 cum
1314 637 1548 680 indicativo
1586 651 1708 693 prae-

201 717 332 758 sentis
364 715 431 758 vel
463 714 645 771 perfecti
679 714 737 767 (v.
771 712 826 755 ad
860 713 965 755 XIV
998 712 1040 767 6,
1059 712 1115 753 22
1149 718 1193 754 et
1227 711 1404 765 14,10),
1443 709 1571 753 modo
1612 723 1707 752 eum

202 788 473 830 coniunctivo
506 786 777 842 praesentis1
809 784 878 828 vel
910 785 1057 827 aoristi
1091 785 1148 837 (v.
1179 784 1200 825 I
1231 797 1273 839 p.
1297 783 1338 837 9,
1359 782 1398 825 8.
1432 782 1574 829 51,19
1593 783 1707 836 cet.),

200 859 327 903 modo
361 873 456 902 cum
489 859 681 915 optativo
714 858 953 913 praesentis
986 856 1054 900 vel
1087 857 1232 899 aoristi
1265 855 1333 898 vel
1365 854 1495 897 futuri
1521 857 1576 908 (v.
1596 854 1708 896 XIII

201 932 243 987 8,
261 933 315 975 21
352 935 396 975 et
427 932 469 974 II
502 945 544 987 p.
576 930 678 984 409,
698 931 756 972 22
789 933 832 972 et
865 928 922 972 ad
954 929 1060 971 XIV
1097 929 1164 982 13,
1182 928 1273 981 41).

322 1003 442 1055 Quae
465 1017 561 1047 cum
582 1003 644 1046 ita
665 1003 763 1057 sint,
798 1001 911 1044 hanc
942 1001 1065 1044 nobis
1098 1001 1238 1056 legem
1271 1001 1313 1042 in
1336 1001 1505 1043 Zonara
1538 998 1706 1042 edendo

202 1077 510 1130 constituimus,
543 1079 590 1117 ut
613 1075 818 1131 optimam
840 1073 924 1116 loci
947 1074 1152 1128 cuiusque
1175 1074 1427 1128 scripturam
1451 1077 1705 1126 teneremus,

200 1149 236 1192 si
258 1147 385 1191 modo
418 1161 496 1191 usu
527 1147 661 1203 ipsius
688 1147 883 1188 Zonarae
916 1145 984 1188 vel
1017 1145 1237 1201 scriptoris
1270 1144 1462 1199 aequalis
1495 1148 1569 1187 aut
1601 1143 1707 1187 locis

201 1220 424 1263 simillimis
443 1219 787 1272 confirmaretur3
822 1217 935 1272 quod
953 1221 1094 1260 autem
1114 1217 1301 1260 dubitari
1320 1230 1403 1258 non
1422 1220 1576 1272 potest,
1606 1217 1706 1270 quin

201 1293 450 1349 saepissime
483 1292 555 1333 vix
588 1291 723 1346 possit
756 1289 952 1338 discerni,
986 1294 1127 1332 utrum
1160 1290 1265 1332 vitia
1299 1288 1511 1343 quaedam
1539 1289 1707 1331 scribae

201 1365 332 1407 errori
364 1362 637 1407 attribuenda
675 1363 759 1405 sint
791 1376 845 1405 an
882 1363 1014 1417 ipsius
1036 1362 1231 1404 Zonarae
1259 1361 1425 1417 culpae,
1460 1374 1586 1415 quem
1611 1374 1706 1404 con-

201 1441 288 1481 stat
321 1435 437 1479 haud
470 1449 567 1478 raro
600 1439 686 1478 tam
719 1434 1000 1490 neglegenter
1029 1438 1226 1477 auctores
1249 1447 1348 1476 suos
1372 1434 1623 1489 inspexisse,
1657 1436 1704 1475 ut

201 1522 366 1552 errores
401 1508 658 1551 commiserit
689 1507 966 1562 gravissimos
999 1508 1058 1559 (v.
1081 1507 1455 1549 B-Wcomment.
1492 1505 1706 1548 Fleckeis.

202 1596 242 1637 p.
280 1581 365 1623 134
384 1582 472 1633 ss.)‚
505 1593 559 1622 ne
590 1593 674 1622 uno
708 1578 878 1633 quidem
911 1578 1006 1621 loco
1046 1591 1124 1620 nos
1164 1579 1392 1633 quicquam
1431 1578 1612 1632 silentio,
1661 1581 1708 1620 ut

204 1654 338 1706 aiunt,
371 1653 629 1695 mutavimus
651 1650 727 1694 sed
753 1652 796 1693 in
828 1651 1105 1693 annotatione
1139 1651 1288 1693 critica
1321 1649 1375 1692 de
1407 1650 1535 1692 rebus
1568 1648 1708 1692 dubiis

202 1738 371 1780 semper
403 1728 445 1767 ct
478 1723 674 1767 codicum
706 1724 940 1779 scripturas
973 1722 1191 1765 attulimus
1233 1726 1276 1765 et
1313 1726 1501 1764 nostram
1542 1725 1708 1764 senten-

202 1798 305 1840 tiam
329 1796 563 1840 adiecimus
583 1809 791 1838 memores
815 1809 959 1838 eorum
983 1808 1093 1850 quae
1116 1794 1413 1838 Krumbachcr
1444 1795 1470 1837 l.
1495 1808 1530 1838 c.
1555 1809 1597 1850 p.
1622 1794 1706 1837 277

202 1870 437 1912 rectissime
466 1872 630 1911 monet:
665 1868 731 1910 Es
764 1868 896 1911 bleibt
931 1869 1018 1911 den
1040 1868 1386 1924 Herausyebern
1409 1867 1553 1909 nichts
1577 1867 1708 1923 iibriy

202 1942 271 1985 als
303 1941 534 1998 mo'ylichst
566 1941 911 1983 konservatz'v
943 1955 999 1982 zu
1030 1940 1275 1996 veo-fahren
1307 1941 1402 1982 und
1440 1944 1548 1982 stets
1590 1952 1711 1995 sory-

202 2028 300 2056 sam
332 2015 614 2070 abzuwc'iyen‚
656 2027 750 2056 was
793 2014 934 2055 einem
966 2011 1115 2054 Autor
1155 2012 1270 2055 nach
1310 2013 1459 2054 seiner
1490 2011 1709 2067 Bildunq,

203 2087 303 2128 dem
335 2085 644 2141 sprachlicken
668 2085 897 2127 Zustande
929 2086 1073 2127 seines
1102 2085 1341 2127 Zeitazters
1373 2085 1467 2126 und
1500 2084 1587 2126 den
1619 2081 1710 2125 An-

200 2158 511 2214 forderzmyen
537 2157 684 2199 seiner
705 2156 842 2199 Leser
863 2161 1112 2213 zuyemutet
1135 2157 1313 2198 werden
1342 2157 1479 2205 kann,
1513 2160 1712 2198 mament-

203 2229 291 2272 lich
323 2230 430 2271 aber
458 2229 567 2286 jede
608 2229 883 2284 auffallende
918 2228 1232 2284 Erscheimmy
1270 2228 1535 2284 weniystens
1566 2241 1712 2284 gemm

203 2302 265 2344 im
297 2300 534 2358 Apparate
566 2315 622 2343 zu
654 2297 984 2343 verzeichmnst

323 2373 460 2417 Nobis
482 2373 614 2427 igitur
637 2372 823 2426 quinque
847 2372 1043 2414 Zonarae
1067 2371 1239 2414 codices
1262 2371 1581 2414 conserentibus
1606 2371 1709 2414 eius—

205 2458 287 2500 que
319 2458 441 2488 usum
474 2443 647 2487 dicendi
679 2447 882 2487 accurate
922 2444 1266 2487 examinantibus
1306 2444 1488 2486 alterum
1529 2443 1713 2486 accessit

205 2515 439 2560 subsidium
484 2515 782 2570 firmissimum,
833 2529 915 2570 quo
963 2516 1106 2558 multis
1152 2515 1259 2558 locis
1307 2529 1391 2558 non
1439 2513 1712 2557 mediocriter

205 2588 340 2632 adiuti
359 2602 515 2632 sumus.
565 2588 833 2643 Quamquam
857 2589 968 2631 enim
992 2588 1176 2630 omnium
1197 2587 1368 2642 quidem
1387 2586 1604 2641 librorum,
1641 2587 1712 2641 qui

208 2720 438 2755 adhibuerit
464 2731 546 2755 non
572 2730 696 2755 unam
724 2721 897 2756 nominis
926 2720 1075 2765 proprii
1105 2720 1286 2763 formam,
1315 2718 1385 2754 sed
1414 2718 1562 2762 varias,
1590 2719 1631 2753 in
1658 2718 1714 2753 in-

208 2780 297 2815 dice
324 2781 633 2815 annotatiOnum
660 2784 798 2816 nostro
827 2791 855 2815 s.
884 2791 920 2814 v.
947 2779 1140 2815 ‘Nomina
1167 2778 1351 2824 propria’
1377 2779 1650 2824 exposuimus.

327 2838 341 2863 ¹
368 2840 510 2885 Itaque
538 2850 627 2875 eum
663 2840 748 2875 cod.
779 2839 811 2875 A
839 2843 878 2875 et
906 2840 922 2874 I
950 2851 985 2886 p.
1002 2839 1097 2883 41‚4
1123 2839 1186 2884 ἔχῃ
1216 2839 1379 2874 videtur
1405 2849 1494 2875 esse
1519 2849 1713 2874 revocan-

209 2900 303 2936 dum
331 2911 403 2946 pro
429 2900 503 2946 ἔχοι
530 2904 570 2936 et
597 2900 633 2935 II
661 2912 697 2946 p.
716 2901 797 2945 378,
818 2900 860 2935 15
886 2901 1021 2946 γένηται
1051 2910 1122 2945 pro
1150 2900 1282 2945 γένοιτο
1310 2899 1397 2935 coll.
1426 2899 1442 2934 I
1470 2910 1506 2946 p.
1522 2898 1578 2944 51,
1595 2899 1626 2934 2.
1654 2899 1712 2942 60,

214 2961 270 2996 16.
298 2960 403 3006 66,1.
432 2961 489 3006 79,
503 2962 536 2996 6.
565 2960 603 2996 II
630 2971 667 3007 p.
693 2960 821 3006 3427.
849 2959 1001 3003 345‚21.
1028 2959 1109 3005 350,
1126 2959 1180 2995 12.
1208 2959 1288 3005 356,
1307 2959 1350 2995 19
1377 2962 1449 2996 cet.
