2054 3282
367 238 654 278 EXPEDITIO
679 235 910 278 ARABICA
936 235 1004 276 ΕΤ
1027 234 1340 276 BVLGARICA.
1390 233 1576 272 PLATO.
1651 233 1721 272 297

62 371 212 410 ¹111365
247 372 250 377 '
344 363 530 406 Πλάτων
561 362 607 406 δὲ
637 363 662 405 ὀ
692 361 939 418 καθηγητὴς
969 366 1041 418 τῆς
1071 366 1144 405 τοῦ
1165 361 1471 408 Σακουδίωνος
1495 364 1630 415 μονῆς
1660 364 1722 414 τῷ
1738 353 1792 398 13

5 422 7 431 ’
223 433 457 487 πατριάρχῃ
498 432 698 486 Ταρασίῳ
714 444 717 447 ’
734 435 950 474 κοινωνεῖν
986 431 1066 474 οὐκ
1105 431 1300 486 ἠνείχετο,
1347 431 1408 473 ὅτι
1451 430 1608 476 ἐκεῖνος
1650 427 1722 471 τὸν

224 502 394 557 βασιλέα
425 502 483 548 εἷς
513 501 736 543 κοινωνίαν
767 500 937 549 ἐδέξατο
968 499 1042 554 τὴν
1073 500 1223 542 ἑαυτοῦ
1248 503 1423 555 γυναῖκα
1444 497 1721 540 καταλιπόντα

225 570 296 613 καὶ
335 571 454 625 ἑτέρᾳ
491 569 607 623 παρὰ
647 569 744 616 τοὺς
781 568 1144 624 ἐκκλησιαστικοὺς
1181 567 1370 624 θεσμοὺς
1400 568 1721 622 συνοικήσαντα·

189 639 413 695 ὃμοιχείαν
449 637 530 694 γὰρ
567 638 765 693 ὠνόμαζε
802 637 849 680 τὸ
890 637 1124 692 γενόμενον.
1186 638 1236 680 ὃν
1266 637 1291 680 ὁ
1321 635 1513 693 βασιλεὺς
1550 634 1759 691 ἀγαγὼν2

225 709 270 751 ἐν
300 713 362 764 τῷ
391 708 579 763 παλατίῳ
609 708 851 762 καθεῖρξεν·
885 707 911 762 ἦ
945 706 990 749 δὲ
1020 706 1170 748 τούτου
1200 706 1339 761 μήτηρ
1371 706 1618 748 ἀντεποιεῖτο
1648 707 1722 747 τοῦ

225 777 471 825 Πλάτωνος,
515 777 574 818 ὅτι
606 775 839 831 κατῄσχυνε
869 774 941 818 τὸν
971 775 1063 818 υἱὸν
1094 776 1236 830 αὐτῆς.
1298 775 1544 830 ἐκδημήσας
1575 773 1621 816 δὲ
1650 772 1759 829 τῆς3
1785 771 1815 811 C

225 846 390 893 πόλεως
420 846 445 888 ὁ
476 848 646 899 κρατῶν
675 844 779 900 μετὰ
809 848 882 900 τῆς
913 844 1067 891 οἰκείας
1096 843 1256 899 μητρὸς
1287 844 1344 890 εἷς
1368 843 1570 897 Προῦσάν
1594 858 1636 884 τε
1657 858 1723 897 γε-

228 915 366 971 γονὼς
387 914 459 957 καὶ
487 913 647 968 μαθὼν
678 913 879 968 τεχθῆναί
906 913 946 955 οἷ
975 913 1141 955 παιδίον
1171 913 1312 966 ἄρρεν,
1346 912 1436 954 ἐκεῖ
1460 911 1534 966 τὴν
1563 912 1723 967 μητέρα

169 987 215 1023 10
227 983 469 1026 καταλιπὼν
499 982 743 1029 σπουδαίως
773 982 1042 1036 ὑπέστρεψεν.
1106 982 1131 1036 ἠ
1165 981 1211 1023 δὲ
1231 981 1444 1036 λαβομένη
1467 981 1608 1028 ἀδείας
1627 978 1760 1027 τοὺς4

227 1056 314 1095 τῶν
343 1052 567 1107 ταγμάτων
598 1051 804 1106 ἄρχοντας
835 1051 1016 1104 δωρεαῖς
1045 1066 1087 1092 τε
1117 1050 1188 1092 καὶ
1220 1051 1489 1105 ὑποσχέσεσιν
1518 1050 1724 1104 ὕποποιη-

228 1122 388 1176 σαμένη
419 1121 588 1163 πέπεικε
619 1119 851 1162 συνθέσθαι
881 1119 1076 1161 καθελεῖν
1105 1118 1184 1173 μὲν
1214 1118 1286 1160 τὸν
1316 1118 1408 1160 υἱὸν
1440 1118 1579 1173 αὐτῆς,
1619 1118 1725 1173 αὐτῇ

229 1189 275 1232 δὲ
303 1189 415 1245 μόνῃ
446 1188 521 1243 τὴν
551 1188 780 1243 αὖταρχίαν
809 1188 1174 1243 περιποιήσασθαι.
1237 1187 1308 1230 καὶ
1346 1187 1620 1242 συνθεμένων
1655 1186 1724 1229 εὐ-

227 1258 393 1312 καιρίαν
424 1258 564 1312 ἒζήτει.
626 1256 803 1311 τέθνηκε
835 1256 881 1299 δὲ
911 1255 958 1298 τὸ
986 1255 1133 1312 τεχθὲν
1152 1256 1319 1298 παιδίον
1339 1261 1400 1310 τῷ
1420 1255 1588 1311 βασιλεῖ,
1620 1255 1761 1309 ὅπερ5

170 1332 214 1370 15
228 1326 427 1382 ὠνόμασε
457 1325 635 1379 Λέοντα,
669 1325 739 1367 καὶ
770 1325 992 1380 ἕθρηνήθη
1023 1324 1140 1380 παρὰ
1171 1328 1245 1367 τοῦ
1276 1324 1444 1378 πατρός.
1507 1325 1547 1366 οἱ
1578 1323 1623 1366 δὲ
1654 1324 1761 1378 τῆςθ

227 1393 319 1438 κατ’
352 1396 481 1437 αὐτοῦ
513 1394 736 1449 ἐπιβουλῆς
767 1395 1003 1448 συνίστορες
1031 1398 1081 1448 τῇ
1111 1393 1235 1448 μητρὶ
1266 1393 1396 1435 αὐτοῦ
1429 1392 1633 1438 δείσαντες
1667 1390 1724 1446 μὴ

228 1468 302 1507 τοῦ
333 1467 485 1518 καιροῦ
515 1463 764 1518 τριβομένου
803 1462 874 1505 καὶ
910 1463 1237 1518 ὗπερτιθεμένης
1272 1465 1345 1517 τῆς
1380 1461 1579 1515 πράξεως
1615 1475 1724 1515 γνω-

229 1611 248 1648 1
272 1610 352 1657 περὶ
369 1615 430 1647 τοῦ
448 1609 541 1655 (om.
560 1610 606 1652 E)
623 1615 783 1656 μοναχοῢ
800 1610 995 1651 Πλάτωνος
1013 1609 1077 1647 CE
1176 1609 1220 1645 14
1245 1609 1295 1645 ὅτι
1314 1608 1508 1654 ἐτυφλώθη
1526 1609 1547 1644 ὃ
1562 1607 1727 1654 βασιλεὺς

228 1660 491 1699 Κωνσταντῒνος
509 1658 639 1705 εἶδήσει
666 1658 726 1694 καὶ
753 1658 844 1704 (om.
864 1658 942 1702 ΟΕ)
968 1664 1028 1706 τῆς
1044 1657 1176 1704 μητρὸς
1193 1657 1301 1694 αὐτοῦ
1327 1657 1416 1702 (αὐτ.
1434 1670 1539 1703 μητρ.
1557 1655 1607 1701 Α)
1625 1654 1727 1693 ACE

302 1797 319 1832 1
348 1797 590 1836 σακουόίωνος
616 1795 662 1839 Α,
694 1795 740 1833 G.
766 1795 816 1832 M.
843 1807 879 1843 p.
906 1796 988 1838 669,
1014 1796 1048 1841 6,
1075 1795 1147 1831 Th.
1173 1795 1222 1831 M.
1255 1805 1293 1841 p.
1322 1795 1400 1839 137,
1427 1795 1609 1831 nonnulli
1635 1794 1727 1830 libri

301 1844 481 1891 Theoph.
507 1843 525 1879 I
561 1855 597 1890 p.
620 1844 702 1889 470,
727 1843 785 1887 24,
823 1845 1053 1884 σακουὸίονος
1085 1844 1154 1879 vit.
1181 1842 1359 1889 Theoph.
1386 1853 1423 1889 p.
1450 1842 1484 1884 9,
1509 1842 1566 1885 31,
1605 1841 1727 1879 Saeu-

302 1892 452 1929 dionis:
493 1890 680 1927 Anastas.
707 1902 744 1939 p.
770 1892 851 1933 313,
879 1892 934 1937 11,
973 1892 1204 1930 σαδουκίονος
1231 1890 1274 1927 L.
1303 1889 1349 1927 G.
1377 1901 1413 1935 p.
1442 1890 1521 1934 198,
1547 1890 1604 1934 24,
1643 1903 1726 1926 σακ-

302 1941 502 1979 κουδίωνος
528 1939 685 1985 prDi
835 1939 858 1975 6
882 1939 920 1976 ἐν
945 1949 1106 1976 erasum
1131 1940 1172 1974 in
1199 1939 1231 1974 E
1385 1938 1428 1974 11
1453 1938 1671 1983 πραγμάτων
1697 1937 1727 1973 Ε

304 1988 348 2023 12
366 1988 454 2034 αὐτῇ
473 1986 641 2032 prDi,
658 1987 747 2033 αυτὴ
766 1986 862 2030 (ΧΑ)
944 1987 988 2023 14
1005 1987 1156 2033 τέθνηκε
1173 1986 1212 2023 δὲ
1229 1986 1266 2022 τὸ
1283 1987 1407 2032 τεχθὲν
1423 1987 1563 2021 παιδίον
1583 1984 1726 2031 AEwp‚

300 2036 512 2081 τεθνηκότος
537 2034 577 2070 δὲ
601 2040 661 2071 τοῦ
679 2035 861 2080 τεχθέντος
880 2036 1022 2071 παιδίου
1043 2035 1075 2071 Ο
1174 2034 1218 2069 15
1244 2034 1304 2070 καὶ
1329 2034 1517 2079 ἐθρηνήθη
1543 2033 1640 2078 παρὰ
1666 2038 1726 2069 τοῦ

299 2085 431 2128 πατρός
457 2082 603 2128 ΑΕΨΡ,
628 2083 762 2122 ἐκεῖνος
786 2083 928 2128 ἐθρήνει
956 2082 988 2119 O
1086 2081 1125 2118 δὲ
1150 2081 1296 2128 AEwp‚
1320 2082 1438 2126 μέντοι
1465 2081 1496 2118 O
1597 2082 1641 2117 17
1667 2086 1727 2115 τοῦ

301 2136 431 2176 καιροῦ
457 2130 665 2176 τριβομένου
689 2131 750 2166 καὶ
781 2131 899 2175 ὑπερτ.
926 2145 954 2166 τ.
978 2129 1155 2175 πράξεως]
1194 2129 1256 2165 De
1283 2130 1459 2166 chiasmo
1487 2140 1525 2164 V.
1552 2129 1604 2164 ad
1629 2128 1726 2164 XIII

301 2179 335 2223 2,
361 2179 384 2214 6
407 2226 418 2261 l
458 2225 493 2261 D
552 2178 837 2224 ὗπερτεθημένης
864 2178 906 2223 Ε,
931 2178 1227 2223 ὗπερτεθειμένης
1257 2188 1319 2224 wp
1489 2182 1549 2223 τῆς
1576 2187 1651 2212 om.
1679 2175 1727 2221 D,

301 2236 405 2273 supp
423 2250 431 2261 ·
498 2244 526 2265 w

351 2345 405 2381 13.
459 2345 583 2389 Plato,
611 2346 798 2391 princeps
818 2343 1058 2381 Saeudionis
1085 2345 1328 2388 monasterii,
1355 2354 1446 2380 cum
1465 2344 1634 2380 Tarasio
1663 2354 1728 2389 pa-

230 2393 406 2429 triarcha
438 2393 736 2428 communicare
774 2403 854 2428 non
895 2393 1096 2436 sustinuit,
1136 2392 1245 2438 quod
1278 2392 1344 2428 ille
1375 2402 1514 2438 regem
1546 2391 1598 2427 ad
1626 2402 1729 2427 coin-

230 2441 460 2476 munionem
487 2440 716 2483 admiserat,
743 2441 812 2486 qui
841 2440 1001 2476 deserta
1026 2450 1156 2476 uxore
1183 2440 1349 2475 alteram
1377 2444 1520 2475 eontra
1545 2439 1729 2474 instituta

230 2487 547 2524 Christianorum
573 2489 649 2523 sibi
676 2489 875 2532 iunxerat,
903 2487 1012 2533 quod
1040 2490 1189 2524 factum
1217 2487 1448 2532 appellabat
1472 2486 1727 2522 adulterium.

230 2535 329 2571 Eum
357 2545 429 2572 rex
456 2536 497 2571 in
525 2536 717 2582 palat-ium
745 2537 966 2581 compegm
993 2535 1064 2571 sed
1090 2540 1218 2571 mater
1246 2534 1424 2570 Platonis
1451 2531 1764 2570 defensionem⁸2

230 2582 321 2619 ideo
348 2584 536 2629 suscepit,
567 2583 677 2628 quod
705 2583 826 2619 filiuni
855 2583 1004 2629 probro
1031 2583 1234 2618 affecerat.
1286 2582 1454 2618 Prusam
1483 2592 1573 2617 cum
1600 2580 1764 2617 man-03

230 2641 280 2665 ex
300 2630 401 2666 urbe
421 2631 626 2676 profectus
645 2631 864 2676 imperator
883 2641 973 2666 eum
993 2631 1067 2666 sibi
1089 2630 1252 2666 filiolum
1272 2634 1410 2665 natum
1431 2640 1519 2666 esse
1537 2629 1726 2674 audisset,

231 2682 358 2713 matre
385 2678 463 2713 illic
489 2678 629 2714 relicta
660 2688 831 2724 propere
858 2679 986 2714 rediit.
1038 2678 1139 2713 Tum
1160 2678 1226 2712 illa
1245 2682 1364 2712 nacta
1384 2675 1764 2723 opportunitatem4

231 2725 402 2761 tribunis
435 2726 600 2761 militum
634 2725 918 2771 largitionibus
945 2731 984 2762 et
1012 2726 1367 2772 pollicitationibus
1394 2724 1615 2760 conciliatis
1642 2735 1727 2770 per-

230 2773 368 2817 suasit,
394 2778 440 2808 ut
457 2774 735 2819 promitterent
754 2784 796 2809 se
815 2774 1025 2819 imperium
1054 2773 1133 2808 filio
1160 2773 1391 2818 ademptum
1420 2773 1457 2807 in
1486 2783 1574 2807 eam
1602 2772 1726 2807 solam

231 2820 448 2856 collaturos
473 2831 579 2864 esse;
606 2830 686 2866 qno
714 2821 926 2866 impetrato
955 2822 1207 2856 occasionem
1235 2821 1290 2856 rei
1312 2820 1588 2855 conficiendae
1607 2829 1727 2867 quae-

232 2868 391 2904 ritabat.
441 2867 591 2904 Verum
616 2878 714 2914 rege
734 2869 853 2912 filioli,
881 2879 999 2915 quem
1020 2868 1196 2904 Leonem
1216 2868 1456 2912 nominarat,
1483 2868 1636 2903 obitum
1664 2866 1765 2903 tie-5

232 2915 416 2963 plorante
433 2916 473 2960 ii,
498 2917 566 2963 qui
592 2917 731 2952 matris
749 2921 890 2954 contra
908 2926 998 2953 eum
1019 2916 1254 2952 insidiarum
1275 2916 1424 2952 conscii
1444 2919 1571 2962 erant,
1599 2915 1728 2960 veriti,
1743 2915 1766 2952 6
