2054 3282
316 237 386 275 660
677 235 858 277 zoNAR.
886 236 1016 274 EPIT.
1043 234 1174 274 va
1200 236 1233 284 9,
1259 237 1387 283 20-3,
1409 236 1447 274 ⁴6.

315 360 385 402 καὶ
417 362 459 402 εἴ
481 361 583 407 τινές
614 377 697 402 που
729 363 813 402 τῶν
845 359 968 414 ἑῴων
999 358 1360 414 περιελείφθησαν,
1391 359 1450 414 μὴ
1481 361 1809 415 συναπαχίῦεῒσαι

265 432 376 483 1)τῴ
407 429 639 484 Κομνηνῷ,
685 429 830 483 ἐφιστᾷ
862 428 1022 474 τούτοις
1053 427 1281 483 στρατηγὸν
1313 429 1602 483 αὐτοκράτορα
1634 428 1705 471 τὸν
1737 429 1808 471 δο-

314 498 509 552 μέστικον
539 502 611 552 τῆς
643 497 845 551 ἀνατολῆς
875 496 946 538 τὸν
978 497 1174 551 ἐκτομίαν
1211 495 1455 551 Θεόδωρον,
1489 496 1560 538 τὸν
1590 502 1661 552 τῆς
1691 499 1810 552 βασι-

316 566 456 621 λίσσης
493 565 725 620 Θεοδώρας
756 565 1011 619 θεράποντα,
1058 565 1259 614 συζεύξας
1297 566 1414 619 αὐτῷ
1451 565 1708 620 συνάρχοντα
1739 565 1811 608 καὶ

315 634 387 676 τὸν
429 634 656 689 μάγιστρον
693 634 876 688 Ἀαρών,
924 634 1129 688 σύγγονον
1175 634 1273 675 ὄντα
1317 638 1389 688 τῆς
1433 635 1708 689 συνοικούσης
1749 640 1846 690 τῴὸ

257 707 301 743 21
317 703 548 757 Κομνηνῴ.
614 704 658 743 οἳ
691 706 775 748 τοῖς
814 701 1010 748 ἐναντίοις
1049 702 1586 757 ἄντιστρατοπεδευσάμενοι
1631 719 1810 757 συγκρο-

315 774 429 812 τοῦσι
466 770 537 812 καὶ
572 771 759 825 πόλεμον
790 771 895 812 κατά
927 786 1014 812 τινα
1046 770 1174 812 τόπον
1198 770 1341 825 Ἅιδην
1371 775 1455 817 τοῖς
1486 772 1703 826 ἐγχωρίοις
1733 787 1810 813 κα-

315 839 534 893 λούμενον,
579 838 650 880 καὶ
688 838 734 880 τὸ
773 838 852 894 μὲν
882 839 1105 894 εὐώνυμον
1135 840 1264 893 κέρας
1294 843 1379 881 τῶν
1409 839 1636 894 βασιλικῶν
1666 841 1812 895 ἥττησε

315 908 361 949 τὸ
400 907 535 956 δεξιὸν
571 909 700 963 κέρας
738 907 784 950 τὸ
824 908 918 963 περὶ
956 907 1028 950 τὸν
1070 907 1292 963 Κομνηνὸν
1329 908 1399 949 καὶ
1441 908 1512 950 τὸν
1556 909 1809 964 ἐφεστηκότα

256 982 303 1017 22
315 977 451 1031 τούτῳ
478 976 699 1032 Ῥωμανόν
729 976 800 1018 τὸν
831 976 1030 1032 Σκληρὸν
1062 977 1233 1032 συνέσχε
1265 978 1416 1025 ζῶντα.
1478 976 1524 1018 τὸ
1563 978 1609 1019 δέ
1645 994 1690 1032 γε
1726 981 1811 1019 τῶν
1826 982 1872 1017 10

317 1046 514 1088 ἐναντίων
560 1046 794 1100 εὐώνυμον,
844 1043 894 1087 οὗ
939 1050 1145 1100 κατῆρχεν
1189 1045 1213 1086 ὁ
1252 1045 1539 1100 Κεκαυμένος,
1586 1045 1632 1087 τὸ
1678 1045 1812 1094 δεξιὸν

102 1118 302 1155 ΡΙΙ266Α
317 1115 519 1170 ἐτρέψατο
540 1117 626 1156 τῶν
650 1114 879 1169 βασιλικῶν
910 1114 981 1156 καὶ
1013 1115 1069 1161 εἰς
1101 1114 1202 1156 αὐτὸ
1234 1113 1279 1155 τὸ
1312 1114 1592 1169 στρατόπεδον
1623 1115 1812 1170 εἰσῆλθεν

256 1188 303 1224 23
317 1184 457 1225 αὐτῶν
482 1183 553 1225 καὶ
573 1181 646 1229 τὰς
668 1181 826 1238 σκηνὰς
849 1183 1038 1238 διέρρηξε
1059 1183 1130 1224 καὶ
1159 1184 1306 1238 ἔρριψε
1337 1182 1442 1224 κατὰ
1466 1187 1553 1238 γῆς.
1576 1187 1697 1225 τοῦτο
1727 1187 1812 1229 τοῖς

316 1252 410 1307 περὶ
440 1251 512 1294 τὸν
534 1251 762 1307 Κομνηνὸν
792 1252 956 1307 θάρσος
988 1252 1049 1298 ὡς
1079 1252 1253 1307 μάλιστα
1277 1252 1501 1307 ἐνεποίησε,
1532 1256 1616 1298 τοῖς
1643 1251 1679 1293 δ’
1704 1252 1810 1294 ἀντι-

257 1326 304 1361 24
316 1322 545 1376 πολεμοῦσι
582 1321 784 1377 κατέβαλε
820 1321 868 1362 τὰ
907 1322 1159 1376 φρονήματα
1191 1321 1263 1363 καὶ
1294 1322 1460 1376 φεύγειν
1492 1322 1689 1364 ἀνέπεισε.
1752 1322 1810 1376 γί-
1826 1325 1871 1360 15

317 1406 426 1432 νεται
463 1390 600 1432 τοίνυν
636 1393 721 1432 τῶν
759 1391 987 1445 βασιλικῶν
1026 1390 1159 1445 φόνος
1197 1390 1341 1444 πολύς,
1387 1391 1438 1432 οὗ
1481 1394 1637 1433 κοινῶν
1678 1390 1812 1445 μόνον

318 1462 593 1514 στρατιωτῶν,
626 1459 728 1500 ἀλλὰ
750 1458 820 1500 καὶ
842 1462 1125 1514 στραταρχῶν,
1148 1459 1218 1500 καὶ
1238 1459 1403 1505 πλείους
1426 1459 1471 1500 δὲ
1492 1460 1810 1514 ἐζωγρήθησαν.
1826 1462 1861 1497 D
1881 1462 1935 1499 IV
1954 1463 2022 1498 188

258 1532 304 1568 25
318 1527 389 1569 καὶ
420 1528 445 1582 ἡ
478 1528 570 1582 νίκη
604 1527 850 1583 ἀναφανδὸν
880 1532 944 1582 τῷ
973 1529 1192 1582 Κομνηνῴ
1224 1527 1447 1582 ἐπεμειδία.

276 1596 304 1638 3
441 1596 572 1638 Τοῦτο
592 1596 752 1651 μαθὼν
769 1597 793 1638 ὁ
809 1595 1000 1651 βασιλεὺς
1017 1595 1188 1650 Ᾱίιχαὴλ
1211 1596 1443 1650 ἀπεγνώκει
1463 1596 1511 1638 τὰ
1533 1600 1606 1638 τοῦ
1622 1596 1811 1652 πολέμου

317 1664 388 1707 καὶ
423 1664 498 1719 τὴν
535 1664 671 1720 ἀρχὴν
708 1665 950 1706 ἀποθέσθαι
990 1665 1203 1719 ἠβούλετο,
1249 1663 1350 1706 ἀλλὰ
1389 1668 1474 1711 τοῖς
1516 1665 1610 1720 περὶ
1654 1666 1811 1708 ἐκεῖνον
1824 1669 1872 1705 20

321 1795 343 1829 6
368 1795 418 1829 ὅτι
446 1794 682 1841 συμβαλόντες
708 1799 778 1834 τοῖς
803 1794 882 1840 περὶ
909 1794 966 1830 τὸν
992 1794 1180 1840 Κυμνηνὸν
1206 1795 1243 1830 οἷ
1264 1794 1441 1841 βασιλικοὶ
1467 1794 1668 1841 ἡττήθησαν
1694 1794 1722 1832 C

391 1923 411 1957 1
436 1923 737 1969 περιελείφθησαν
763 1922 932 1969 prDi,
958 1923 1245 1969 περιελήφθησαν
1271 1923 1306 1958 Α
1480 1923 1746 1970 συναπαχθῆναι
1775 1923 1810 1958 D

388 1971 412 2005 2
437 1974 527 2016 post
552 1970 744 2017 στρατηγὸν
771 1971 863 2007 add.
890 1972 1130 2016 αὐτοκράτορα
1157 1972 1255 2017 pr
1284 1971 1397 2007 Cedr.
1415 1971 1602 2018 (Seylitz.)
1622 1972 1657 2007 II
1679 1983 1714 2018 p.
1729 1972 1810 2015 6⁸27,

387 2018 444 2063 21,
473 2029 548 2053 om.
567 2017 661 2054 ADi
756 2019 778 2054 5
804 2020 970 2054 σύνοικον
988 2019 1023 2053 D
1122 2020 1143 2054 6
1173 2019 1557 2064 ζστρατοπεὸευσάμενοι
1579 2020 1607 2054 Ε
1705 2020 1725 2055 7
1751 2019 1810 2054 καὶ

389 2076 465 2101 om.
480 2065 515 2100 D
603 2067 787 2112 λεγόμενον
803 2066 898 2111 παρὰ
916 2072 985 2102 τῶν
1002 2067 1188 2112 ἐγχωρίων
1207 2067 1241 2101 D
1331 2067 1516 2112 ἐγχωρίαις
1535 2067 1580 2113 p*
1670 2067 1692 2102 9
1717 2081 1751 2102 κ.
1772 2067 1810 2101 τὸ

387 2113 472 2157 AD,
499 2127 533 2149 κ.
560 2118 630 2148 τῶν
658 2114 754 2160 pr
862 2115 906 2149 13
932 2115 1094 2159 διέρρηξε
1120 2113 1288 2160 prDi,
1315 2116 1486 2160 διέρρηψε
1511 2114 1546 2149 Α
1645 2115 1689 2150 16
1715 2119 1809 2150 ante·

389 2163 504 2197 τοίνυν
531 2162 623 2197 add.
649 2161 688 2197 δὲ
713 2161 749 2196 D
849 2163 893 2198 18
917 2163 1171 2208 προςνενέμητο
1199 2162 1260 2198 BC

316 2292 349 2328 si
368 2302 474 2338 quae
493 2303 544 2328 ex
564 2293 825 2329 orientalibus
844 2304 867 2328 a
885 2293 963 2330 fide
983 2304 1063 2329 non
1079 2293 1356 2338 discesserant,
1377 2293 1519 2329 ducem
1535 2303 1624 2328 oum
1638 2293 1806 2340 imperio

315 2340 510 2386 praefecit
521 2340 694 2376 Orientis
708 2341 971 2377 domesticum
982 2341 1238 2377 Theodorum
1253 2342 1485 2387 spadonem,
1500 2342 1667 2387 reginae
1681 2341 1808 2377 Theo—

317 2388 442 2423 dorae
467 2389 704 2432 ministrum,
731 2389 922 2424 adiuncto
950 2389 1107 2434 collega
1133 2390 1325 2435 magistro
1352 2388 1524 2432 Aarone,
1565 2390 1690 2424 fratre
1715 2400 1807 2424 con-

255 2435 301 2470 21
316 2436 423 2481 iugis
454 2435 659 2471 Comneni.
710 2436 786 2478 Qui
819 2437 959 2472 eastris
990 2441 1131 2472 eontra
1163 2437 1296 2472 hostes
1328 2437 1477 2482 positis,
1517 2437 1615 2480 loeo,
1655 2438 1723 2481 qui
1754 2438 1806 2472 ab

315 2483 456 2519 ineolis
494 2483 630 2519 Hades
667 2484 904 2530 appellatur,
948 2485 1143 2530 proelium
1181 2485 1425 2527 commisere,
1469 2484 1539 2519 ubi
1581 2494 1604 2518 a
1646 2485 1805 2519 sinistro

316 2541 444 2566 cornu
469 2532 675 2577 regiorum
702 2531 889 2567 dextrum
909 2530 1220 2567 Comneniorum
1246 2532 1503 2577 profligatum
1531 2535 1590 2566 est
1617 2533 1744 2576 etqui
1770 2533 1807 2567 ei

255 2578 302 2614 22
316 2583 503 2624 praeerat
540 2578 745 2614 Romanus
782 2578 941 2615 Selerus
979 2581 1098 2614 vivus
1135 2582 1288 2625 eaptus.
1351 2578 1430 2615 Sed
1469 2589 1595 2614 cornu
1634 2580 1806 2614 hostium

316 2627 532 2670 sinistrum,
567 2627 629 2661 eui
660 2626 937 2662 Cecaumenus
964 2630 1161 2672 praeerat,
1197 2627 1340 2662 dextro
1368 2627 1571 2672 reg-iorum
1598 2627 1637 2660 in
1665 2627 1805 2672 fugam

315 2683 446 2718 verso,
472 2674 513 2708 in
540 2677 672 2709 eastra
697 2684 827 2719 usque
854 2676 1082 2719 penetravit
1109 2678 1147 2710 et
1173 2674 1345 2709 tentoria
1372 2674 1573 2719 discerpta
1597 2675 1806 2710 subvertit.

255 2720 303 2756 23
317 2720 429 2762 Quae
454 2731 517 2756 res
543 2724 587 2756 ut
605 2721 916 2757 Comneniorum
943 2722 1096 2757 animos
1124 2722 1381 2757 vehementer
1400 2722 1524 2765 auxit,
1551 2722 1606 2755 sie
1633 2722 1804 2757 hostium

255 2769 302 2803 24
317 2768 418 2803 adeo
458 2769 614 2813 deiecit,
652 2775 697 2803 ut
730 2769 854 2814 fugae
887 2779 929 2804 se
961 2770 1211 2812 mandarent,
1249 2769 1289 2803 in
1322 2779 1402 2814 qua
1427 2769 1539 2804 multi
1568 2770 1673 2804 caesi
1700 2775 1804 2813 sunt,

315 2826 397 2851 non
435 2817 614 2861 gregarii
653 2819 808 2852 tantum
845 2817 1000 2860 milites,
1038 2817 1109 2852 sed
1136 2817 1259 2852 duces
1282 2817 1414 2860 etiam,
1453 2817 1635 2861 pluribus
1666 2817 1803 2862 captis,

255 2863 302 2898 25
316 2862 519 2899 Comneno
547 2864 718 2899 victoria
743 2865 905 2899 minime
932 2864 1055 2899 dubia
1082 2865 1219 2910 potito.

434 2911 466 2946 3.
517 2911 574 2946 Eo
602 2912 765 2957 cognito
791 2922 862 2947 rex
890 2911 1057 2947 Michael
1078 2911 1290 2958 desperato
1317 2911 1421 2947 bello
1446 2912 1656 2958 imperium
1684 2911 1803 2958 dopo·
