2054 3282
349 271 418 307 506
716 271 896 308 ZONAR.
924 272 1054 307 EPIT.
1081 272 1171 307 XVI
1197 273 1253 317 25,
1280 274 1430 318 20-26,
1457 276 1491 310 3.

347 408 388 433 τε
419 393 490 434 καὶ
521 392 756 446 στρατευταὶ
777 393 847 433 καὶ
869 394 907 433 οἱ
928 393 1174 446 κεκλημένοι
1196 396 1537 450 πρωτονοτάριοι,
1571 398 1614 438 οἳ
1629 398 1840 446 παντοίαις

298 461 582 502 Βκακώσεσιν
614 461 820 509 ἔξεπίεζον
848 461 894 501 τὸ
927 461 1118 515 ’ὑπήκοον
1149 462 1219 503 καὶ
1250 464 1307 509 εἰς
1338 464 1514 519 ἐσχάτην
1543 466 1721 519 ἀπορίαν
1742 483 1838 508 συν-

347 529 518 582 ήλασαν,
552 529 651 570 οὐδὲ
677 532 762 569 τῶν
782 529 1041 570 παντάπασιν
1064 530 1240 584 ἀπόρων
1261 532 1514 586 φειδόμενοι,
1547 534 1648 575 ἀλλὰ
1669 534 1841 581 τούτους

345 596 423 650 μὲν
466 601 551 642 ταῖς
596 597 815 650 δρομικαῖς
858 598 1083 650 στρατείαις
1126 599 1418 654 ἐγγράφοντες,
1463 600 1559 647 τοὺς
1603 601 1648 644 δὲ
1690 602 1841 658 πρῴην

345 665 509 710 ταύταις
540 665 841 718 ὑποκειμένους
872 666 928 710 εἷς
959 665 1031 712 τὰς
1061 667 1304 714 πλευστικάς
1334 670 1700 724 μετεγγράφοντες,
1745 671 1876 718 tots-5

347 732 391 773 δὲ
421 733 640 786 πλωίμους
669 734 952 786 μετατιθέντες
984 736 1040 781 εἰς
1073 737 1324 789 στρατιώτας
1354 738 1518 786 πεζούς,
1550 738 1646 785 τοὺς
1678 739 1723 781 δὲ
1743 740 1840 794 πρὶν

348 801 563 847 τοιούτους
605 805 689 847 τοῖς
732 802 921 848 ἱππόταις
960 804 1299 858 ε’γκαταλέγοντες
1335 806 1406 847 καὶ
1443 806 1539 852 τοὺς
1576 807 1752 855 ἱππότας
1783 809 1841 854 εἷς

344 869 668 923 καταφράκτους
706 870 946 924 ἀμείβοντες
985 872 1056 913 καὶ
1090 873 1253 927 ἑκάστῳ
1284 874 1516 928 βαρύτερον
1547 876 1839 930 στρατιωτικὸν

285 939 326 974 21
344 937 587 983 ἐπιτιθέντες
630 938 916 994 λειτούργημα.
980 940 1102 995 ε’(ῥκει
1146 941 1225 996 γὰρ
1268 941 1315 983 τὸ
1360 946 1444 984 πᾶν
1489 948 1539 998 τῇ
1585 946 1839 998 στρατιώτιδι

284 1009 330 1043 22
342 1007 610 1060 μεταχειρίσει
642 1007 996 1062 ἐπιγραφόμενος·
1030 1011 1132 1051 ὅθεν
1163 1011 1233 1052 καὶ
1265 1011 1402 1066 δόγμα
1432 1012 1533 1054 ὅσον
1552 1013 1599 1054 τὸ
1620 1011 1710 1055 κατ’
1734 1015 1836 1056 ἐκεῖ-
1857 1019 1901 1054 10

342 1090 415 1115 νον
459 1074 651 1116 ἐθέσπισε
694 1075 790 1122 τοὺς
834 1077 878 1118 ἒν
921 1079 1118 1133 πολέμοις
1156 1080 1447 1134 ἀνῃρημένους
1483 1083 1733 1135 στρατιώτας
1772 1080 1835 1124 ἐπ’

342 1144 432 1196 ἴσης
468 1144 666 1197 τιμᾶσθαι
705 1149 789 1191 τοῖς
826 1146 1004 1200 μάρτυσι
1041 1148 1112 1189 καὶ
1156 1149 1300 1202 ὕμνων
1332 1149 1495 1203 ὁμοίων
1525 1150 1738 1204 τυγχάνειν
1767 1151 1836 1192 καὶ

282 1215 328 1250 23
341 1212 644 1266 παραπλησίως
666 1215 942 1268 γεραίρεσθαι.
982 1216 1052 1257 καὶ
1074 1217 1111 1258 εἰ
1127 1216 1186 1271 μὴ
1211 1216 1234 1258 ὁ
1256 1217 1514 1272 πατριάρχης
1535 1219 1610 1259 καί
1626 1235 1730 1266 τινες
1749 1223 1834 1261 τῶν

130 1281 325 1318 ΡΙΙ203Α
342 1281 585 1336 ἀρχιερέων,
619 1282 720 1324 ἀλλὰ
752 1283 838 1338 μὴν
869 1284 937 1326 καὶ
970 1286 1068 1327 ἔνιοι
1088 1289 1174 1327 τῶν
1195 1286 1390 1339 λογάδων
1412 1291 1484 1340 τῆς
1506 1287 1723 1341 γερουσίας
1746 1304 1834 1342 γεν-

340 1350 470 1396 ναίως
500 1351 762 1406 ἀντέστησαν,
795 1353 980 1407 λέγοντες
1010 1354 1134 1400 “πῶς
1155 1356 1206 1396 ἂν
1228 1355 1269 1395 οἱ
1289 1355 1332 1396 ἒν
1353 1355 1551 1409 πολέμοις
1573 1356 1837 1410 ἀναιροῦντες
1852 1361 1895 1396 15

339 1419 411 1460 καὶ
442 1420 736 1474 ἀναιρούμενοι
766 1421 990 1475 λογίζοιντό
1021 1438 1095 1464 τισι
1125 1423 1335 1477 μάρτυρες
1365 1425 1391 1478 ἢ
1422 1428 1507 1469 τοῖς
1526 1424 1728 1478 μάρτυσιν
1749 1425 1834 1466 ἶσο-

341 1487 508 1542 στάσιοι,
554 1490 628 1534 οὓς
667 1490 707 1530 οῖ
742 1490 849 1531 θεῖοι
880 1491 1054 1537 κανόνες
1083 1491 1167 1532 ὑπὸ
1200 1492 1397 1546 ἐπιτίμιον
1427 1493 1611 1546 ἄγουσιν,
1656 1493 1721 1534 ἐπὶ
1751 1497 1884 1547 τρι-Ι)
1905 1498 1956 1534 IV
1969 1499 2015 1534 83

340 1557 448 1598 ετίαν
463 1561 535 1612 τῆς
556 1558 803 1612 φρικώδους
828 1559 899 1600 καὶ
920 1561 1033 1613 ἱερᾶς
1054 1559 1206 1606 αὐτοὺς
1227 1561 1489 1614 ἀπείργοντες
1509 1561 1829 1616 μεταλήψεως”,

280 1626 326 1662 24
339 1625 428 1680 τάχ’
461 1627 513 1668 ἂν
543 1625 589 1668 τὸ
621 1627 842 1669 θεσπέσιον
874 1629 1006 1670 ἐκεῖνο
1038 1629 1257 1683 κεκύρωτο
1288 1629 1513 1684 θέσπισμα.
1576 1629 1628 1684 ἦν
1660 1630 1705 1673 δὲ
1725 1630 1833 1686 πρὸς

340 1764 386 1800 10
411 1766 605 1810 σημείωσαι
632 1766 662 1801 Ε
773 1767 817 1802 19
842 1768 892 1802 ὅτι
917 1766 1013 1812 παρὰ
1039 1773 1099 1803 τοῦ
1128 1770 1241 1803 Φωκᾶ
1265 1767 1302 1802 τὸ
1327 1768 1535 1813 τεταρτηρόν
1561 1769 1714 1814 νόμισμά
1740 1769 1831 1814 (om.

339 1811 383 1854 C)
410 1826 445 1848 τε
471 1814 562 1855 (om.
589 1814 636 1857 E)
661 1814 856 1861 ἐπενοήθη·
883 1815 943 1851 καὶ
969 1816 990 1861 ἦ
1018 1817 1224 1861 προτίμησις
1249 1821 1308 1861 τῆς
1333 1816 1411 1855 νέας
1435 1822 1592 1862 χαραγῆς
1617 1815 1680 1853 CE

407 1950 430 1986 4
456 1953 630 1996 στρατιάις
655 1953 751 1998 Ewp
849 1953 872 1989 5
895 1954 1172 1999 μετεγράφοντες
1198 1953 1247 1999 D,
1274 1954 1554 1999 μεταγράφοντες
1581 1966 1605 1999 p
1704 1955 1745 1989 11
1772 1955 1828 1990 ἀν-

407 1999 637 2044 αιρουμένους
661 1999 760 2046 pr
873 2002 928 2037 11.
957 2002 1002 2036 12
1027 2002 1147 2047 ἐπίσης
1174 2000 1320 2047 Apr,
1346 2002 1399 2037 ἐπ’
1427 2004 1505 2046 ἴσης
1530 2001 1587 2037 Di
1691 2002 1736 2038 14
1761 2016 1832 2047 γεν-

408 2048 518 2087 ναίως
545 2058 619 2083 om.
648 2047 677 2084 C
825 2049 869 2084 16
895 2054 986 2095 post
1009 2050 1069 2085 καὶ
1096 2050 1186 2085 add.
1214 2051 1250 2085 οἱ
1273 2049 1320 2094 D,
1348 2050 1423 2086 del.
1450 2049 1520 2088 Dw
1657 2050 1833 2096 λογίζοντο

407 2093 493 2138 (sic)
519 2093 555 2130 A
654 2096 701 2132 19
727 2096 815 2142 τάχα
842 2096 989 2143 Essswp

334 2232 594 2278 inspectores,
625 2233 828 2279 militares,
861 2236 1138 2280 protonotarii,
1177 2236 1246 2281 qui
1272 2236 1474 2271 subiectos
1501 2236 1608 2271 omni
1634 2236 1829 2272 malorum

334 2289 487 2324 genere
506 2291 720 2326 oppressos
746 2282 798 2317 ad
824 2293 1020 2318 summam
1047 2286 1269 2329 egestatem
1295 2284 1555 2329 redegerunt,
1581 2294 1633 2318 ne
1660 2285 1830 2329 egentis-

334 2327 524 2363 simorum
554 2329 716 2373 quidem
742 2329 880 2365 habita
905 2331 1079 2376 ratione3
1118 2341 1210 2366 nam
1240 2341 1309 2366 eos
1334 2332 1376 2366 in
1403 2331 1602 2366 dromicos
1628 2332 1831 2367 exercitus

333 2375 586 2421 referebant3
625 2377 693 2421 qui
725 2378 837 2422 prius
869 2378 911 2413 in
935 2378 983 2413 iis
1016 2379 1191 2421 fuerant,
1229 2379 1271 2413 in
1297 2379 1481 2413 nauticos
1512 2379 1830 2424 transferebant3

334 2422 560 2458 classiarios
595 2424 636 2458 in
674 2424 882 2469 pedestres
918 2427 1132 2470 exercitus,
1170 2426 1326 2472 pedites
1364 2426 1406 2460 in
1443 2429 1596 2461 turmas
1635 2426 1827 2471 equitum,

333 2470 489 2514 equites
506 2471 548 2505 in
567 2472 848 2517 cataphractos
867 2473 1111 2517 inserebant,
1130 2473 1298 2519 singulis
1312 2474 1481 2518 gravius
1499 2474 1663 2508 militiae
1681 2483 1827 2509 munus

190 2512 246 2548 21.
273 2512 319 2548 22
333 2518 601 2563 assignantes,
638 2518 739 2555 Nam
758 2520 810 2554 ad
828 2530 951 2555 unam
970 2531 1053 2556 rem
1073 2521 1283 2556 militarem
1298 2521 1500 2556 referebat
1516 2521 1660 2555 onmia.
1699 2520 1828 2565 Unde,

334 2564 443 2609 quod
468 2566 507 2600 in
536 2576 583 2601 eo
611 2567 697 2610 fuit,
725 2567 886 2603 decreto
914 2569 1058 2613 sanxit,
1085 2571 1130 2603 ut
1155 2568 1298 2603 milites
1325 2569 1364 2602 in
1384 2568 1496 2603 bellis
1514 2568 1714 2603 interfect-i
1738 2570 1826 2614 pari

334 2621 424 2647 cum
450 2614 696 2658 martyribus
723 2615 876 2650 honore
903 2616 1130 2651 colerentur
1157 2619 1196 2651 et
1224 2615 1418 2650 similibus
1451 2615 1608 2660 hymnis
1637 2626 1684 2651 ac
1710 2626 1828 2651 venc-

273 2655 320 2692 23
332 2659 489 2695 ratione
516 2661 830 2697 celebrarentur.
882 2663 1033 2705 Quodsi
1060 2663 1289 2708 patriarcha
1317 2666 1356 2698 et
1375 2663 1538 2707 quidam
1559 2673 1609 2697 ex
1629 2664 1828 2708 primariis

333 2707 612 2743 sacerdotibus
639 2713 677 2744 et
703 2713 868 2745 senatus
891 2711 1140 2756 principibus
1158 2721 1239 2745 non
1258 2713 1420 2746 strenue
1438 2711 1676 2745 restitissent
1693 2721 1829 2755 rogas-

332 2756 513 2799 sentque,
553 2766 632 2800 quo
661 2760 779 2801 pacto
806 2758 844 2801 ii,
872 2758 940 2803 qui
966 2758 1007 2793 in
1034 2758 1146 2793 bellis
1173 2761 1212 2793 et
1241 2758 1458 2793 caederent
1484 2761 1522 2793 et
1549 2758 1827 2802 caederentur,

331 2805 530 2847 martyres
562 2803 734 2839 iudicari
769 2808 934 2850 possent
965 2809 1035 2841 aut
1068 2806 1313 2851 martyribus
1338 2815 1467 2851 pares,
1494 2815 1595 2850 quos
1621 2815 1827 2840 sacrorum

332 2857 533 2884 canonum
563 2860 734 2886 censura
765 2855 935 2896 notaret,
972 2853 1190 2888 triennium
1223 2863 1247 2887 a
1278 2853 1488 2888 tremenda
1520 2853 1587 2887 illa
1617 2855 1656 2888 et
1686 2855 1827 2888 sancta

333 2898 614 2932 communione
633 2909 785 2942 arcens,
814 2900 983 2935 forsitan
1009 2901 1219 2945 egregium
1236 2900 1335 2935 illud
1359 2900 1565 2935 decretum
1583 2903 1714 2935 ratum
1733 2900 1826 2935 suis-

272 2940 319 2977 24
332 2945 403 2979 set.
452 2942 634 2991 Apparet
660 2946 833 2983 eundem
859 2948 1056 2983 avaritiae
1077 2957 1239 2994 quoque
1258 2947 1436 2983 deditum
1456 2948 1596 2992 fuisse3
1622 2958 1714 2983 nam
1735 2958 1825 2983 cum
