2054 3282
363 252 434 290 604
711 255 892 293 ZONAR.
920 256 1049 291 EPIT.
1077 257 1188 292 XVII
1216 257 1270 301 17,
1296 257 1448 303 39—18‚
1474 259 1507 294 6.

362 375 581 430 βασιλείων
615 381 856 431 μεταχωρεῖ
881 377 951 418 καὶ
982 377 1140 419 ἄπεισιν
1170 379 1227 424 εἷς
1258 379 1362 433 ὅπερ
1394 379 1519 426 αῧτός
1548 379 1632 434 πρὸ
1663 385 1748 422 τῶν
1777 398 1852 424 τει-

362 447 453 498 χῶν
490 449 561 499 τῆς
598 445 762 491 πόλεως
806 445 1003 499 ἱδρύσατο
1048 447 1312 502 ἀσκητήριον,
1358 449 1381 489 ὃ
1413 448 1478 489 ἐπὶ
1514 453 1564 503 τῇ
1600 449 1740 503 κλήσει
1770 453 1855 492 τῶν

302 513 350 548 40
362 513 705 567 θαυματουργῶν
731 513 1004 567 Ἀναργύρων
1043 515 1275 569 ὠνόμασεν.
1338 517 1442 558 ἔνθα
1483 517 1534 571 δὴ
1570 518 1754 572 γεγονὼς
1785 519 1853 560 ἐκ·

364 581 596 622 διδύσκεται
638 582 716 635 μὲν
752 582 826 636 τὴν
865 583 1091 637 ἁλουργίδα
1124 585 1195 625 καὶ
1225 584 1349 626 τᾶλλα
1381 586 1514 627 πάντα
1545 591 1618 641 τῆς
1647 587 1855 641 βασιλείας

363 651 644 704 γνωρίσματα,
697 651 871 705 κείρεται
923 651 968 692 δὲ
1014 652 1087 706 τὴν
1132 653 1249 708 τρίχα
1296 654 1367 695 καὶ
1412 655 1575 696 τελεῖται
1620 655 1694 709 τὴν
1740 655 1890 710 ῖερὰν5

155 717 270 753 WIlI
282 718 348 753 193
361 718 534 772 τελετήν,
580 719 763 760 ἐνδύεται
808 720 853 761 δὲ
895 720 941 762 τὸ
985 721 1118 774 ῥάκος
1161 726 1234 776 τῆς
1272 723 1315 763 ἐν
1354 722 1527 778 Χριστῷ
1565 724 1856 771 ταπεινώσεως

362 786 433 827 καὶ
474 787 773 840 περιζώννυται
811 787 857 829 τὸ
894 790 1011 830 θεῖον
1044 790 1169 843 δέρας
1199 789 1245 831 τὸ
1277 795 1348 845 τῆς
1379 792 1573 833 ἑκουσίου
1605 793 1855 846 νεκρώσεως

248 854 276 890 C
302 854 346 889 41
362 854 577 909 σύμβολον
608 855 632 896 ὁ
664 857 745 911 ἤδη
778 857 847 898 καὶ
880 858 1000 898 ἄκων
1030 859 1321 912 νεκρούμενος.
1384 861 1445 906 ὡς
1482 859 1558 902 οὗν
1589 861 1772 915 ἠγγέλθη
1804 865 1854 916 τῇ

359 923 572 978 βασιλίσσῃ
613 923 659 965 τὸ
699 925 881 979 γεγονός,
925 927 1030 981 πεζῇ
1068 930 1153 968 τῶν
1189 928 1407 982 βασιλείων
1437 930 1616 978 ὑπέξεισι
1646 929 1717 971 καὶ
1746 929 1854 984 πρὸς

300 992 347 1026 42
361 992 518 1033 ἐκεῖνον
549 993 735 1047 ἀφίκετο.
799 994 823 1034 ὁ
856 994 900 1035 δὲ
933 995 1057 1050 ταύτῃ
1089 995 1161 1041 τὰς
1191 996 1330 1050 θύρας
1356 998 1545 1051 ἐπιζυγοῖ
1559 998 1631 1039 καὶ
1651 997 1724 1052 τὴν
1745 997 1902 1051 πρὸςΙ)
1921 1000 1975 1036 IV
1995 996 2052 1038 ΗΕ

359 1059 486 1102 αὐτὸν
518 1061 780 1115 ἀπείργνυσιν
819 1063 994 1117 εἴσοδον,
1040 1065 1119 1105 οὐκ
1152 1064 1245 1106 οἶδα
1278 1066 1345 1106 εἴτ’
1378 1066 1628 1121 αἰδούμενος
1659 1064 1755 1108 ἀνθ’
1789 1065 1853 1109 ὧν

358 1128 466 1182 πρὸς
510 1129 639 1184 αὐτὴν
676 1131 903 1179 ἐνεδείξατο
935 1132 1015 1173 εἴθ’
1049 1133 1146 1179 ὅλος
1175 1138 1248 1188 τῆς
1277 1135 1498 1188 μετανοίας
1529 1135 1751 1189 γενόμενος
1781 1135 1852 1177 καὶ

357 1196 417 1250 μὴ
440 1198 582 1239 θέλων
614 1199 671 1245 εἷς
700 1200 872 1254 μνήμην
904 1201 1039 1242 ἐλθεῖν
1069 1206 1141 1256 τῆς
1171 1201 1279 1256 πρὸς
1310 1203 1469 1257 ἐκείνην
1499 1204 1677 1250 παλαιᾶς
1709 1203 1850 1245 διαθέ-

298 1267 345 1302 43
359 1281 477 1312 σεως.
540 1268 565 1321 ἡ
595 1267 673 1321 μὲν
713 1267 788 1309 οὗν
823 1268 883 1322 μὴ
926 1270 1152 1324 ἐντυχοῦσα
1185 1276 1246 1324 τῷ
1277 1271 1449 1325 ᾹΙιχαὴλ
1487 1271 1780 1326 ὕπενόστησεν·
1825 1271 1850 1312 ὁ

360 1333 404 1375 δὲ
425 1335 564 1389 βραχύ
586 1352 620 1376 τι
641 1340 690 1390 τῇ
711 1337 930 1390 μεταθέσει
951 1342 1023 1392 τῆς
1043 1340 1184 1393 βιοτῆς
1206 1340 1431 1394 ἐπιβιώσας
1461 1339 1569 1393 πρὸς
1599 1339 1671 1386 τὰς
1693 1339 1852 1386 ἀϊδίους
1870 1341 1909 1377 15

356 1402 491 1455 μονὰς
521 1405 718 1457 μετέθετο
757 1405 831 1459 τὴν
869 1407 997 1460 ζωήν,
1041 1408 1187 1461 μέχρις
1219 1408 1392 1462 ἐσχάτης
1424 1408 1637 1463 ἀναπνοῆς
1667 1408 1712 1450 τὸ
1743 1407 1852 1463 πρὸς

297 1473 343 1508 44
356 1470 428 1512 τὸν
457 1472 628 1526 βασιλέα
655 1473 875 1527 Ῥωμανὸν
906 1476 1023 1529 αὐτῷ
1052 1476 1262 1530 τολμηθὲν
1299 1476 1689 1531 ἀπολοφυρόμενος,
1732 1478 1849 1531 βασι-

355 1538 449 1586 λεὺς
480 1541 665 1594 γεγονὼς
696 1542 876 1597 ἐπιεικὴς
907 1543 978 1584 καὶ
1008 1544 1199 1598 χρηστός,
1234 1544 1334 1586 ὅσον
1363 1544 1410 1587 τὸ
1436 1547 1492 1591 εἷς
1515 1545 1652 1593 αὐτόν,
1682 1544 1729 1587 τὸ
1751 1560 1849 1599 συγ-

358 1705 404 1740 14
427 1706 566 1752 τελευτὴ
592 1713 652 1743 τοῦ
676 1708 851 1754 βασιλέως
875 1709 1024 1755 Μιχαὴλ
1049 1715 1109 1746 τοῦ
1135 1711 1371 1756 Παφλαγόνος
1398 1710 1461 1747 CE

427 1861 459 1896 1.
486 1861 509 1896 2
534 1867 592 1907 τῆς
616 1863 752 1902 πόλεως
778 1867 871 1899 ante
898 1869 1022 1909 τειχῶν
1047 1864 1111 1900 BC
1220 1865 1242 1900 4
1268 1866 1456 1911 ἁλουργίδα
1482 1865 1700 1912 BSEwpDi,
1725 1867 1848 1911 ἁλουρ-

426 1910 504 1953 γίδα
531 1908 611 1954 AR,
638 1921 675 1944 V.
703 1911 753 1945 ad
773 1911 865 1947 XIV
893 1913 922 1955 l,
950 1913 972 1947 2
1068 1912 1172 1948 τᾶλλα
1198 1912 1243 1957 Α,
1271 1914 1375 1948 τᾶλλα
1401 1912 1586 1959 RsswpDz‘,
1614 1925 1651 1948 V.
1677 1914 1730 1949 ad
1755 1914 1847 1950 XVI

426 1957 460 2000 3,
487 1957 531 1992 15
652 1958 674 1992 6
700 1958 853 1994 ἐνδύεται
881 1959 919 1994 δὲ
946 1959 1063 2004 ADE,
1087 1961 1146 1995 καὶ
1171 1961 1370 1996 ἐπενδὺεται
1396 1961 1493 2005 pr
1626 1962 1735 2006 ῥᾶκος
1761 1961 1846 2004 AD,

426 2004 561 2048 ῥάκκος
589 2004 628 2048 C,
655 2005 764 2050 ῥάκος
790 2006 997 2052 BszpDz'
1128 2009 1165 2043 ἐν
1189 2015 1323 2053 χριστῷ
1351 2020 1425 2044 om.
1454 2009 1488 2042 D
1623 2010 1645 2044 8
1671 2012 1761 2053 post
1786 2008 1848 2044 οὖν

427 2052 517 2087 add.
537 2053 605 2097 ἤδη
623 2052 651 2088 C
749 2054 873 2099 ἠγγέλη
891 2054 919 2090 C
1005 2056 1027 2090 9
1043 2057 1132 2100 πεζῆ
1147 2056 1217 2090 AR
1236 2056 1364 2099 (Psell.
1386 2068 1420 2101 p.
1436 2057 1492 2101 76,
1506 2057 1553 2099 5),
1571 2057 1659 2103 πεζὴ
1674 2055 1848 2101 BswpDi

428 2099 470 2133 11
498 2100 559 2134 εἴτ’
585 2099 726 2143 RwDi‚
752 2101 812 2136 εἶτ’
838 2101 900 2148 Ap
1021 2103 1065 2138 12
1090 2104 1168 2142 ὅλος
1195 2102 1362 2149 prDi‚
1389 2105 1479 2143 ὅλως
1504 2103 1577 2139 AD
1691 2104 1736 2139 13
1760 2104 1847 2139 ἐκεῖ·

425 2161 485 2182 νον
509 2147 545 2182 D
687 2148 731 2184 15
755 2150 872 2196 βραχὺ
898 2153 988 2196 post
1013 2151 1202 2197 ἐπιβιώσας
1229 2152 1374 2187 omisso
1401 2166 1430 2187 τι
1456 2152 1520 2188 BC
1669 2152 1714 2187 16
1737 2151 1847 2196 μονὰς

426 2194 595 2241 prDi,
613 2195 730 2232 om.A
806 2198 850 2233 18
863 2198 990 2233 σαυτὸν
1000 2198 1035 2232 D
1110 2212 1269 2245 συγγενες
1284 2201 1327 2242 (S.
1338 2202 1433 2243 acc.)
1446 2199 1514 2244 w*‚
1529 2200 1688 2246 σύγγενες
1702 2200 1788 2244 (Sic)
1796 2198 1845 2246 p*

2032 1824 2050 1982 ΨΛἪ.
2047 1782 2049 1784 ⁴
2047 1754 2049 1757 ,
2041 1726 2048 1729 ‹
2047 1666 2049 1669 .

2036 2084 2049 2138 {xv-t.
2047 2064 2049 2069 ,
2042 2046 2048 2053 w
2039 1985 2049 2035 «722²

352 2352 457 2387 rium
471 2353 752 2390 suburbanum
771 2367 794 2390 a
813 2366 855 2391 se
870 2359 1131 2400 exstructum,
1151 2360 1382 2393 sanctorum
1395 2356 1703 2402 Anargyrorum
1717 2357 1844 2393 indito

293 2397 340 2433 40
352 2401 525 2445 nomine,
564 2402 716 2437 secedit
740 2404 878 2449 ibique
904 2414 1086 2450 purpura
1120 2406 1345 2450 ceterisque
1378 2406 1605 2451 insignibus
1637 2405 1754 2450 regni
1779 2405 1845 2440 ab·

352 2447 476 2492 iectis,
517 2459 609 2484 raso
644 2451 787 2496 capillo
820 2451 1002 2487 initiatur
1034 2455 1073 2487 et
1099 2451 1348 2488 Christianae
1374 2453 1650 2488 submissionis
1680 2453 1844 2488 lacerna

351 2495 505 2541 induta,
535 2507 651 2533 sacro
678 2499 837 2542 vellere,
868 2499 1124 2535 voluntariae
1148 2501 1465 2536 mortificationis
1491 2501 1619 2545 signo,
1656 2501 1843 2545 cingitur,

292 2540 337 2576 41
352 2543 430 2577 iam
470 2544 535 2580 vel
571 2546 743 2590 ingratis
778 2547 1092 2582 mortificandus.
1155 2547 1242 2589 Quo
1278 2549 1384 2584 facto
1415 2549 1612 2591 nuntiato,
1650 2548 1795 2593 regina
1821 2558 1843 2583 e

291 2590 338 2623 42
351 2591 466 2635 regia
493 2591 545 2627 ad
570 2592 680 2627 illum
707 2594 878 2638 pedibus
905 2595 1087 2639 profecta
1117 2595 1357 2639 excluditur,
1400 2596 1451 2630 ad
1486 2595 1730 2640 colloquium
1761 2605 1842 2631 non

352 2637 537 2683 admissa,
565 2640 673 2675 haud
699 2642 781 2676 scio
809 2652 862 2676 an
879 2642 1127 2678 verecundia
1153 2643 1282 2678 malae
1307 2644 1476 2687 reginae
1501 2643 1763 2687 tractationis,
1789 2652 1843 2677 an

353 2686 462 2731 quod
491 2690 600 2722 totus
641 2689 915 2733 paenitentiae
953 2689 1113 2725 deditus
1151 2691 1299 2725 veteris
1338 2701 1436 2734 erga
1474 2691 1581 2725 illam
1619 2690 1842 2726 affectionis

290 2732 338 2767 43
351 2735 582 2769 memoriam
621 2746 822 2771 renovare
859 2737 1044 2772 noluerit.
1094 2736 1159 2774 Sic
1193 2738 1261 2772 illa
1286 2737 1519 2773 Michaelem
1551 2748 1634 2772 non
1667 2738 1842 2774 allocuta

352 2781 549 2827 discessit3
587 2783 674 2828 ipse
708 2794 805 2819 vero
836 2785 900 2819 isti
927 2785 1139 2820 mutationi
1164 2785 1274 2820 haud
1302 2786 1371 2820 diu
1392 2788 1599 2830 ,superstes
1629 2795 1759 2831 usque
1789 2786 1842 2821 ad

352 2831 576 2865 extremum
603 2831 786 2875 spiritum
814 2831 1033 2867 admissum
1068 2832 1226 2868 facinus
1259 2833 1300 2867 in
1326 2832 1551 2868 Romanum
1587 2833 1839 2868 commissum

291 2874 338 2909 44
353 2875 566 2921 deplorare
593 2888 675 2912 non
702 2878 862 2913 destitit.
913 2879 959 2913 In
986 2890 1114 2925 regno
1141 2889 1184 2915 se
1202 2880 1435 2915 clementem
1461 2884 1500 2915 et
1526 2890 1700 2925 aequum
1728 2891 1840 2926 prae—

351 2922 449 2968 buit,
486 2927 682 2969 quantum
715 2926 757 2961 in
782 2926 870 2972 ipso
898 2930 995 2972 erat,
1030 2927 1102 2963 sed
1133 2929 1278 2963 fratres
1311 2928 1398 2964 eius
1433 2928 1602 2964 bonitati
1636 2927 1839 2973 quandam

2024 2220 2050 2449 {
