2054 3282
564 182 738 223 senon
763 181 973 223 semme
998 161 1058 222 m*
1078 182 1282 222 SICILIA.
1597 183 1668 223 255

172 307 252 362 δρα
283 305 356 350 καὶ
384 306 494 363 πρὸς
523 306 836 363 Αογγιβαρδιάν
867 307 1069 362 ἔφοίτησε.
1130 310 1203 348 τοῦ
1241 306 1287 349 δὲ
1318 306 1496 349 ῙΙαύλου
1533 313 1702 362 προσ-6

170 376 445 431 ομιλήσαντος
473 381 536 431 τῷ
566 381 850 430 στρατιωτικῷ
879 375 951 417 καὶ
979 374 1027 418 τὸ
1059 375 1234 431 γράμμα
1265 375 1312 418 τὸ
1336 375 1544 431 βασίλειον
1565 376 1666 418 ἀνα-

169 445 339 499 γνόντος
381 446 523 487 αὐτῶν
565 446 622 491 εἷς
665 445 864 499 ἐπήκοον,
909 444 1040 491 εὐθὺς
1084 445 1233 486 ε’κεῖνοι
1271 444 1343 486 τὸν
1379 444 1458 499 μὲν
1494 444 1666 499 βασιλέα

167 513 433 568 εὐφήμησαν,
477 513 549 556 τὸν
580 513 626 555 δὲ
658 512 701 554 Γ
695 513 894 568 ρηγόριον
931 513 1003 555 καὶ
1038 513 1136 560 τοὺς
1172 514 1267 568 περὶ
1306 513 1434 555 αὐτὸν
1471 514 1668 568 δεσμίους

132 587 230 636 ὃτῷ
250 581 416 637 Παύλῳ
446 582 700 637 παρέδοσαν.
764 582 835 623 καὶ
866 583 914 628 ὃς
944 581 1015 624 τὸν
1035 582 1114 637 μὲν
1133 581 1179 623 Γ
1172 582 1372 638 ρηγόριον
1393 582 1537 637 ἀνεῖλε,
1569 581 1700 629 τοὺςῗ

169 647 207 691 δ’
240 651 401 692 ἐκείνου
432 649 691 697 ὑπασπιστὰς
719 651 919 704 μαστίξας
950 650 1021 692 καὶ
1050 650 1125 706 τὴν
1155 651 1296 706 κόμην
1327 651 1564 706 ἀποθρίξας
1588 652 1665 693 αὖ-

166 722 252 764 τοῖς
288 719 492 773 ὑπερορίᾳ
530 719 779 774 κατέκρινεν.
841 719 866 760 ὁ
898 718 944 761 δὲ
974 719 1154 774 Σέργιος
1189 719 1484 775 πληροφορίαν
1519 719 1702 774 λαβὼνὸ

165 787 226 841 μή
258 803 366 833 τινος
401 787 653 842 πειραθῆναι
689 791 842 841 κακοῦ,
885 787 994 841 πρὸς
1029 787 1101 829 τὸν
1131 787 1309 830 Παῦλον
1340 788 1387 830 ἐκ
1419 787 1666 843 Καλαβρίας

167 855 355 910 ἀφίκετο.
416 855 488 898 καὶ
517 854 567 897 τὰ
597 855 676 911 μὲν
706 855 811 897 κατὰ
843 855 918 911 τὴν
947 855 1144 897 Σικελίαν
1175 857 1315 903 οὕτως
1345 856 1576 912 ἠρέμησαν.
1677 863 1700 898 9

108 934 156 970 10
292 923 345 967 Οἱ
375 924 421 966 δὲ
451 924 525 979 τὴν
555 924 676 966 πόλιν
705 924 1026 979 πολιορκοῦντες
1042 924 1234 979 Ἄραβες,
1266 925 1477 971 παθόντες
1505 925 1666 980 μᾶλλον
1679 931 1726 967 10
1751 930 1780 968 C

167 994 192 1047 ἢ
226 993 465 1047 δράσαντες,
510 993 752 1036 ἐπανελθεῖν
782 994 840 1040 εἷς
869 992 919 1034 τὰ
951 993 1082 1035 οἰκεῖα
1114 993 1373 1048 ὡρμήκεσαν
1403 994 1474 1035 καὶ
1506 995 1563 1040 εἷς
1593 994 1667 1041 τὰς

164 1061 499 1117 περιλειφθείσας
544 1062 744 1116 ἐμβάντες
789 1066 894 1116 νῆας
940 1061 1138 1116 ἀπῄεσαν.
1199 1062 1364 1103 λαίλαπι
1409 1062 1455 1104 δὲ
1496 1078 1664 1117 περιπε-
1679 1069 1719 1104 11

165 1130 305 1177 σόντες
342 1131 525 1186 σφοδρῷ
561 1131 711 1177 πάντες
746 1130 968 1172 ἀπώλοντο
1012 1129 1088 1172 σὺν
1130 1135 1218 1177 ταῖς
1261 1130 1430 1177 οἰκείαις
1471 1132 1664 1186 τριήρεσι,

166 1198 269 1240 δέκα
299 1199 449 1254 μόνων
479 1202 596 1254 νηῶν
625 1199 985 1254 περιλειφθεισῶν,
1017 1197 1081 1241 ὧν
1112 1200 1156 1240 αἱ
1185 1199 1263 1253 μὲν
1286 1200 1406 1241 πέντε
1426 1199 1542 1254 παρὰ
1559 1199 1663 1242 Ῥω-

47 1274 149 1312 1338
163 1267 305 1322 μαίων
336 1268 540 1316 ἑάλωσαν,
572 1268 615 1309 αἱ
647 1268 692 1309 δὲ
722 1267 861 1309 λοιπαὶ
889 1268 1169 1323 διαφυγοῦσαι
1189 1273 1262 1324 τῆς
1283 1272 1510 1324 συμφορᾶς
1531 1268 1663 1323 ἀπήλ-

19 1328 22 1335 ²
164 1336 302 1377 θοσαν
332 1336 509 1390 ἄγγελοι.

277 1403 454 1460 Ἐτέχθη
488 1404 534 1446 δὲ
564 1409 627 1459 τῷ
654 1404 802 1447 Λέοντι
833 1406 1021 1460 σκύμνος
1052 1405 1270 1460 ὠμότερος
1299 1409 1373 1447 τοῦ
1404 1405 1563 1460 πατρὸς
1593 1405 1664 1447 καὶ
1679 1412 1724 1448 12

162 1473 238 1528 τήν
278 1488 320 1514 τε
361 1474 521 1528 μητέρα
564 1473 713 1515 τούτου
757 1474 1018 1530 κεκλημένην
1049 1474 1225 1529 ᾹΙαρίαν
1267 1475 1437 1529 ἔστεψεν
1476 1475 1500 1516 ὁ
1537 1475 1665 1516 Λέων

164 1645 210 1681 12
233 1646 284 1681 ὅτι
316 1646 400 1682 ἄνευ
430 1646 531 1681 πέντε
563 1647 604 1690 (ε’
630 1646 675 1693 C)
706 1651 804 1693 νηῶν
835 1648 874 1682 αἱ
901 1647 1001 1683 ἄλλαι
1030 1652 1099 1683 τῶν
1124 1647 1283 1694 Ἀράβων
1315 1647 1358 1692 (τ.
1381 1647 1497 1694 Ἀραβ.
1525 1659 1588 1684 om
1617 1648 1663 1690 E)

161 1693 344 1729 ἀπώλοντο
361 1693 426 1730 σὺν
443 1695 560 1734 αὐτοῖς
587 1693 650 1731 CE
750 1695 793 1731 17
817 1695 896 1741 περὶ
913 1701 974 1731 τοῦ
991 1696 1243 1741 Κοπρωνύμου
1271 1695 1310 1740 C,
1337 1697 1387 1730 ὅτι
1405 1696 1663 1741 βαπτιζόμενος

161 1741 297 1787 κόπρον
321 1742 464 1788 ἔρρευσε
490 1742 551 1778 καὶ
577 1743 824 1788 Κοπρώνυμος
849 1743 1082 1788 (κοπρόνιμος
1110 1743 1154 1787 Ε)
1181 1743 1378 1789 ὠνομάσθη
1406 1743 1436 1778 E

235 1892 250 1927 l
280 1892 528 1938 λαγγιβαρδίαν
554 1891 602 1938 D,
629 1903 730 1928 corr.
752 1892 818 1931 Dw
916 1893 939 1928 3
961 1893 1027 1939 μὲν
1055 1904 1130 1929 om.
1153 1894 1183 1929 E
1282 1897 1372 1940 post
1397 1894 1541 1940 βασιλέα
1568 1894 1661 1930 add.

230 1939 397 1985 ἐτίμησαν
422 1941 482 1975 καὶ
512 1940 618 1986 Ewp,
645 1951 720 1977 om.
744 1941 810 1977 Wo
836 1941 903 1976 lat.
1000 1941 1024 1976 4
1051 1945 1141 1988 post
1166 1941 1206 1977 δέ
1231 1941 1323 1977 add.
1349 1956 1386 1987 γε
1414 1942 1496 1988 w*p
1525 1943 1662 1977 invitis

231 1986 304 2022 AR
411 1989 434 2023 8
458 1989 575 2023 δεινοῦ
600 1987 632 2023 Β
741 1989 934 2035 καλαβρίας
961 1988 1128 2035 prDi,
1155 1989 1348 2034 καλαυρίας
1374 1989 1442 2024 ΑΒ
1553 1991 1575 2024 9
1599 1990 1662 2036 τὴν

233 2046 309 2071 om.
336 2035 366 2070 B
514 2035 558 2071 14
581 2038 704 2081 μόνων
729 2035 809 2082 ΑΟ,
843 2038 955 2082 μόνον
981 2040 1020 2072 et
1044 2039 1167 2082 μόνων
1195 2048 1266 2083 per
1293 2037 1456 2084 diti-ogr.
1486 2038 1526 2083 Ε,
1550 2039 1661 2083 μόνον

232 2093 308 2129 wp,
335 2094 372 2119 v.
400 2083 452 2119 ad
478 2083 569 2119 XIV
595 2085 629 2128 6,
655 2084 698 2120 31
802 2085 1096 2131 περιλειφθησῶν
1122 2085 1169 2130 Ι),
1194 2086 1486 2131 περιληφθεισῶν
1513 2087 1599 2129 (sie)
1625 2085 1661 2121 A

162 2244 277 2287 repta⁴
314 2240 416 2287 suga
451 2239 781 2287 Longobardiam
822 2252 964 2278 versus
1003 2243 1210 2288 profectus
1249 2245 1320 2277 est.
1371 2241 1522 2277 Paulus
1564 2241 1696 2278 veross

162 2284 345 2324 oratione
371 2287 483 2334 apud
508 2289 653 2324 milites
679 2289 816 2325 habita
843 2294 882 2325 et
910 2291 1049 2325 litteris
1076 2291 1199 2336 regiis
1226 2291 1403 2325 recitatis
1430 2290 1573 2334 effecit,
1615 2294 1661 2326 ut

160 2336 215 2372 illi
229 2337 361 2372 statim
388 2346 526 2382 regem
544 2336 796 2373 celebrarent
810 2345 849 2373 et
864 2337 1107 2384 Gregorium
1124 2348 1215 2373 cum
1241 2339 1324 2373 suis
1340 2338 1518 2372 vinetum
1534 2337 1660 2373 Paulo

160 2383 380 2420 traderent.
429 2384 506 2427 Qui
525 2383 767 2431 Gregorium
786 2386 947 2421 sustulit
964 2387 1134 2431 eiusque
1151 2385 1343 2421 satellites
1362 2386 1501 2431 flagris
1519 2395 1660 2421 caesos
1675 2385 1696 2420 7

160 2442 336 2478 rasaque
374 2442 489 2467 coma
517 2432 728 2479 relegavit.
779 2432 947 2479 Sergius
986 2444 1083 2468 vero
1113 2434 1309 2479 promissa
1336 2433 1575 2479 impunitate
1608 2433 1696 2468 ad8

160 2479 331 2516 Paulum
358 2478 582 2516 eealabria
608 2481 730 2516 venit.
782 2480 842 2516 Ita
868 2486 1000 2517 motus
1018 2480 1178 2517 Siciliae
1204 2484 1374 2526 pacatus
1401 2484 1471 2516 est.
1673 2481 1697 2517 9

279 2526 437 2563 Arabes
475 2531 623 2572 autem,
663 2529 731 2574 qui
775 2530 917 2564 urbem
959 2529 1211 2572 obsidebant,
1254 2529 1431 2574 acceptis
1475 2528 1660 2574 pluribus
1674 2528 1720 2564 10

160 2575 274 2611 malis
300 2585 422 2621 quam
449 2575 762 2620 datis‚'reditum
804 2582 1054 2623 paraverunt
1086 2580 1125 2611 et
1151 2577 1316 2622 reliquis
1353 2576 1529 2611 navibus
1567 2587 1659 2612 eon-

160 2623 311 2659 scensis
337 2622 625 2669 discesseruntg
663 2624 734 2660 sed
761 2624 987 2660 vehementi
1015 2625 1177 2660 turbine
1204 2628 1346 2659 exorto
1381 2634 1519 2659 omnes
1558 2624 1717 2670 peri—11

160 2675 280 2706 erunt
321 2680 411 2706 cum
454 2671 538 2707 suis
564 2672 806 2717 triremibus,
849 2671 987 2707 decem
1028 2672 1202 2707 navibus
1250 2671 1442 2717 exeeptis,
1486 2681 1656 2717 quarum

160 2719 341 2802 quinque
367 2728 391 2754 a
418 2718 609 2755 Romanis
635 2723 779 2766 captae
805 2724 909 2764 sunt,
942 2721 1122 2765 reliquae
1149 2719 1312 2765 elapsae
1338 2718 1464 2754 cladis
1490 2721 1659 2755 nuntiae

160 2776 322 2802 «omum
349 2765 570 2803 redierunt.

280 2813 407 2850 Natus
426 2818 561 2851 autem
589 2819 650 2851 est
662 2814 789 2851 Leoni
817 2815 975 2851 catulus
990 2815 1191 2850 crudelior
1207 2818 1333 2860 patre,
1360 2815 1476 2850 cuius
1490 2818 1656 2851 matrem
1674 2815 1718 2851 12

161 2861 328 2898 Mariam
356 2861 584 2899 diademate
612 2864 773 2899 ornavit
799 2866 837 2899 et
854 2873 1023 2910 puerum
1052 2865 1089 2898 in
1119 2873 1268 2908 inagna
1296 2863 1464 2898 ecelesia
1481 2863 1657 2909 baptiza·
