2054 3282
317 216 389 256 558
682 216 862 257 ZONAR.
891 215 1023 254 ΕΡῙΤ.
1050 214 1160 254 XVII
1187 215 1219 262 7,
1245 214 1374 262 39—8,
1402 214 1456 253 10.

318 340 550 395 Δαμασκοῦ
582 340 653 382 καὶ
684 340 755 382 τὸν
785 344 857 394 τῆς
882 339 1019 392 Τύρου
1041 337 1113 379 καὶ
1135 338 1344 392 Βηρυτοῦ,
1376 337 1482 379 κατὰ
1514 339 1733 393 συνθήκας
1763 342 1813 395 τῇ

316 409 424 463 πρὸς
445 414 494 464 τῇ
517 409 664 463 Δάφνῃ
685 408 906 462 Ἀντιοχείᾳ
939 407 1128 453 ἐπιόντας
1159 406 1229 448 καὶ
1251 411 1486 454 κακοῦντας
1506 406 1554 448 τὰ
1577 405 1647 448 ὑπ’
1671 408 1812 462 αὐτήν,

318 478 516 519 ἀνέστειλε
547 477 618 518 καὶ
650 477 857 518 δούλωσιν
883 475 1106 529 Ῥωμαίοις
1136 479 1272 530 τηρεῖν
1305 475 1491 518 ἀνέπεισε
1521 475 1592 517 καὶ
1623 475 1814 530 ὁμήρους

316 546 400 587 κάκ
431 546 592 587 τούτων
622 544 768 599 λαβὼν
799 544 1077 592 ἐπανέζευξεν.
1140 543 1242 585 ἀλλὰ
1273 547 1400 585 ταῦτα
1430 543 1509 598 μὲν
1533 543 1645 598 εἶχον
1666 544 1813 591 οὕτως.

277 615 302 657 8
439 613 522 655 Τοῦ
563 613 608 654 δὲ
646 613 905 667 πατριάρχου
937 611 1156 654 Νικολάου
1193 616 1267 654 τοῦ
1299 612 1581 667 Χρυσοβέργη
1615 609 1678 654 ἐπ’
1712 614 1848 655 ἔτεσι5

319 682 572 723 δυοκαίδεκα
611 681 682 722 καὶ
719 681 845 735 μησὶν
885 680 997 722 ὀκτὼ
1034 685 1084 735 τῇ
1121 681 1411 735 ἀρχιερωσύνη
1445 681 1862 735 ἐνδιαπρέψαντος,1)
1882 687 1935 724 IV
1955 689 2024 724 118

317 749 399 791 εἶτα
430 749 502 791 τὸν
532 750 626 804 βίον
657 748 952 797 ἐκλελοιπότος,
985 748 1009 789 ὁ
1039 748 1265 803 μάγιστρος
1289 749 1505 797 Σισίννιος,
1538 748 1644 803 ἀνὴρ
1675 749 1813 804 λόγοις

221 825 256 860 D
282 818 666 872 2ἐντεθραμμένος,
709 817 1009 871 προχειρίζεται
1045 817 1314 871 πατριάρχης.
1375 817 1447 858 καὶ
1484 817 1633 858 τούτου
1672 817 1717 859 δὲ
1748 817 1814 859 ἐπὶ

316 890 423 940 τρεῖς
454 885 665 932 ἐνιαυτοὺς
695 885 769 940 τὴν
801 884 1023 940 ἐκκλησίαν
1054 885 1275 931 ι’θύναντος
1296 884 1367 927 καὶ
1388 885 1605 934 θανόντος,
1636 885 1814 940 Σέργιος

317 953 629 1008 κεχειροτόνητο
659 951 929 1008 πατριάρχης,
962 954 1010 999 ὃς
1040 953 1266 1007 καθηγεῖτο
1296 953 1374 1008 μὲν
1404 958 1476 1008 τῆς
1506 958 1579 996 τοῦ
1603 954 1813 1009 Μανουὴλ
1830 959 1874 994 10

316 1027 462 1077 μονῆς,
494 1028 556 1076 τῷ
576 1022 811 1077 πατριάρχῃ
836 1022 881 1064 δὲ
903 1022 1058 1076 Φωτίῳ
1079 1021 1185 1063 κατὰ
1208 1023 1326 1076 γένος
1346 1023 1579 1077 προσήκων
1603 1023 1811 1077 ἐτύγχανε.

282 1101 304 1135 3
439 1090 522 1132 Τοῦ
554 1090 763 1146 Σαμουὴλ
795 1091 840 1132 δὲ
871 1094 944 1132 τοῦ
975 1094 1060 1132 τῶν
1091 1090 1356 1144 Βουλγάρων
1388 1091 1637 1145 ἐξάρχοντος
1673 1092 1724 1133 οὗ
1762 1091 1812 1132 τὰ

323 1157 511 1214 Θρᾳκῶν
543 1159 642 1200 οὐδὲ
673 1158 721 1200 τὰ
753 1159 859 1201 κατὰ
883 1159 1155 1200 Μακεδονίαν
1183 1159 1294 1213 μόνα
1326 1159 1586 1214 ληιζομένου,
1618 1158 1719 1201 ἀλλὰ
1741 1159 1813 1201 καὶ

315 1228 390 1282 τὴν
410 1227 588 1269 Ἑλλάδα
619 1227 691 1269 καὶ
722 1228 851 1282 αὐτὴν
883 1228 930 1269 δέ
952 1243 996 1281 γε
1019 1227 1093 1281 τὴν
1114 1226 1453 1282 Πελοπόννησον,
1485 1227 1556 1269 τὸν
1586 1228 1812 1282 μάγιστρον

316 1295 571 1350 Μκηφόρον
598 1295 670 1337 τὸν
692 1295 887 1350 Οὐρανὸν
919 1296 1119 1350 ἐκπέμπει
1150 1296 1174 1337 ὁ
1205 1296 1408 1351 βασιλεύς,
1439 1301 1511 1351 τῆς
1543 1296 1705 1343 δύσεως
1735 1297 1810 1351 ἄρ-
1831 1303 1871 1338 15

316 1380 455 1420 χοντα,
487 1365 535 1411 ὃς
558 1363 674 1419 παρὰ
695 1369 757 1419 τῷ
776 1364 1000 1419 Σπερχειῷ
1019 1369 1201 1419 ποταμῷ
1221 1369 1294 1406 τοῦ
1315 1364 1523 1419 Σαμουὴλ
1544 1380 1810 1420 κατεσκηνω-

317 1502 339 1538 5
363 1502 442 1547 περὶ
466 1507 694 1548 πατριαρχῶν
721 1501 783 1538 ΟΕ
881 1502 927 1537 12
950 1502 1029 1548 περὶ
1054 1507 1115 1538 τοῦ
1140 1502 1312 1549 Σαμουὴλ
1330 1502 1390 1538 καὶ
1408 1507 1479 1538 τῶν
1496 1503 1727 1548 Βουλγάρων,
1752 1503 1812 1538 καὶ

317 1551 380 1585 ὅσα
405 1550 482 1585 κατ’
509 1550 626 1586 αὐτῶν
649 1552 670 1586 o‘
693 1549 857 1596 βασιλεὺς
881 1551 1047 1596 ἐστήσατο
1071 1552 1229 1595 τρόπαια,
1255 1550 1296 1586 τὰ
1319 1550 1384 1595 μὲν
1410 1550 1455 1586 δι’
1473 1551 1608 1595 ἑαυτοῦ,
1633 1550 1674 1586 τὰ
1698 1550 1737 1586 δὲ
1753 1550 1812 1586 διὰ

316 1603 387 1633 τῶν
404 1603 613 1682 ’στρατεηὲῶν
639 1599 714 1641 (καὶ
739 1600 860 1633 ὅσα-
876 1603 1079 1644 στρατηγῶν
1105 1609 1178 1634 om.
1207 1599 1265 1644 E),
1303 1599 1364 1633 καὶ
1394 1600 1475 1638 ὅσας
1505 1599 1619 1637 πόλεις
1651 1599 1720 1633 εἷλε
1751 1599 1811 1633 καὶ

320 1659 476 1692 φρουρια

391 1765 410 1800 1
436 1764 525 1800 κατὰ
550 1764 698 1810 Apr,
725 1764 812 1810 μετὰ
837 1764 938 1804 DCw
1058 1766 1080 1800 2
1105 1771 1148 1811 τῇ
1175 1776 1249 1801 om.
1279 1765 1308 1801 C
1435 1765 1458 1800 3
1482 1765 1639 1800 ἀνέπεισε
1665 1763 1810 1811 AEwp,

388 1813 631 1858 κατηνάγκασε
659 1812 767 1848 OWO
794 1813 861 1848 lat.
997 1813 1021 1847 4
1046 1814 1179 1849 τούτων
1204 1812 1371 1859 prDi,
1399 1814 1521 1848 τούτου
1548 1813 1583 1847 Α
1717 1814 1809 1847 οὕτω

389 1859 535 1906 WsspDi
560 1861 696 1895 invitis
722 1860 804 1905 AR,
830 1872 866 1896 V.
895 1861 948 1896 ad
974 1860 1070 1895 XIII
1097 1862 1129 1905 6,
1159 1862 1202 1896 16
1347 1862 1368 1896 5
1393 1862 1634 1907 χρυσοβέργου
1660 1859 1724 1895 BC

390 1909 412 1943 6
437 1908 671 1953 ἀρχιεροσύνῃ
699 1907 785 1953 W*p
813 1909 950 1943 invitis
968 1908 1039 1943 AR
1136 1910 1157 1944 7
1183 1910 1324 1948 σισίνιος
1343 1908 1412 1943 BD
1432 1908 1546 1944 Cedr.
1565 1908 1753 1953 (Scylitz.)
1773 1907 1810 1942 II

390 1967 426 2001 p.
451 1957 534 1998 448,
560 1956 606 1991 23
703 1957 735 1990 8.
751 1956 773 1991 9
800 1956 855 1990 ἐπὶ
883 1956 993 2000 τρισὶν
1017 1957 1186 1995 ἐνιαυτοῖς
1212 1957 1248 1991 D
1349 1957 1393 1991 10
1417 1957 1693 2001 κεχειροτόνηται
1713 1956 1808 2001 Ewp

391 2004 445 2039 12.
463 2004 506 2038 16
532 2003 704 2049 σαμουὴλ]
730 2003 888 2049 μανουὴλ
908 2004 942 2037 D
1042 2005 1086 2039 13
1112 2004 1201 2039 κατὰ
1217 2003 1408 2049 μακεῖδόνα
1425 2005 1515 2048 μόνα
1529 2004 1575 2045 A,
1600 2004 1809 2048 μακεδόνων

388 2053 480 2096 μόνα
503 2052 637 2096 (μόνων
656 2051 700 2095 C)
720 2051 829 2097 pr‚
858 2062 959 2087 corr.
975 2050 1031 2086 Di
1126 2053 1343 2097 ληιζομένων
1369 2051 1404 2086 D
1505 2052 1546 2086 14
1571 2051 1809 2095 πελοπόνησον

389 2099 508 2143 ARNV,
532 2099 793 2144 πελοπόννησον
818 2098 987 2144 BstDi
1145 2104 1239 2135 ante
1264 2099 1322 2135 τὸν
1346 2113 1426 2143 μαγ.
1455 2099 1545 2134 add.
1572 2098 1632 2133 καὶ
1657 2098 1703 2142 Α,
1733 2109 1807 2133 om.

389 2146 561 2234 Rvgzp‘ssjg
587 2147 689 2240 ΡἣξΙῑ)
719 2146 891 2191 Οὐρανὸν]
911 2147 1015 2182 αὐτὸν
1033 2146 1080 2191 D,
1105 2148 1341 2193 compendio
1361 2147 1466 2182 ὀῦνὸν
1484 2147 1586 2182 male
1605 2146 1807 2181 intellecto

318 2313 487 2360 Tyrium
520 2318 560 2350 et
583 2314 804 2360 Berytium,
843 2315 911 2359 qui
944 2315 1242 2360 conspiratione
1273 2315 1372 2350 inita
1398 2313 1647 2360 Daphnaeae
1672 2311 1809 2348 Antio-

319 2362 433 2397 chiae
460 2372 605 2407 agrum
631 2363 932 2397 incursionibus
963 2363 1182 2406 vexabant,
1220 2363 1398 2398 coercuit
1430 2366 1468 2397 et
1501 2362 1725 2404 commovit,
1764 2363 1809 2395 ut

318 2409 510 2445 Romanis
535 2410 744 2454 servirent,
772 2411 1030 2456 acceptisque
1057 2410 1108 2445 ab
1135 2411 1195 2446 his
1223 2420 1385 2455 quoque
1413 2409 1620 2445 obsidibus
1646 2408 1808 2443 domum

318 2457 447 2492 rediit.

437 2506 470 2539 8.
521 2505 683 2540 Interea
713 2504 878 2540 Nicolao
912 2504 1207 2551 Chrysoberge,
1245 2515 1334 2540 cum
1371 2504 1646 2550 pontificatum
1679 2513 1808 2538 annos

318 2551 394 2587 XII
422 2557 460 2587 et
479 2563 635 2588 menses
655 2552 745 2588 VIII
767 2557 960 2597 ornasset,
987 2553 1190 2597 defuncto,
1216 2554 1410 2598 magister
1434 2551 1641 2594 sisinnius,
1668 2551 1730 2585 vir
1756 2551 1808 2585 ab

284 2601 484 2638 2ineunte
510 2603 644 2636 aetate
670 2600 711 2635 in
737 2600 877 2636 litteris
903 2604 1100 2644 versatus,
1127 2601 1356 2646 patriarcha
1384 2600 1638 2644 designatum
1665 2608 1744 2643 quo
1770 2602 1809 2633 et

319 2648 418 2693 ipso,
447 2659 537 2683 cum
563 2649 779 2684 triennium
806 2649 1016 2684 ecclesiam
1042 2649 1223 2692 rexisset,
1250 2651 1419 2691 mortuo,
1453 2646 1619 2692 Sergius
1646 2646 1809 2691 eligitur

319 2696 560 2741 patriarcha,
588 2697 658 2740 qui
685 2694 881 2731 Manuelis
906 2697 1149 2731 monasterio
1169 2698 1365 2741 praeerat,
1393 2694 1646 2740 patriarchae
1666 2693 1807 2729 Photio

319 2753 472 2787 genere
498 2745 747 2779 coniunctus.

285 2793 307 2828 3
439 2790 538 2826 Cum
570 2794 706 2826 autem
738 2791 910 2835 Samuel,
945 2790 1215 2836 Bulgarorum
1247 2790 1445 2835 princeps,
1486 2799 1567 2823 non
1594 2788 1807 2823 Thraciam

320 2841 477 2873 tantum
509 2841 549 2874 et
573 2838 862 2884 Macedoniam,
906 2839 977 2874 sed
1009 2837 1219 2874 Graeciam
1249 2839 1459 2882 ipsamque
1484 2836 1807 2881 Peloponnesum

320 2886 595 2934 popularetur,
614 2896 686 2922 rex
705 2888 940 2934 magistrum
957 2886 1227 2934 Nicephorum
1241 2884 1435 2929 Uranum,
1453 2887 1680 2931 praetorem
1700 2882 1808 2920 Occi-
