2020 3230
655 254 899 294 Κωνστάντιος
914 273 956 280 -
970 254 1106 301 Λάβαν.

234 374 348 419 Φόρος
374 373 497 417 131,8.
532 374 683 419 193,16.
716 373 797 418 270,
811 374 845 410 7.

181 422 448 457 ΚωνσταντιίὌυ
477 421 556 465 155,
570 422 602 457 7.

180 469 270 553 251&
285 469 540 515 Χαλκοπράτια
565 469 622 513 87,
638 469 670 505 8.
700 469 846 514 130,15.

229 517 334 560 9,18.

134 564 425 600 Κωνστάντι
442 579 492 603 ος
539 565 570 599 1.
617 563 846 601 Constantis

184 611 318 648 Chlori
344 615 384 648 et
401 611 642 648 Theodorae
660 613 686 647 f.
709 612 747 647 ΙΙ
765 613 846 655 622,

135 726 179 732 -
204 707 237 742 2.
265 705 515 742 Constantini
542 706 572 742 Ι.
607 710 647 742 et
673 708 846 744 Faustae

181 755 207 790 f.
235 754 292 790 111
319 754 374 798 12,
389 754 422 790 9.
455 758 608 799 patrem
637 756 776 791 huniat
789 756 845 799 24,

182 802 237 838 14.
264 802 352 838 eius
364 802 575 847 imperium
590 802 647 846 27,
662 803 696 838 4.
724 804 846 839 bellat

180 860 270 886 cum
313 849 468 895 Sapore
506 849 555 884 ΙΙ.
594 850 651 894 27,
666 851 698 887 7.
738 851 795 893 29,
812 853 844 886 3.

180 898 237 942 31,
256 897 289 933 3.
308 898 341 933 7.
395 897 572 932 indutias
615 900 713 934 facit
754 909 844 934 eum

180 945 323 981 eodem
349 944 407 987 35,
423 945 550 990 1—37‚
566 944 598 981 5.
639 948 846 992 profectus

179 997 320 1029 contra
358 992 643 1029 vetranionem
687 998 726 1030 et
767 995 845 1029 Ma-

179 1041 391 1087 gnentium
418 1040 527 1076 illum
545 1051 588 1077 se
611 1042 846 1088 suppliciter

179 1088 396 1124 adeuntem
423 1089 566 1134 recipit
597 1089 797 1134 37‚5—-39,
812 1090 844 1125 3.

179 1135 455 1182 Magnentium
498 1137 620 1172 vincit
655 1138 711 1181 39,
739 1138 844 1173 5—8.

180 1183 331 1226 17-45,
347 1184 402 1219 13.
444 1182 604 1219 Gallum
632 1184 845 1221 Caesarem

179 1231 329 1267 dictum
366 1231 588 1277 patruelem
623 1237 662 1268 et
688 1233 844 1268 affinem

179 1282 321 1315 contra
348 1278 543 1325 Saporem
570 1279 618 1315 11.
645 1281 763 1316 mittit
788 1281 844 1325 39,

178 1326 306 1363 8-15,
347 1325 506 1362 Gallum
522 1330 640 1362 necat
654 1327 846 1364 Constan-

178 1375 234 1410 tia
260 1378 420 1410 mortua
444 1374 667 1420 45,14--47,
685 1376 739 1411 12.
772 1374 845 1412 Sil-

178 1431 329 1457 vanum
355 1423 396 1457 in
411 1420 563 1458 Gallias
590 1425 752 1459 missum
779 1435 844 1460 ne-

177 1472 243 1506 cat
279 1469 501 1514 47,13—48‚
518 1470 549 1505 4.
602 1471 725 1507 bellat
751 1482 842 1507 eum

175 1515 330 1564 Sapore
344 1516 393 1553 ΙΙ.
410 1517 468 1559 48,
482 1518 610 1554 5-19.
638 1518 839 1555 Iulianum

175 1564 389 1602 Caesarem
440 1565 590 1601 dictum
639 1568 756 1602 mittit
799 1568 839 1603 iu

176 1611 327 1649 Gallias
352 1612 530 1658 49,1.12.
582 1613 760 1650 Leonam
788 1615 840 1651 ad

177 1660 376 1696 Iulianum
401 1661 530 1706 mittit,
573 1666 618 1697 ut
644 1662 752 1698 illum
781 1667 840 1709 ty-

176 1708 386 1744 rannidem
444 1708 650 1755 deponere
708 1715 839 1756 cogat,

176 1755 437 1802 expedit-ione
463 1757 625 1792 Persica
652 1759 839 1794 nuntiata

175 1802 375 1847 52,8-54,
387 1803 419 1839 7.
446 1803 645 1840 Iulianum
671 1816 839 1852 aggres-

175 1861 294 1886 surus
321 1851 423 1897 perit
440 1851 496 1895 55,
514 1851 568 1887 14.
603 1854 747 1889 fratres
774 1864 840 1900 pa·

176 1900 246 1934 tris
273 1898 476 1934 occiderat
501 1900 558 1943 56,
572 1899 605 1935 4.
657 1901 743 1936 eius
769 1912 839 1936 na-

175 1950 266 1982 tura
305 1950 345 1981 et
383 1946 482 1982 tides
508 1946 661 1983 Ariana
698 1948 754 1991 56,
771 1949 838 1984 7—-

178 1993 231 2030 15.
258 1994 384 2036 58,1s.
412 1994 839 2032 contraAlexandrum

176 2052 256 2078 non
291 2042 550 2088 recipientem
579 2042 717 2078 Arium
751 2054 841 2079 con-

177 2089 309 2125 cilium
336 2090 428 2135 cogi
468 2090 580 2125 iubet
617 2090 840 2136 56,15——57,

178 2137 231 2172 10.
268 2148 340 2183 pro
360 2137 486 2172 Paulo
506 2138 655 2174 relecto
670 2139 840 2185 patriar-

175 2185 290 2220 cham
317 2184 571 2230 Cpolitanuin
603 2186 839 2222 61011Εο50-

176 2233 284 2268 bium
320 2232 544 2276 57‚ll—15.
598 2233 747 2269 Paulus
787 2234 839 2269 ab

176 2279 276 2315 Iulio
304 2281 512 2316 restitutus
546 2281 679 2317 denuo
706 2282 758 2317 ab
791 2293 838 2318 eo

175 2328 334 2374 pellitur
359 2328 488 2371 57,16.
517 2329 751 2365 Macedonio
770 2340 838 2375 pa-

174 2376 351 2411 trini-cha
377 2374 587 2421 Cpolitano
622 2377 736 2422 pulso
764 2377 838 2413 Eu-

173 2422 339 2458 doxium
366 2427 477 2458 creat
502 2423 678 2468 58,1-9.
714 2425 839 2470 patris

173 2480 321 2516 corpus
373 2471 410 2506 in
463 2471 564 2507 aede
607 2476 837 2508 sanctorum

173 2518 447 2563 apostolorum
486 2520 667 2565 reposuit
708 2519 837 2564 58,10.

175 2565 365 2612 reliquias
398 2565 587 2602 Andreae
629 2570 669 2602 et
701 2566 838 2604 Lucae

174 2623 246 2659 per
270 2613 491 2650 Artemlum
512 2613 664 2660 Cpolim
691 2615 769 2651 sert
781 2615 838 2660 58,

176 2660 230 2696 12.
262 2660 438 2698 Eusebia
465 2662 551 2697 eius
578 2672 683 2698 uxor
709 2662 837 2705 58,17.

173 2708 363 2744 humatur
394 2709 595 2754 59,14.17.
646 2720 837 2753 magnam

173 2756 383 2792 ecclesiam
427 2757 664 2793 condiderat
710 2757 788 2801 154,
803 2758 836 2793 9.

177 2803 253 2847 156,
272 2803 324 2839 14.
356 2805 629 2850 apostolorum
647 2805 835 2851 templum

175 2851 411 2887 condiderat
450 2852 525 2896 159,
545 2852 596 2887 15.
627 2871 665 2877 -—
698 2852 751 2887 ΙΙΙ
778 2853 835 2897 59,

173 2899 205 2935 7.
233 2899 359 2943 60,10.
379 2899 431 2934 13.
465 2900 570 2943 71,1.

128 2964 171 2971 —
197 2946 230 2981 3.
257 2945 460 2983 placidiae
485 2948 653 2983 maritus
680 2948 731 2983 ab
759 2947 835 2985 Ho-
869 2955 872 2988 Ι

1562 254 1633 291 869

965 374 1080 410 norio
1095 374 1322 420 appellatur
1337 383 1409 409 rex
1428 373 1486 408 III
1503 373 1560 418 98,
1578 373 1631 409 17.

963 426 1133 458 necatus
1165 422 1355 468 relinquit
1385 420 1632 457 Valentinia-

965 480 1061 506 num
1080 469 1150 505 ΙΙΙ.
1178 473 1217 506 et
1234 468 1510 505 Honoriadem
1529 469 1586 513 99,
1597 469 1632 505 3.

918 537 961 542 —
988 518 1022 553 4.
1049 517 1301 554 Constantini
1326 517 1374 553 X.
1401 518 1427 552 f.
1456 518 1632 564 porphy-

965 566 1175 611 rogenitus
1202 565 1259 600 111
1285 565 1413 610 681,3.

918 633 960 638 —
988 612 1022 648 5.
1049 624 1084 648 v.
1111 613 1277 652 Κώνστας
1304 614 1335 648 1.

916 662 955 696 K
957 661 988 696 ώ
997 675 1122 699 votae
1151 661 1180 696 1.
1202 660 1468 706 [Κωνστάντιος]
1491 662 1512 696 ὁ
1529 661 1631 696 Χλω-

963 710 1025 752 ρός
1043 708 1197 744 Claudii
1215 708 1261 744 11.
1277 719 1328 744 ex
1343 709 1424 744 filia
1442 719 1569 754 nepos
1593 708 1632 743 11

964 757 1043 800 606,
1059 757 1091 791 5.
1118 756 1197 798 615,
1213 757 1245 791 2.
1274 756 1423 792 Caesar
1449 757 1524 791 sub
1540 756 1632 791 Dio-

964 805 1148 847 cletiano,
1185 803 1423 840 Theodorae
1450 804 1631 839 Maximi-

964 853 1030 887 ani
1064 852 1088 886 f.
1128 852 1295 887 maritus
1335 853 1469 898 priore
1501 862 1631 887 uxore

964 899 1178 945 repudiata
1203 899 1284 942 615,
1299 900 1331 935 2.
1360 900 1466 941 1111,
1481 899 1514 934 5.
1542 898 1631 934 Ala-

964 957 1134 982 mannos
1177 947 1315 983 domat
1355 947 1392 982 II
1437 947 1518 990 615,
1540 946 1629 982 14—

963 995 1044 1039 616,
1061 995 1095 1030 3.
1146 995 1366 1040 imperator
1401 994 1630 1031 Occidentis

963 1042 1108 1086 619,10.
1124 1043 1176 1078 18.
1205 1042 1440 1078 Christianis
1455 1043 1630 1078 clemens

965 1090 1061 1125 ibid.
1089 1091 1172 1126 obit
1198 1090 1352 1133 62215.
1403 1090 1629 1127 Constanti-

964 1137 1360 1182 nus‚Anaballianus,
1371 1137 1630 1174 Constantius

964 1197 1014 1221 ex
1030 1185 1245 1221 Theodora
1263 1186 1331 1221 filii
1350 1186 1430 1229 622,
1445 1186 1501 1221 20.
1530 1185 1630 1222 Con—

962 1234 1162 1269 stantinus
1190 1233 1238 1269 M.
1260 1244 1310 1269 ex
1338 1235 1471 1279 priore
1498 1243 1629 1269 uxore

963 1282 988 1316 f.
1008 1281 1026 1316 Ι
1047 1280 1100 1324 14,
1116 1281 1172 1316 13.
1199 1281 1235 1316 ΙΙ
1255 1282 1335 1325 606,
1350 1281 1383 1317 5.
1410 1281 1491 1325 622,
1509 1281 1562 1317 15.
1585 1301 1627 1306 -

963 1329 999 1363 ]Ι
1025 1329 1106 1373 623,
1126 1329 1160 1364 5.
1178 1329 1210 1364 9.

916 1397 959 1402 -
986 1378 1018 1412 2.
1034 1376 1063 1411 Ι.
1079 1375 1329 1413 Constantini
1348 1376 1378 1412 I.
1397 1379 1436 1412 et
1454 1376 1629 1412 Faustae

964 1426 988 1459 f.
1017 1424 1074 1459 III
1105 1425 1158 1468 12,
1171 1425 1204 1460 9.
1233 1425 1319 1460 eius
1338 1425 1549 1470 imperium
1570 1424 1627 1468 26,

965 1473 1018 1507 12.
1076 1471 1327 1508 Constantini
1366 1472 1413 1507 11.
1453 1473 1548 1507 victi
1589 1475 1628 1508 et

961 1521 1092 1556 necati
1124 1530 1295 1565 regnum
1321 1519 1372 1555 ad
1399 1530 1490 1555 eum
1517 1521 1629 1555 venit

960 1568 1018 1612 27,
1048 1568 1197 1611 11—28,
1228 1568 1284 1603 15.
1341 1569 1548 1603 venationi
1588 1572 1628 1603 et

961 1616 1181 1651 dissolutae
1198 1617 1308 1651 vitae
1328 1615 1488 1651 deditus
1507 1625 1530 1651 a
1544 1615 1627 1651 Ma-

960 1665 1128 1710 gnentio
1156 1669 1325 1699 necatur
1357 1663 1482 1707 28,15.
1509 1663 1566 1707 32,
1584 1663 1624 1698 11

962 1711 1136 1754 -33,11.
1187 1712 1274 1747 eius
1308 1711 1417 1746 vitae
1445 1715 1483 1746 et
1509 1711 1626 1758 regni

960 1760 1133 1804 spatium
1153 1759 1209 1803 33,
1224 1760 1256 1795 8.
1298 1759 1548 1804 praedictum
1576 1759 1627 1795 de

960 1807 1064 1842 illius
1107 1807 1220 1843 obitu
1263 1806 1321 1851 33,
1346 1807 1494 1850 11—34,
1508 1807 1540 1841 2.
1582 1826 1625 1831 ——

961 1854 1020 1889 III
1045 1854 1101 1898 34,
1123 1855 1155 1890 3.
1177 1855 1209 1890 6.
1265 1855 1322 1896 35,
1345 1855 1376 1889 1.
1432 1855 1489 1898 37,
1514 1855 1546 1889 6.
1571 1854 1625 1890 17.

959 1903 1016 1946 38,
1030 1902 1063 1938 2.

913 1966 955 1974 —
984 1951 1016 1985 3.
1034 1950 1081 1985 lI.
1096 1950 1272 1985 Heraclii
1287 1948 1538 1986 Constantini
1556 1950 1625 1986 111.

961 1997 1064 2033 iilius
1091 1997 1149 2032 III
1174 1997 1292 2041 216,6
1313 2008 1341 2032 s.
1375 1997 1455 2041 217,
1472 1998 1505 2033 9.
1554 1998 1624 2033 im-

963 2050 1125 2090 perator
1167 2045 1426 2081 Monothelita
1467 2046 1548 2089 217,
1569 2046 1624 2081 11.

963 2093 1015 2128 14.
1067 2090 1284 2128 Maximum
1313 2093 1480 2139 eiusque
1509 2093 1624 2129 disei-

961 2141 1075 2185 pulos
1090 2141 1218 2186 punit,
1230 2141 1442 2176 Mai-tinum
1460 2141 1625 2187 expellit

958 2188 1110 2232 217,15.
1148 2187 1301 2232 220‚19.
1351 2189 1451 2224 alios
1491 2189 1623 2224 ortho-

959 2236 1087 2271 doxos
1114 2236 1230 2282 punit
1255 2236 1336 2279 218,
1350 2236 1383 2272 6.
1419 2247 1443 2271 a
1462 2235 1624 2272 Sarace-

958 2284 1020 2319 nis
1052 2284 1183 2319 victus
1215 2283 1463 2328 218‚9-219,
1479 2284 1510 2320 7.
1563 2285 1624 2319 iis-

958 2331 1047 2366 dem
1066 2332 1259 2367 tributum
1279 2331 1349 2367 dat
1366 2332 1448 2374 219,
1467 2331 1519 2367 14.
1547 2333 1622 2367 sub

959 2389 1006 2414 eo
1034 2382 1166 2414 terrae
1194 2383 1325 2415 motus
1351 2379 1503 2423 219,16.
1547 2381 1622 2415 sub

957 2437 1005 2462 eo
1044 2426 1182 2462 Paullo
1226 2427 1405 2463 succedit
1432 2427 1622 2472 Pyrrhus,

958 2474 1111 2519 Pyrrho
1126 2474 1282 2518 Petrus,
1304 2475 1419 2510 Petro
1435 2475 1622 2519 Thomas,

956 2521 1135 2558 Thomae
1174 2522 1348 2558 Ioannes
1385 2522 1466 2567 220,
1494 2522 1621 2558 1-18.

956 2568 1227 2605 Theodosium
1284 2571 1448 2606 fratrem
1505 2574 1623 2606 necat

955 2616 1036 2659 220,
1054 2617 1107 2652 19.
1146 2618 1187 2653 in
1202 2615 1338 2653 Sicilia
1355 2621 1524 2653 necatur
1541 2618 1622 2663 221,

955 2663 1083 2701 2—14.
1135 2666 1221 2701 eius
1253 2665 1320 2701 filii
1356 2665 1484 2709 221,5.
1535 2667 1621 2702 eius

956 2713 1071 2758 regni
1102 2713 1275 2759 spatium
1301 2712 1383 2758 221,
1403 2713 1458 2748 11.

1249 2796 1278 2831 Λ

907 2854 1057 2899 Λάβαν
1099 2854 1305 2891 Rebeccae
1344 2856 1617 2891 avunculusI

954 2902 1082 2985 38330.
1116 2903 1320 2948 39,‘2-12.
1359 2903 1416 2948 40,
1431 2903 1488 2939 ρο.
1527 2902 1621 2949 41‚5
