2054 3282
331 293 402 331 674
692 292 874 330 ZONAR.
900 290 1031 328 EPIT.
1056 288 1189 327 XVIII
1215 288 1247 335 7,
1274 289 1378 335 9-8,
1405 288 1462 326 13.

331 420 438 470 τρεῖς
471 416 719 470 δραστήριος
750 416 812 456 ὢν
843 414 914 455 καὶ
944 413 990 454 τὸ
1022 413 1132 468 ἦθος
1153 412 1340 467 σοβαρὸν
1362 411 1687 466 ἐνδεικνύμενος,
1716 410 1825 467 πρὸς

99 485 129 521 Ρ
330 485 500 539 πράξεις
522 484 731 537 ὀξύτατος,
766 483 1147 536 στρατηγικώτατος
1168 480 1216 522 τὰ
1248 481 1438 535 πολέμια,
1469 480 1607 534 λόγοις
1636 480 1714 534 μὲν
1746 480 1824 534 οὐχ

331 553 575 607 ὡμιληκώς,
619 553 843 605 προσέχων
887 548 924 591 δ’
964 550 1104 595 αὐτοῖς
1141 549 1213 591 καὶ
1254 548 1352 595 τοὺς
1394 549 1555 590 τούτων
1592 548 1826 603 τροφίμους

99 625 252 662 11272A
270 627 315 662 lO
327 621 680 676 προσδεχόμενος.
758 619 1003 673 αἰτιώμενος
1057 618 1102 659 δὲ
1148 618 1209 659 ὅτι
1258 617 1468 672 τυραννίδι
1519 617 1826 671 ἐπικεχείρηκεν

327 689 564 730 “dimam''
595 689 705 741 ἔλεγε
735 688 826 740 ’ςτῴ
857 686 1078 740 συνδούλῳ
1111 686 1321 727 δουλεύειν
1351 685 1423 727 καὶ
1453 688 1538 726 τῶν
1568 684 1743 726 εἰκότων
1763 683 1823 739 μὴ
1839 690 1862 727 5

328 758 584 812 τυγχάνειν.”

89 848 118 870 «v
136 827 311 869 1112168
440 825 494 868 ‘O
536 825 580 866 δὲ
623 824 834 878 πρόεδρος
872 823 1187 869 Κωνσταντῖνος
1228 823 1252 864 ὁ
1292 822 1462 868 Δοῦκας
1503 826 1575 877 τῆς
1618 821 1826 876 βασιλείας

325 894 465 949 τυχὼν
503 893 805 947 ἀπραγμόνως,
850 893 911 938 ὡς
948 894 1115 946 εἴρηται,
1160 890 1341 937 πολλοὺς
1371 894 1457 932 τῶν
1487 895 1560 945 τῆς
1591 890 1824 944 συγκλήτου

325 963 481 1018 βουλῆς
523 961 594 1003 καὶ
630 965 704 1002 τοῦ
744 961 974 1016 δημώδους
1009 960 1203 1014 πλήθους
1241 960 1299 1005 εἰς
1335 959 1531 1013 μείζονας
1567 958 1823 1013 ἀξιωμάτων

290 1030 524 1086 Ξβαθμοὺς
559 1030 822 1084 προεβίβασε.
883 1028 954 1070 καὶ
986 1029 1113 1074 ὅσους
1146 1025 1182 1069 δ’
1216 1028 1241 1069 ὁ
1272 1026 1501 1082 Κομνηνός
1532 1027 1721 1082 ἀφείλετο
1751 1025 1825 1072 τὰς
1842 1033 1889 1068 10

327 1099 480 1145 οἰκείας
522 1099 642 1152 τιμάς
687 1097 847 1152 (πολλοὶ
887 1095 924 1139 δ’
958 1097 1065 1152 ἦσαν
1103 1096 1174 1138 καὶ
1212 1094 1359 1150 οὗτοι),
1408 1096 1465 1141 εἷς
1507 1096 1659 1141 ταύτας
1702 1093 1827 1141 αὖθις

327 1167 453 1214 αὐτὸς
484 1167 667 1213 ἐκείνους
699 1167 1041 1221 ἀποκατέστησεν.

232 1242 264 1277 Β
290 1242 313 1277 3
440 1236 694 1290 Ἐπιβουλῆς
733 1235 779 1276 δὲ
821 1232 911 1276 κατ’
952 1235 1081 1276 αὐτοῦ
1127 1233 1498 1287 συσκευασθείσης,
1542 1236 1698 1287 μικροῦ
1743 1232 1827 1274 δεῖν

290 1305 486 1359 4ἕγένετο
529 1306 581 1346 ἂν
623 1304 892 1358 ὑποβρύχιος.
954 1303 1006 1358 ἧν
1043 1303 1121 1357 μὲν
1161 1302 1239 1356 γὰρ
1279 1302 1323 1343 ἕν
1362 1305 1447 1347 τοῖς
1484 1301 1704 1356 βασιλείοις
1739 1303 1826 1341 τῶν

328 1373 590 1427 Μαγγάνων,
623 1374 856 1427 ἓσκέψαντο
890 1372 935 1413 δὲ
967 1372 1006 1413 οἱ
1037 1371 1373 1425 συνομοσάμενοι
1405 1370 1466 1415 ὡς
1498 1370 1536 1410 εἰ
1563 1369 1755 1423 θόρυβος
1782 1369 1826 1410 ἒν
1841 1375 1886 1411 15

326 1447 377 1497 τῇ
406 1447 479 1497 τῆς
508 1441 674 1487 πόλεως
705 1440 890 1495 γεγονὼς
921 1440 1138 1494 ἀγγελθείη
1172 1440 1288 1492 αὐτῷ
1309 1439 1459 1493 ἀγορᾷ,
1493 1438 1640 1479 αὐτίκα
1664 1436 1730 1479 διὰ
1751 1441 1825 1491 τῆς

292 1510 545 1565 ὃθαλάσσης
573 1511 730 1555 ἐκεῖνος
762 1509 1024 1550 ἀπελεύσεται
1054 1508 1163 1562 πρὸς
1192 1507 1239 1549 τὸ
1270 1508 1378 1562 μέγα
1411 1506 1656 1560 ἀνάκτορον.
1717 1521 1824 1560 προ-

329 1617 351 1652 7
375 1617 529 1662 βασιλεία
554 1616 820 1651 Κωνσταντίνου
846 1620 906 1650 τοῦ
933 1615 1055 1650 Δούκα
1081 1615 1210 1657 (δοῧκα
1224 1613 1274 1656 D)
1301 1612 1371 1649 AO
1471 1613 1516 1648 13
1541 1611 1709 1658 ἐπιβουλὴ
1736 1610 1826 1648 κατὰ

329 1669 390 1700 τοῦ
414 1664 586 1711 βασιλέως
610 1663 670 1698 καὶ
696 1665 793 1702 ὅπως
818 1663 946 1707 ταύτην
972 1663 1137 1707 διέφυγεν
1165 1661 1227 1698 CE

400 1759 424 1795 4
449 1759 709 1804 ἀποδεχόμενος
735 1757 958 1804 BCEwpDi
1081 1761 1172 1804 post
1197 1757 1458 1802 ἀποδεχόμενος
1485 1755 1577 1791 add.
1604 1755 1765 1800 σώφρων
1790 1768 1826 1790 τε

403 1810 494 1849 (om.
520 1806 598 1852 BC)
625 1806 665 1842 τὰ
689 1807 778 1851 πρὸς
803 1806 919 1851 εὐνήν.
945 1806 1075 1851 λέγεται
1102 1806 1166 1851 γάρ
1191 1819 1275 1840 ποτε
1300 1810 1444 1850 νοσῆσαι
1472 1803 1552 1849 (γὰρ
1577 1803 1726 1848 νοσῆσαί
1745 1816 1828 1838 ποτε

403 1854 482 1900 BC)
508 1860 567 1900 τῆς
592 1855 706 1893 οἰκίας
731 1855 939 1898 ἀποδημῶν,
966 1854 1025 1889 καὶ
1049 1853 1146 1898 παρὰ
1171 1858 1242 1888 τῶν
1268 1854 1398 1897 ἰατρῶν
1423 1852 1564 1898 γυναικὶ
1579 1856 1723 1896 μιγῆναι
1740 1850 1828 1895 πρὸς

402 1904 594 1947 θεραπείαν
625 1908 684 1947 τῆς
714 1903 819 1937 νόσου
850 1902 1119 1946 προτρέπεσθαι,
1156 1901 1214 1936 τὸν
1241 1900 1279 1935 δὲ
1303 1900 1354 1945 μὴ
1379 1899 1593 1944 ἀνασχέσθαι
1620 1899 1718 1943 ἑτέρα
1742 1899 1828 1943 πλη-

403 1951 519 1986 σιάσαι
543 1950 637 1995 παρὰ
662 1949 724 1995 τὴν
751 1950 915 1984 σύνοικον
941 1949 1145 1995 BCE(wp>‚
1172 1960 1209 1983 v.
1236 1950 1364 1994 praef.
1473 1946 1537 1992 ὅτι]
1563 1948 1584 1981 0‘
1608 1946 1644 1981 D
1758 1946 1828 1980 ἑπι-

401 1999 611 2043 κεχείρηκεν
636 1996 805 2043 prDz‘,
831 1997 1075 2042 ἐπικεχείρηκε
1099 1996 1184 2040 AD,
1212 2007 1250 2031 v.
1266 1996 1318 2031 ad
1332 1995 1429 2030 XIII
1444 1995 1476 2039 1,
1491 1994 1513 2030 5
1609 1994 1632 2030 5
1655 1993 1706 2040 μὴ
1733 1997 1828 2028 ante

403 2051 474 2081 τῶν
499 2045 563 2082 BC
668 2046 689 2080 7
715 2045 754 2079 δὲ
777 2046 948 2089 πρόεδρος
974 2045 1020 2089 Α,
1046 2045 1217 2090 πρόεδρος
1243 2043 1283 2079 δὲ
1308 2043 1415 2088 Ewp‚
1441 2043 1614 2088 πρόεδρος
1639 2043 1754 2076 τοίνυν
1779 2041 1828 2084 D,

402 2095 575 2139 πρόεδρος
602 2093 636 2128 R
732 2093 863 2131 δούκας
890 2091 987 2137 CDi,
1016 2103 1052 2127 V.
1080 2092 1132 2127 ad
1158 2091 1271 2127 XVII
1298 2091 1352 2135 14,
1380 2092 1426 2126 24
1537 2091 1579 2124 11
1606 2090 1667 2125 καὶ
1694 2100 1769 2125 om.
1796 2088 1827 2123 B

98 2127 109 2184 J
451 2141 552 2180 οὗτος
578 2140 613 2175 D
722 2140 784 2185 εἷς]
810 2141 870 2175 καὶ
897 2140 931 2175 D
1046 2141 1090 2175 12
1114 2140 1247 2178 ἐκεῖνος
1272 2139 1303 2174 Β
1412 2138 1690 2183 ἀπεκατέστησεν
1715 2136 1767 2181 D,
1790 2147 1828 2172 v.

140 2186 157 2230 ¹.
404 2189 456 2224 ad
482 2188 614 2224 XVIII
639 2188 673 2231 ὅ,
699 2189 722 2224 9
872 2187 918 2223 14
939 2188 944 2232 Ι
966 2188 1190 2234 ὑποβρέφους
1216 2187 1252 2222 D
1408 2186 1452 2221 15
1479 2185 1768 2230 συνωμοσάμενοι
1796 2183 1828 2220 Ο

147 2195 188 2299 X
405 2237 450 2272 16
463 2242 523 2281 τῆς
539 2236 709 2272 alterum
725 2247 799 2271 om.
815 2235 851 2270 D
943 2236 987 2271 17
1001 2236 1223 2271 ἀπελεύσεται
1238 2236 1259 2270 ὁ
1271 2239 1414 2280 κρατῶν
1427 2233 1491 2270 BC
1590 2233 1643 2268 17.
1659 2243 1696 2279 p.
1711 2232 1791 2277 675,
1806 2232 1825 2266 1

186 2300 206 2358 η
403 2285 643 2329 προωκονόμη
670 2284 709 2319 τὸ
734 2283 766 2319 δ’
792 2283 828 2318 D

128 2427 142 2431 ,A
221 2357 233 2425 I
333 2402 453 2435 nuus,
471 2392 635 2438 ingenio
656 2392 877 2437 arroganti,
904 2392 945 2426 in
960 2391 1084 2426 rebus
1102 2390 1294 2436 gerendis
1313 2389 1557 2433 celerrimus,
1584 2389 1642 2424 rei
1660 2388 1827 2423 bellicae

127 2440 144 2489 l
334 2440 609 2486 peritissimus,
635 2441 677 2474 in
703 2440 844 2475 litteris
870 2450 951 2474 non
979 2439 1141 2484 quidem
1168 2440 1365 2481 versatus,
1402 2437 1473 2472 sed
1499 2437 1722 2471 litterarum
1748 2438 1828 2470 stu-

277 2487 322 2521 10
335 2488 472 2523 diosus
499 2491 538 2522 et
569 2487 779 2522 doctorum
812 2497 963 2522 amans.
1015 2485 1113 2522 Cum
1147 2487 1182 2521 ei
1209 2486 1327 2531 regni
1353 2485 1555 2520 affectatio
1588 2484 1828 2524 obiceretur,

334 2534 646 2570 “Dumatham”
670 2535 800 2580 inquit
831 2535 1055 2570 “conservo
1082 2534 1236 2569 servire
1261 2543 1396 2578 neque
1421 2533 1527 2567 iusta
1554 2530 1790 2576 consequi.”

454 2582 486 2617 8.
537 2582 707 2618 Praeses
734 2581 1054 2618 CONSTAN'HNVS
1081 2581 1224 2617 DVCAs
1257 2581 1424 2626 imperio
1450 2579 1559 2614 nullo
1595 2579 1745 2622 labore,
1783 2580 1828 2613 ut

337 2630 488 2665 dictum
516 2634 586 2674 est,
627 2631 777 2676 potitus
811 2630 958 2664 multos
995 2629 1187 2664 senatorii
1222 2628 1374 2663 ordinis
1409 2631 1448 2662 et
1482 2627 1665 2672 plebeiae
1695 2625 1827 2661 condi-

120 2704 123 2710 ,
300 2676 322 2711 2
336 2678 456 2713 tionis
483 2678 535 2712 ad
553 2678 716 2713 altiores
734 2677 975 2723 dignitatum
995 2677 1149 2722 gradus
1168 2676 1321 2720 evexit3
1349 2678 1471 2720 atque
1491 2675 1610 2709 etiam
1630 2675 1829 2718 quotquot

114 2752 115 2755 η
166 2717 174 2754 s
337 2724 566 2761 Comnenus
598 2725 820 2760 honoribus
853 2725 1058 2770 spoliarat,
1097 2724 1166 2769 qui
1194 2724 1309 2759 multi
1339 2724 1516 2766 fuerunt,
1554 2722 1595 2756 in
1626 2722 1828 2767 integrum

336 2773 519 2808 restituit.

92 2777 144 2854 y!
301 2819 323 2854 3
432 2820 573 2865 Neque
599 2830 696 2855 vero
722 2820 891 2855 multum
918 2820 1031 2864 afuit,
1071 2820 1169 2865 quin
1194 2829 1267 2865 per
1292 2818 1457 2853 insidias
1488 2817 1827 2862 submergeretur.

301 2866 438 2903 4Nam
473 2878 563 2902 cum
595 2868 636 2902 in
662 2867 905 2913 Manganico
932 2868 1082 2913 palatio
1116 2870 1268 2912 ageret,
1308 2866 1507 2901 coniurati
1537 2865 1693 2899 ratione
1719 2864 1828 2907 inita,

341 2915 373 2950 si
399 2915 594 2950 tumultus
620 2916 660 2950 in
687 2916 776 2950 foro
808 2915 967 2950 urbano
992 2918 1104 2950 ortus
1133 2915 1402 2957 nuntiaretur,
1441 2923 1533 2948 eum
1557 2912 1659 2946 mari
1685 2912 1726 2945 in
1750 2920 1830 2945 ma-

303 2960 462 3008 5gnam
487 2963 643 3008 regiam
670 2963 801 2998 statim
825 2963 1090 2998 transiturum
1109 2972 1207 3007 esse,
1234 2964 1436 3006 curarant,
1462 2964 1507 2995 ut
1525 2960 1640 3005 regia
1658 2958 1830 2994 triremis
