<?xml version="1.0" encoding="UTF-8"?>
<!DOCTYPE html PUBLIC "-//W3C//DTD XHTML 1.0 Transitional//EN"
    "http://www.w3.org/TR/xhtml1/DTD/xhtml1-transitional.dtd">
<html xmlns="http://www.w3.org/1999/xhtml" xml:lang="en" lang="en">
 <head>
  <title>
</title>
<meta http-equiv="Content-Type" content="text/html;charset=utf-8" />
  <meta name='ocr-system' content='tesseract 3.04.00' />
  <meta name='ocr-capabilities' content='ocr_page ocr_carea ocr_par ocr_line ocrx_word'/>
</head>
<body>
  <div class='ocr_page' id='page_1' title='image "./corpusscriptorum31niebuoft/corpusscriptorum31niebuoft_0794.png"; bbox 0 0 2066 3230; ppageno 0'>
   <div class='ocr_carea' id='block_1_1' title="bbox 359 251 1478 299">
    <p class='ocr_par' dir='ltr' id='par_1_1' title="bbox 359 251 1478 299">
     <span class='ocr_line' id='line_1_1' title="bbox 359 251 1478 299; baseline -0.006 -2"><span class='ocrx_word' id='word_1_1' title='bbox 359 259 429 297; x_wconf 80' lang='lat'><em>768</em></span> <span class='ocrx_word' id='word_1_2' title='bbox 734 254 915 295; x_wconf 83' lang='lat' dir='ltr'><strong>ZONAR.</strong></span> <span class='ocrx_word' id='word_1_3' title='bbox 942 254 1073 292; x_wconf 86' lang='lat' dir='ltr'><strong>EPIT.</strong></span> <span class='ocrx_word' id='word_1_4' title='bbox 1099 251 1230 292; x_wconf 90' lang='lat' dir='ltr'>XVIII</span> <span class='ocrx_word' id='word_1_5' title='bbox 1255 254 1313 299; x_wconf 76' lang='lat'><em>29,</em></span> <span class='ocrx_word' id='word_1_6' title='bbox 1339 252 1395 290; x_wconf 82' lang='lat'><em>29.</em></span> <span class='ocrx_word' id='word_1_7' title='bbox 1422 251 1478 290; x_wconf 85' lang='lat'><em>30.</em></span> 
     </span>
    </p>
   </div>
   <div class='ocr_carea' id='block_1_2' title="bbox 300 375 1886 843">
    <p class='ocr_par' dir='ltr' id='par_1_2' title="bbox 300 375 1850 572">
     <span class='ocr_line' id='line_1_2' title="bbox 300 375 1850 434; baseline -0.003 -12"><span class='ocrx_word' id='word_1_8' title='bbox 300 386 346 421; x_wconf 76' lang='lat'><em>29</em></span> <span class='ocrx_word' id='word_1_9' title='bbox 472 379 682 422; x_wconf 72' lang='grc' dir='ltr'><em>Ἐνταῦθά</em></span> <span class='ocrx_word' id='word_1_10' title='bbox 713 395 786 434; x_wconf 85' lang='grc' dir='ltr'><em>μοι</em></span> <span class='ocrx_word' id='word_1_11' title='bbox 816 379 862 420; x_wconf 87' lang='grc' dir='ltr'><em>τὸ</em></span> <span class='ocrx_word' id='word_1_12' title='bbox 893 379 1025 433; x_wconf 80' lang='grc' dir='ltr'><strong><em>πέρας</em></strong></span> <span class='ocrx_word' id='word_1_13' title='bbox 1056 379 1144 432; x_wconf 81' lang='grc' dir='ltr'><em>ἤτω</em></span> <span class='ocrx_word' id='word_1_14' title='bbox 1176 381 1248 431; x_wconf 86' lang='grc' dir='ltr'><em>τῆς</em></span> <span class='ocrx_word' id='word_1_15' title='bbox 1279 381 1526 431; x_wconf 80' lang='grc' dir='ltr'><em>συγγραφῆς</em></span> <span class='ocrx_word' id='word_1_16' title='bbox 1550 375 1666 418; x_wconf 82' lang='grc' dir='ltr'><em>καὶὸ</em></span> <span class='ocrx_word' id='word_1_17' title='bbox 1690 375 1850 431; x_wconf 80' lang='grc' dir='ltr'><em>ὀρόμος</em></span> 
     </span>
     <span class='ocr_line' id='line_1_3' title="bbox 360 443 1850 504; baseline -0.003 -14"><span class='ocrx_word' id='word_1_18' title='bbox 360 450 495 504; x_wconf 83' lang='grc' dir='ltr'><em>στήτω</em></span> <span class='ocrx_word' id='word_1_19' title='bbox 527 453 598 503; x_wconf 86' lang='grc' dir='ltr'><em>τῆς</em></span> <span class='ocrx_word' id='word_1_20' title='bbox 630 448 822 503; x_wconf 81' lang='grc' dir='ltr'><em>ἱστορίας,</em></span> <span class='ocrx_word' id='word_1_21' title='bbox 855 447 903 493; x_wconf 85' lang='grc' dir='ltr'><em>ὅς</em></span> <span class='ocrx_word' id='word_1_22' title='bbox 932 463 1005 502; x_wconf 91' lang='grc' dir='ltr'><em>μοι</em></span> <span class='ocrx_word' id='word_1_23' title='bbox 1035 445 1143 500; x_wconf 89' lang='grc' dir='ltr'><em>πρὸς</em></span> <span class='ocrx_word' id='word_1_24' title='bbox 1166 444 1334 500; x_wconf 83' lang='grc' dir='ltr'><em>μακρὸν</em></span> <span class='ocrx_word' id='word_1_25' title='bbox 1357 445 1670 500; x_wconf 82' lang='grc' dir='ltr'><em>ἒκμεμήκισται·</em></span> <span class='ocrx_word' id='word_1_26' title='bbox 1705 443 1850 486; x_wconf 84' lang='grc' dir='ltr'><em>δοῦναι</em></span> 
     </span>
     <span class='ocr_line' id='line_1_4' title="bbox 361 510 1850 572; baseline -0.004 -13"><span class='ocrx_word' id='word_1_27' title='bbox 361 517 440 572; x_wconf 80' lang='grc' dir='ltr'><em>γὰρ</em></span> <span class='ocrx_word' id='word_1_28' title='bbox 473 521 617 572; x_wconf 80' lang='grc' dir='ltr'><em>γραφῇ</em></span> <span class='ocrx_word' id='word_1_29' title='bbox 654 516 725 557; x_wconf 80' lang='grc' dir='ltr'><em>καὶ</em></span> <span class='ocrx_word' id='word_1_30' title='bbox 762 515 810 556; x_wconf 85' lang='grc' dir='ltr'><em>τὰ</em></span> <span class='ocrx_word' id='word_1_31' title='bbox 848 515 1036 556; x_wconf 81' lang='grc' dir='ltr'><em>λείποντα</em></span> <span class='ocrx_word' id='word_1_32' title='bbox 1077 515 1126 555; x_wconf 79' lang='grc' dir='ltr'><em>οὔ</em></span> <span class='ocrx_word' id='word_1_33' title='bbox 1164 530 1237 567; x_wconf 87' lang='grc' dir='ltr'><em>μοι</em></span> <span class='ocrx_word' id='word_1_34' title='bbox 1280 512 1480 559; x_wconf 84' lang='grc' dir='ltr'><em>λυσιτελὲς</em></span> <span class='ocrx_word' id='word_1_35' title='bbox 1523 510 1614 554; x_wconf 79' lang='grc' dir='ltr'><em>οὐδ’</em></span> <span class='ocrx_word' id='word_1_36' title='bbox 1654 513 1850 567; x_wconf 79' lang='grc' dir='ltr'><em>εὔκαιρον</em></span> 
     </span>
    </p>

    <p class='ocr_par' dir='ltr' id='par_1_3' title="bbox 300 580 1886 843">
     <span class='ocr_line' id='line_1_5' title="bbox 300 580 1850 639; baseline -0.003 -12"><span class='ocrx_word' id='word_1_37' title='bbox 300 592 347 627; x_wconf 88' lang='lat'><em>30</em></span> <span class='ocrx_word' id='word_1_38' title='bbox 359 586 551 639; x_wconf 81' lang='grc' dir='ltr'><em>κέκριται.</em></span> <span class='ocrx_word' id='word_1_39' title='bbox 614 585 652 625; x_wconf 85' lang='grc' dir='ltr'><em>εἷ</em></span> <span class='ocrx_word' id='word_1_40' title='bbox 677 583 755 638; x_wconf 83' lang='grc' dir='ltr'><em>μὲν</em></span> <span class='ocrx_word' id='word_1_41' title='bbox 787 581 862 624; x_wconf 79' lang='grc' dir='ltr'><em>οὗν</em></span> <span class='ocrx_word' id='word_1_42' title='bbox 894 581 1093 637; x_wconf 81' lang='grc' dir='ltr'><em>ὃνήσιμόν</em></span> <span class='ocrx_word' id='word_1_43' title='bbox 1123 597 1197 622; x_wconf 88' lang='grc' dir='ltr'><em>τισι</em></span> <span class='ocrx_word' id='word_1_44' title='bbox 1231 581 1340 629; x_wconf 79' lang='grc' dir='ltr'><em>δόξει</em></span> <span class='ocrx_word' id='word_1_45' title='bbox 1371 580 1417 622; x_wconf 86' lang='grc' dir='ltr'><em>τὸ</em></span> <span class='ocrx_word' id='word_1_46' title='bbox 1447 580 1633 635; x_wconf 78' lang='grc' dir='ltr'><em>πόνημα,</em></span> <span class='ocrx_word' id='word_1_47' title='bbox 1664 586 1726 635; x_wconf 79' lang='grc' dir='ltr'><em>τῷ</em></span> <span class='ocrx_word' id='word_1_48' title='bbox 1755 581 1850 635; x_wconf 73' lang='grc' dir='ltr'><em>θεῷ</em></span> 
     </span>
     <span class='ocr_line' id='line_1_6' title="bbox 358 649 1886 708; baseline -0.003 -14"><span class='ocrx_word' id='word_1_49' title='bbox 358 654 490 708; x_wconf 77' lang='grc' dir='ltr'><em>χάρις,</em></span> <span class='ocrx_word' id='word_1_50' title='bbox 538 651 656 706; x_wconf 78' lang='grc' dir='ltr'><em>ᾧπερ</em></span> <span class='ocrx_word' id='word_1_51' title='bbox 695 653 807 692; x_wconf 80' lang='grc' dir='ltr'><em>ἅπαν</em></span> <span class='ocrx_word' id='word_1_52' title='bbox 845 651 1128 704; x_wconf 72' lang='grc' dir='ltr'><em>κατορθοῦται</em></span> <span class='ocrx_word' id='word_1_53' title='bbox 1164 650 1310 691; x_wconf 83' lang='grc' dir='ltr'><em>καλόν·</em></span> <span class='ocrx_word' id='word_1_54' title='bbox 1359 650 1397 690; x_wconf 87' lang='grc' dir='ltr'><em>εἷ</em></span> <span class='ocrx_word' id='word_1_55' title='bbox 1431 649 1476 690; x_wconf 82' lang='grc' dir='ltr'><em>δὲ</em></span> <span class='ocrx_word' id='word_1_56' title='bbox 1513 649 1739 702; x_wconf 77' lang='grc' dir='ltr'><em>ἄσυντελές,</em></span> <span class='ocrx_word' id='word_1_57' title='bbox 1787 650 1886 704; x_wconf 76' lang='grc' dir='ltr'><em>εἴηῖ)</em></span> 
     </span>
     <span class='ocr_line' id='line_1_7' title="bbox 358 717 1847 776; baseline -0.003 -14"><span class='ocrx_word' id='word_1_58' title='bbox 358 724 410 763; x_wconf 79' lang='grc' dir='ltr'><em>ἂν</em></span> <span class='ocrx_word' id='word_1_59' title='bbox 441 722 642 776; x_wconf 84' lang='grc' dir='ltr'><em>ἡμέτερον</em></span> <span class='ocrx_word' id='word_1_60' title='bbox 672 718 718 760; x_wconf 86' lang='grc' dir='ltr'><em>τὸ</em></span> <span class='ocrx_word' id='word_1_61' title='bbox 751 720 917 773; x_wconf 83' lang='grc' dir='ltr'><em>αἰτίαμα</em></span> <span class='ocrx_word' id='word_1_62' title='bbox 949 718 1020 760; x_wconf 82' lang='grc' dir='ltr'><em>καὶ</em></span> <span class='ocrx_word' id='word_1_63' title='bbox 1052 719 1330 773; x_wconf 80' lang='grc' dir='ltr'><em>ε’πιστρεφέτω</em></span> <span class='ocrx_word' id='word_1_64' title='bbox 1361 717 1469 772; x_wconf 88' lang='grc' dir='ltr'><em>πρός</em></span> <span class='ocrx_word' id='word_1_65' title='bbox 1496 733 1550 772; x_wconf 90' lang='grc' dir='ltr'><em>με</em></span> <span class='ocrx_word' id='word_1_66' title='bbox 1580 717 1652 758; x_wconf 82' lang='grc' dir='ltr'><em>τὸν</em></span> <span class='ocrx_word' id='word_1_67' title='bbox 1679 717 1847 759; x_wconf 83' lang='grc' dir='ltr'><em>τεκόντα</em></span> 
     </span>
     <span class='ocr_line' id='line_1_8' title="bbox 358 787 1510 843; baseline -0.003 -12"><span class='ocrx_word' id='word_1_68' title='bbox 358 789 404 831; x_wconf 84' lang='grc' dir='ltr'><em>τὸ</em></span> <span class='ocrx_word' id='word_1_69' title='bbox 437 789 680 843; x_wconf 82' lang='grc' dir='ltr'><em>ἀποκύημα,</em></span> <span class='ocrx_word' id='word_1_70' title='bbox 715 787 914 842; x_wconf 83' lang='grc' dir='ltr'><em>ἕσόμενόν</em></span> <span class='ocrx_word' id='word_1_71' title='bbox 945 804 1018 841; x_wconf 87' lang='grc' dir='ltr'><em>μοι</em></span> <span class='ocrx_word' id='word_1_72' title='bbox 1047 788 1219 842; x_wconf 85' lang='grc' dir='ltr'><em>μνήμης</em></span> <span class='ocrx_word' id='word_1_73' title='bbox 1250 787 1510 842; x_wconf 82' lang='grc' dir='ltr'><em>ἒμπύρευμα.</em></span> 
     </span>
    </p>
   </div>
   <div class='ocr_carea' id='block_1_3' title="bbox 429 915 1851 1487">
    <p class='ocr_par' dir='ltr' id='par_1_4' title="bbox 429 915 1851 1487">
     <span class='ocr_line' id='line_1_9' title="bbox 430 915 1850 964; baseline -0.003 -10"><span class='ocrx_word' id='word_1_74' title='bbox 430 919 453 954; x_wconf 88' lang='lat'>3</span> <span class='ocrx_word' id='word_1_75' title='bbox 480 922 568 964; x_wconf 81' lang='lat' dir='ltr'><strong>post</strong></span> <span class='ocrx_word' id='word_1_76' title='bbox 594 923 715 964; x_wconf 81' lang='grc' dir='ltr'><em>γραφῇ</em></span> <span class='ocrx_word' id='word_1_77' title='bbox 741 917 831 952; x_wconf 83' lang='lat' dir='ltr'><strong>add.</strong></span> <span class='ocrx_word' id='word_1_78' title='bbox 857 917 931 952; x_wconf 83' lang='grc' dir='ltr'><em>νυνὶ</em></span> <span class='ocrx_word' id='word_1_79' title='bbox 959 917 1068 962; x_wconf 87' lang='lat' dir='ltr'><em>pr,</em></span> <span class='ocrx_word' id='word_1_80' title='bbox 1097 919 1186 962; x_wconf 79' lang='lat' dir='ltr'>post</span> <span class='ocrx_word' id='word_1_81' title='bbox 1211 917 1371 951; x_wconf 80' lang='grc' dir='ltr'><em>λείποντα</em></span> <span class='ocrx_word' id='word_1_82' title='bbox 1396 916 1487 951; x_wconf 84' lang='lat' dir='ltr'><strong>add.</strong></span> <span class='ocrx_word' id='word_1_83' title='bbox 1513 921 1576 951; x_wconf 82' lang='grc' dir='ltr'><em>νῦν</em></span> <span class='ocrx_word' id='word_1_84' title='bbox 1602 915 1631 952; x_wconf 86' lang='lat' dir='ltr'>C</span> <span class='ocrx_word' id='word_1_85' title='bbox 1739 915 1763 950; x_wconf 83' lang='lat'>4</span> <span class='ocrx_word' id='word_1_86' title='bbox 1788 915 1850 951; x_wconf 81' lang='grc' dir='ltr'><em>οὗν</em></span> 
     </span>
     <span class='ocr_line' id='line_1_10' title="bbox 432 963 1846 1011; baseline -0.002 -10"><span class='ocrx_word' id='word_1_87' title='bbox 432 978 505 1002; x_wconf 88' lang='lat' dir='ltr'><em>om.</em></span> <span class='ocrx_word' id='word_1_88' title='bbox 522 967 552 1000; x_wconf 91' lang='lat' dir='ltr'><strong>B</strong></span> <span class='ocrx_word' id='word_1_89' title='bbox 649 966 818 1011; x_wconf 87' lang='grc' dir='ltr'><em>νοήσιμον</em></span> <span class='ocrx_word' id='word_1_90' title='bbox 843 965 874 1000; x_wconf 89' lang='grc' dir='ltr'>Ε</span> <span class='ocrx_word' id='word_1_91' title='bbox 970 964 1050 1009; x_wconf 90' lang='grc' dir='ltr'><em>τισι]</em></span> <span class='ocrx_word' id='word_1_92' title='bbox 1076 979 1104 999; x_wconf 89' lang='grc' dir='ltr'><em>τι</em></span> <span class='ocrx_word' id='word_1_93' title='bbox 1130 964 1199 999; x_wconf 86' lang='lat' dir='ltr'><em>BD</em></span> <span class='ocrx_word' id='word_1_94' title='bbox 1297 965 1319 999; x_wconf 80' lang='lat'>5</span> <span class='ocrx_word' id='word_1_95' title='bbox 1346 963 1391 998; x_wconf 88' lang='grc' dir='ltr'><em>δι’</em></span> <span class='ocrx_word' id='word_1_96' title='bbox 1414 965 1522 1009; x_wconf 87' lang='grc' dir='ltr'><em>οὗπερ</em></span> <span class='ocrx_word' id='word_1_97' title='bbox 1549 964 1647 1009; x_wconf 88' lang='lat' dir='ltr'><strong>pr</strong></span> <span class='ocrx_word' id='word_1_98' title='bbox 1743 963 1846 1008; x_wconf 84' lang='grc' dir='ltr'><em>ἅπαν]</em></span> 
     </span>
     <span class='ocr_line' id='line_1_11' title="bbox 430 1012 1849 1058; baseline -0.002 -9"><span class='ocrx_word' id='word_1_99' title='bbox 430 1015 472 1049; x_wconf 82' lang='grc' dir='ltr'><em>ἂν</em></span> <span class='ocrx_word' id='word_1_100' title='bbox 498 1014 533 1048; x_wconf 95' lang='lat' dir='ltr'>D</span> <span class='ocrx_word' id='word_1_101' title='bbox 657 1013 688 1048; x_wconf 79' lang='grc' dir='ltr'><em>δ’</em></span> <span class='ocrx_word' id='word_1_102' title='bbox 714 1013 811 1058; x_wconf 86' lang='lat' dir='ltr'>pr</span> <span class='ocrx_word' id='word_1_103' title='bbox 945 1013 966 1048; x_wconf 90' lang='lat'><strong>6</strong></span> <span class='ocrx_word' id='word_1_104' title='bbox 992 1013 1140 1047; x_wconf 80' lang='grc' dir='ltr'><em>ἐπανίτω</em></span> <span class='ocrx_word' id='word_1_105' title='bbox 1166 1012 1264 1057; x_wconf 86' lang='lat' dir='ltr'>pr</span> <span class='ocrx_word' id='word_1_106' title='bbox 1398 1012 1419 1047; x_wconf 84' lang='lat'><strong>7</strong></span> <span class='ocrx_word' id='word_1_107' title='bbox 1445 1012 1493 1046; x_wconf 90' lang='lat' dir='ltr'><em>In</em></span> <span class='ocrx_word' id='word_1_108' title='bbox 1517 1012 1596 1046; x_wconf 84' lang='lat' dir='ltr'><em>fine</em></span> <span class='ocrx_word' id='word_1_109' title='bbox 1622 1012 1849 1057; x_wconf 76' lang='lat' dir='ltr'>subscripta</span> 
     </span>
     <span class='ocr_line' id='line_1_12' title="bbox 431 1058 1849 1106; baseline -0.001 -10"><span class='ocrx_word' id='word_1_110' title='bbox 431 1062 553 1096; x_wconf 71' lang='lat' dir='ltr'>habet]</span> <span class='ocrx_word' id='word_1_111' title='bbox 579 1061 696 1096; x_wconf 50' lang='lat' dir='ltr'>haee:</span> <span class='ocrx_word' id='word_1_112' title='bbox 735 1060 923 1105; x_wconf 70' lang='grc' dir='ltr'><em>ἐτελειώθη</em></span> <span class='ocrx_word' id='word_1_113' title='bbox 949 1060 986 1094; x_wconf 88' lang='grc' dir='ltr'><em>τὸ</em></span> <span class='ocrx_word' id='word_1_114' title='bbox 1012 1060 1125 1103; x_wconf 86' lang='grc' dir='ltr'><em>παρὸν</em></span> <span class='ocrx_word' id='word_1_115' title='bbox 1149 1060 1285 1105; x_wconf 85' lang='grc' dir='ltr'><em>βιβλίον</em></span> <span class='ocrx_word' id='word_1_116' title='bbox 1313 1058 1369 1094; x_wconf 87' lang='grc' dir='ltr'><em>διὰ</em></span> <span class='ocrx_word' id='word_1_117' title='bbox 1394 1059 1511 1106; x_wconf 88' lang='grc' dir='ltr'><em>χειρὸς</em></span> <span class='ocrx_word' id='word_1_118' title='bbox 1543 1059 1630 1104; x_wconf 78' lang='grc' dir='ltr'><em>ἐμοῦ</em></span> <span class='ocrx_word' id='word_1_119' title='bbox 1656 1063 1716 1094; x_wconf 84' lang='grc' dir='ltr'><em>τοῦ</em></span> <span class='ocrx_word' id='word_1_120' title='bbox 1739 1059 1849 1104; x_wconf 85' lang='grc' dir='ltr'><em>ἆμαρ-</em></span> 
     </span>
     <span class='ocr_line' id='line_1_13' title="bbox 430 1107 1849 1153; baseline -0.002 -9"><span class='ocrx_word' id='word_1_121' title='bbox 430 1110 544 1144; x_wconf 85' lang='grc' dir='ltr'><em>τωλοῦ</em></span> <span class='ocrx_word' id='word_1_122' title='bbox 566 1110 571 1152; x_wconf 78' lang='grc' dir='ltr'>Ι</span> <span class='ocrx_word' id='word_1_123' title='bbox 593 1110 681 1153; x_wconf 88' lang='grc' dir='ltr'><em>τάχα</em></span> <span class='ocrx_word' id='word_1_124' title='bbox 707 1109 766 1143; x_wconf 85' lang='grc' dir='ltr'><em>καὶ</em></span> <span class='ocrx_word' id='word_1_125' title='bbox 796 1114 953 1153; x_wconf 85' lang='grc' dir='ltr'><em>μοναχοῦ</em></span> <span class='ocrx_word' id='word_1_126' title='bbox 983 1109 1125 1152; x_wconf 80' lang='grc' dir='ltr'><em>μωκίου</em></span> <span class='ocrx_word' id='word_1_127' title='bbox 1157 1112 1217 1142; x_wconf 82' lang='grc' dir='ltr'><em>τοῦ</em></span> <span class='ocrx_word' id='word_1_128' title='bbox 1249 1107 1408 1152; x_wconf 73' lang='grc' dir='ltr'><em>ταράνηε</em></span> <span class='ocrx_word' id='word_1_129' title='bbox 1429 1122 1477 1134; x_wconf 53' lang='grc' dir='ltr'><em>’ν</em></span> <span class='ocrx_word' id='word_1_130' title='bbox 1505 1113 1534 1143; x_wconf 67' lang='lat'><em>⁴-</em></span> <span class='ocrx_word' id='word_1_131' title='bbox 1559 1107 1644 1151; x_wconf 81' lang='grc' dir='ltr'><em>μηνὶ</em></span> <span class='ocrx_word' id='word_1_132' title='bbox 1668 1107 1779 1153; x_wconf 63' lang='grc' dir='ltr'><em>απριλξ</em></span> <span class='ocrx_word' id='word_1_133' title='bbox 1784 1107 1849 1142; x_wconf 87' lang='grc' dir='ltr'><em>λίω</em></span> 
     </span>
     <span class='ocr_line' id='line_1_14' title="bbox 430 1154 1851 1201; baseline -0.001 -10"><span class='ocrx_word' id='word_1_134' title='bbox 430 1157 739 1201; x_wconf 84' lang='grc' dir='ltr'><em>πεντεκαιδεκάτη,</em></span> <span class='ocrx_word' id='word_1_135' title='bbox 764 1156 877 1201; x_wconf 80' lang='grc' dir='ltr'><em>ἡμέρα</em></span> <span class='ocrx_word' id='word_1_136' title='bbox 896 1157 937 1199; x_wconf 85' lang='grc' dir='ltr'><em>ς’,</em></span> <span class='ocrx_word' id='word_1_137' title='bbox 965 1155 1029 1190; x_wconf 84' lang='grc' dir='ltr'><em>ἵνδ.</em></span> <span class='ocrx_word' id='word_1_138' title='bbox 1049 1158 1081 1199; x_wconf 83' lang='grc' dir='ltr'><em>ἇ,</em></span> <span class='ocrx_word' id='word_1_139' title='bbox 1108 1156 1205 1194; x_wconf 85' lang='grc' dir='ltr'><em>ἔτους</em></span> <span class='ocrx_word' id='word_1_140' title='bbox 1225 1156 1370 1200; x_wconf 70' lang='grc' dir='ltr'><em>ςψίὶζ.</em></span> <span class='ocrx_word' id='word_1_141' title='bbox 1362 1168 1369 1175; x_wconf 95' lang='grc'><em>·</em></span> <span class='ocrx_word' id='word_1_142' title='bbox 1386 1169 1436 1182; x_wconf 55' lang='grc' dir='ltr'><em>’ν</em></span> <span class='ocrx_word' id='word_1_143' title='bbox 1459 1168 1462 1199; x_wconf 67' lang='lat'>1</span> <span class='ocrx_word' id='word_1_144' title='bbox 1483 1156 1569 1195; x_wconf 84' lang='grc' dir='ltr'><em>δόξα</em></span> <span class='ocrx_word' id='word_1_145' title='bbox 1587 1168 1640 1189; x_wconf 92' lang='grc' dir='ltr'><em>σοι</em></span> <span class='ocrx_word' id='word_1_146' title='bbox 1657 1154 1736 1200; x_wconf 82' lang='grc' dir='ltr'><em>ἁγία</em></span> <span class='ocrx_word' id='word_1_147' title='bbox 1750 1154 1851 1199; x_wconf 86' lang='grc' dir='ltr'><em>τριὰσ</em></span> 
     </span>
     <span class='ocr_line' id='line_1_15' title="bbox 429 1202 1851 1248; baseline -0.001 -8.997"><span class='ocrx_word' id='word_1_148' title='bbox 429 1205 570 1239; x_wconf 84' lang='grc' dir='ltr'><em>πάντων</em></span> <span class='ocrx_word' id='word_1_149' title='bbox 596 1205 698 1239; x_wconf 82' lang='grc' dir='ltr'><em>ἕνεκα</em></span> <span class='ocrx_word' id='word_1_150' title='bbox 724 1216 796 1239; x_wconf 53' lang='lat' dir='ltr'><em>:m</em></span> <span class='ocrx_word' id='word_1_151' title='bbox 825 1204 870 1247; x_wconf 89' lang='lat' dir='ltr'><em>A,</em></span> <span class='ocrx_word' id='word_1_152' title='bbox 904 1203 1050 1248; x_wconf 78' lang='grc' dir='ltr'><em>ἑγράῳει</em></span> <span class='ocrx_word' id='word_1_153' title='bbox 1076 1203 1136 1237; x_wconf 85' lang='grc' dir='ltr'><em>καὶ</em></span> <span class='ocrx_word' id='word_1_154' title='bbox 1162 1208 1261 1238; x_wconf 84' lang='grc' dir='ltr'><em>τοῦτο</em></span> <span class='ocrx_word' id='word_1_155' title='bbox 1285 1203 1383 1248; x_wconf 81' lang='grc' dir='ltr'><em>χερσὶ</em></span> <span class='ocrx_word' id='word_1_156' title='bbox 1406 1202 1685 1247; x_wconf 78' lang='grc' dir='ltr'><em>μεμολυσμέναις</em></span> <span class='ocrx_word' id='word_1_157' title='bbox 1707 1203 1748 1236; x_wconf 80' lang='grc' dir='ltr'><em>ἐκ</em></span> <span class='ocrx_word' id='word_1_158' title='bbox 1770 1203 1851 1237; x_wconf 85' lang='grc' dir='ltr'><em>πολ-</em></span> 
     </span>
     <span class='ocr_line' id='line_1_16' title="bbox 429 1250 1850 1296; baseline -0.001 -9"><span class='ocrx_word' id='word_1_159' title='bbox 429 1253 499 1287; x_wconf 81' lang='grc' dir='ltr'><em>λῶν</em></span> <span class='ocrx_word' id='word_1_160' title='bbox 525 1253 706 1296; x_wconf 78' lang='grc' dir='ltr'><em>ἁμαρτιῶν</em></span> <span class='ocrx_word' id='word_1_161' title='bbox 731 1256 792 1286; x_wconf 83' lang='grc' dir='ltr'><em>τοῦ</em></span> <span class='ocrx_word' id='word_1_162' title='bbox 819 1254 981 1294; x_wconf 79' lang='lat' dir='ltr'>(nomen</span> <span class='ocrx_word' id='word_1_163' title='bbox 1008 1262 1058 1286; x_wconf 77' lang='lat' dir='ltr'><em>ev</em></span> <span class='ocrx_word' id='word_1_164' title='bbox 1061 1252 1191 1296; x_wconf 83' lang='lat' dir='ltr'>anuit3</span> <span class='ocrx_word' id='word_1_165' title='bbox 1225 1253 1387 1285; x_wconf 82' lang='lat' dir='ltr'>exstant</span> <span class='ocrx_word' id='word_1_166' title='bbox 1419 1254 1554 1285; x_wconf 75' lang='lat' dir='ltr'><strong>autem</strong></span> <span class='ocrx_word' id='word_1_167' title='bbox 1586 1250 1760 1296; x_wconf 80' lang='lat' dir='ltr'>vestigia</span> <span class='ocrx_word' id='word_1_168' title='bbox 1794 1251 1850 1285; x_wconf 80' lang='lat' dir='ltr'>lit-</span> 
     </span>
     <span class='ocr_line' id='line_1_17' title="bbox 432 1298 1851 1357; baseline -0.002 -22"><span class='ocrx_word' id='word_1_169' title='bbox 432 1304 608 1335; x_wconf 77' lang='lat' dir='ltr'>telarum</span> <span class='ocrx_word' id='word_1_170' title='bbox 636 1301 704 1334; x_wconf 84' lang='grc' dir='ltr'><em>ἰω.</em></span> <span class='ocrx_word' id='word_1_171' title='bbox 719 1300 755 1343; x_wconf 88' lang='grc' dir='ltr'><em>α)</em></span> <span class='ocrx_word' id='word_1_172' title='bbox 781 1298 824 1344; x_wconf 84' lang='lat' dir='ltr'><em>B,</em></span> <span class='ocrx_word' id='word_1_173' title='bbox 862 1313 922 1334; x_wconf 85' lang='grc' dir='ltr'><em>και</em></span> <span class='ocrx_word' id='word_1_174' title='bbox 948 1300 1075 1357; x_wconf 79' lang='grc' dir='ltr'><em>ταύτην</em></span> <span class='ocrx_word' id='word_1_175' title='bbox 1103 1299 1165 1344; x_wconf 84' lang='grc' dir='ltr'><em>τὴν</em></span> <span class='ocrx_word' id='word_1_176' title='bbox 1188 1299 1311 1344; x_wconf 84' lang='grc' dir='ltr'><em>βίβλον</em></span> <span class='ocrx_word' id='word_1_177' title='bbox 1336 1299 1588 1357; x_wconf 53' lang='lat' dir='ltr'><em>Emtavo‘vfiiog</em></span> <span class='ocrx_word' id='word_1_178' title='bbox 1604 1298 1806 1344; x_wconf 80' lang='grc' dir='ltr'><em>ὄμβαιβενὶς</em></span> <span class='ocrx_word' id='word_1_179' title='bbox 1830 1299 1851 1332; x_wconf 82' lang='grc' dir='ltr'>ὁ</span> 
     </span>
     <span class='ocr_line' id='line_1_18' title="bbox 430 1345 1849 1393; baseline -0.001 -11"><span class='ocrx_word' id='word_1_180' title='bbox 430 1348 470 1382; x_wconf 75' lang='grc' dir='ltr'><em>ἐκ</em></span> <span class='ocrx_word' id='word_1_181' title='bbox 494 1348 732 1410; x_wconf 48' lang='lat' dir='ltr'><em>,u&#39;ov&#39;qussaocag</em></span> <span class='ocrx_word' id='word_1_182' title='bbox 757 1346 938 1392; x_wconf 76' lang='grc' dir='ltr'><em>ἕξέγραψε,</em></span> <span class='ocrx_word' id='word_1_183' title='bbox 964 1346 1052 1391; x_wconf 86' lang='grc' dir='ltr'><em>μετὰ</em></span> <span class='ocrx_word' id='word_1_184' title='bbox 1077 1346 1138 1391; x_wconf 83' lang='grc' dir='ltr'><em>τὴν</em></span> <span class='ocrx_word' id='word_1_185' title='bbox 1162 1346 1357 1390; x_wconf 85' lang='grc' dir='ltr'><em>παράδοσιν</em></span> <span class='ocrx_word' id='word_1_186' title='bbox 1382 1351 1441 1391; x_wconf 86' lang='grc' dir='ltr'><em>τῆς</em></span> <span class='ocrx_word' id='word_1_187' title='bbox 1464 1346 1588 1381; x_wconf 84' lang='grc' dir='ltr'><em>ἑαυτοῦ</em></span> <span class='ocrx_word' id='word_1_188' title='bbox 1612 1347 1778 1390; x_wconf 82' lang='grc' dir='ltr'><em>πατρίδος</em></span> <span class='ocrx_word' id='word_1_189' title='bbox 1802 1345 1849 1390; x_wconf 84' lang='lat' dir='ltr'><em>D,</em></span> 
     </span>
     <span class='ocr_line' id='line_1_19' title="bbox 431 1393 1849 1440; baseline 0 -11"><span class='ocrx_word' id='word_1_190' title='bbox 431 1394 529 1440; x_wconf 66' lang='grc' dir='ltr'><em>*ἕρμ’</em></span> <span class='ocrx_word' id='word_1_191' title='bbox 556 1396 699 1440; x_wconf 83' lang='grc' dir='ltr'><em>ἤλειφεν</em></span> <span class='ocrx_word' id='word_1_192' title='bbox 730 1394 795 1429; x_wconf 84' lang='grc' dir='ltr'><em>ὡδὶ</em></span> <span class='ocrx_word' id='word_1_193' title='bbox 828 1396 1008 1439; x_wconf 81' lang='grc' dir='ltr'><em>ὃευτεραιη</em></span> <span class='ocrx_word' id='word_1_194' title='bbox 1040 1393 1164 1432; x_wconf 85' lang='grc' dir='ltr'><em>πικτὺς</em></span> <span class='ocrx_word' id='word_1_195' title='bbox 1196 1393 1372 1439; x_wconf 76' lang='grc' dir='ltr'><em>ζωναρὰε</em></span> <span class='ocrx_word' id='word_1_196' title='bbox 1386 1395 1536 1435; x_wconf 54' lang='grc' dir='ltr'><em>*Ἠτόξαν</em></span> <span class='ocrx_word' id='word_1_197' title='bbox 1562 1398 1621 1428; x_wconf 86' lang='grc' dir='ltr'><em>τοῦ</em></span> <span class='ocrx_word' id='word_1_198' title='bbox 1652 1394 1849 1439; x_wconf 82' lang='grc' dir='ltr'><em>παμμέδον-</em></span> 
     </span>
     <span class='ocr_line' id='line_1_20' title="bbox 431 1443 875 1487; baseline -0.002 -9"><span class='ocrx_word' id='word_1_199' title='bbox 431 1457 486 1482; x_wconf 89' lang='grc' dir='ltr'><em>τος</em></span> <span class='ocrx_word' id='word_1_200' title='bbox 509 1444 514 1487; x_wconf 86' lang='grc' dir='ltr'>Ι</span> <span class='ocrx_word' id='word_1_201' title='bbox 536 1443 600 1478; x_wconf 84' lang='grc' dir='ltr'><em>υἱέι</em></span> <span class='ocrx_word' id='word_1_202' title='bbox 626 1443 757 1487; x_wconf 82' lang='grc' dir='ltr'><em>νέμω;</em></span> <span class='ocrx_word' id='word_1_203' title='bbox 775 1443 814 1484; x_wconf 56' lang='grc'><em>«1-</em></span> <span class='ocrx_word' id='word_1_204' title='bbox 844 1443 875 1477; x_wconf 84' lang='lat' dir='ltr'>E</span> 
     </span>
    </p>
   </div>
   <div class='ocr_carea' id='block_1_4' title="bbox 301 1562 1854 1846">
    <p class='ocr_par' dir='ltr' id='par_1_5' title="bbox 302 1562 1851 1655">
     <span class='ocr_line' id='line_1_21' title="bbox 302 1562 1850 1599; baseline -0.001 0"><span class='ocrx_word' id='word_1_205' title='bbox 302 1564 348 1599; x_wconf 80' lang='lat'><em>29</em></span> <span class='ocrx_word' id='word_1_206' title='bbox 480 1562 555 1597; x_wconf 84' lang='lat' dir='ltr'><em>Hic</em></span> <span class='ocrx_word' id='word_1_207' title='bbox 593 1562 794 1598; x_wconf 80' lang='lat' dir='ltr'>scribendi</span> <span class='ocrx_word' id='word_1_208' title='bbox 831 1563 950 1598; x_wconf 82' lang='lat' dir='ltr'>finem</span> <span class='ocrx_word' id='word_1_209' title='bbox 989 1562 1134 1596; x_wconf 79' lang='lat' dir='ltr'>faciam</span> <span class='ocrx_word' id='word_1_210' title='bbox 1172 1565 1211 1597; x_wconf 81' lang='lat' dir='ltr'><em>et</em></span> <span class='ocrx_word' id='word_1_211' title='bbox 1243 1562 1433 1597; x_wconf 83' lang='lat' dir='ltr'>historiae</span> <span class='ocrx_word' id='word_1_212' title='bbox 1467 1571 1627 1597; x_wconf 79' lang='lat' dir='ltr'>eulsum</span> <span class='ocrx_word' id='word_1_213' title='bbox 1660 1562 1850 1597; x_wconf 85' lang='lat' dir='ltr'><strong>inhibebo</strong></span> 
     </span>
     <span class='ocr_line' id='line_1_22' title="bbox 362 1609 1851 1655; baseline 0 -11"><span class='ocrx_word' id='word_1_214' title='bbox 362 1610 483 1655; x_wconf 75' lang='lat' dir='ltr'>long-e</span> <span class='ocrx_word' id='word_1_215' title='bbox 510 1620 787 1655; x_wconf 72' lang='lat' dir='ltr'>progiessum3</span> <span class='ocrx_word' id='word_1_216' title='bbox 824 1621 917 1645; x_wconf 85' lang='lat' dir='ltr'><em>nam</em></span> <span class='ocrx_word' id='word_1_217' title='bbox 949 1620 997 1645; x_wconf 78' lang='lat' dir='ltr'><em>ea</em></span> <span class='ocrx_word' id='word_1_218' title='bbox 1022 1609 1216 1644; x_wconf 81' lang='lat' dir='ltr'>mandare</span> <span class='ocrx_word' id='word_1_219' title='bbox 1242 1609 1382 1644; x_wconf 82' lang='lat' dir='ltr'>litteris</span> <span class='ocrx_word' id='word_1_220' title='bbox 1408 1620 1513 1654; x_wconf 81' lang='lat' dir='ltr'>quae</span> <span class='ocrx_word' id='word_1_221' title='bbox 1538 1613 1693 1644; x_wconf 76' lang='lat' dir='ltr'><strong>restant</strong></span> <span class='ocrx_word' id='word_1_222' title='bbox 1718 1620 1851 1654; x_wconf 80' lang='lat' dir='ltr'>neque</span> 
     </span>
    </p>

    <p class='ocr_par' dir='ltr' id='par_1_6' title="bbox 301 1656 1854 1846">
     <span class='ocr_line' id='line_1_23' title="bbox 301 1656 1852 1703; baseline -0.001 -10"><span class='ocrx_word' id='word_1_223' title='bbox 301 1661 349 1696; x_wconf 90' lang='lat'><em>30</em></span> <span class='ocrx_word' id='word_1_224' title='bbox 361 1658 459 1693; x_wconf 82' lang='lat' dir='ltr'>utile</span> <span class='ocrx_word' id='word_1_225' title='bbox 496 1668 630 1702; x_wconf 80' lang='lat' dir='ltr'>neque</span> <span class='ocrx_word' id='word_1_226' title='bbox 660 1658 943 1703; x_wconf 82' lang='lat' dir='ltr'>tempestivum</span> <span class='ocrx_word' id='word_1_227' title='bbox 974 1657 1165 1692; x_wconf 81' lang='lat' dir='ltr'>iudicavi.</span> <span class='ocrx_word' id='word_1_228' title='bbox 1215 1656 1331 1698; x_wconf 82' lang='lat' dir='ltr'>Quod</span> <span class='ocrx_word' id='word_1_229' title='bbox 1365 1668 1465 1702; x_wconf 84' lang='lat' dir='ltr'>opus</span> <span class='ocrx_word' id='word_1_230' title='bbox 1497 1657 1529 1692; x_wconf 82' lang='lat' dir='ltr'><em>si</em></span> <span class='ocrx_word' id='word_1_231' title='bbox 1558 1658 1622 1692; x_wconf 83' lang='lat' dir='ltr'><em>cui</em></span> <span class='ocrx_word' id='word_1_232' title='bbox 1648 1657 1852 1692; x_wconf 82' lang='lat' dir='ltr'>videbitur</span> 
     </span>
     <span class='ocr_line' id='line_1_24' title="bbox 361 1705 1853 1750; baseline 0 -11"><span class='ocrx_word' id='word_1_233' title='bbox 361 1706 471 1749; x_wconf 79' lang='lat' dir='ltr'>utile,</span> <span class='ocrx_word' id='word_1_234' title='bbox 497 1706 631 1750; x_wconf 77' lang='lat' dir='ltr'>gratia</span> <span class='ocrx_word' id='word_1_235' title='bbox 657 1706 707 1740; x_wconf 84' lang='lat' dir='ltr'><em>sit</em></span> <span class='ocrx_word' id='word_1_236' title='bbox 733 1705 820 1749; x_wconf 83' lang='lat' dir='ltr'><strong>deo,</strong></span> <span class='ocrx_word' id='word_1_237' title='bbox 853 1715 877 1740; x_wconf 86' lang='lat' dir='ltr'><strong>a</strong></span> <span class='ocrx_word' id='word_1_238' title='bbox 904 1715 983 1750; x_wconf 91' lang='lat' dir='ltr'><em>quo</em></span> <span class='ocrx_word' id='word_1_239' title='bbox 1010 1705 1118 1739; x_wconf 79' lang='lat' dir='ltr'>bona</span> <span class='ocrx_word' id='word_1_240' title='bbox 1145 1705 1278 1739; x_wconf 85' lang='lat' dir='ltr'>omnia</span> <span class='ocrx_word' id='word_1_241' title='bbox 1305 1705 1590 1749; x_wconf 80' lang='lat' dir='ltr'>conficiuntur3</span> <span class='ocrx_word' id='word_1_242' title='bbox 1630 1706 1690 1740; x_wconf 83' lang='lat' dir='ltr'><em>sin</em></span> <span class='ocrx_word' id='word_1_243' title='bbox 1717 1715 1853 1750; x_wconf 69' lang='lat' dir='ltr'><strong>supet·-</strong></span> 
     </span>
     <span class='ocr_line' id='line_1_25' title="bbox 362 1753 1854 1798; baseline 0.001 -11"><span class='ocrx_word' id='word_1_244' title='bbox 362 1763 602 1796; x_wconf 81' lang='lat' dir='ltr'>vacaneum,</span> <span class='ocrx_word' id='word_1_245' title='bbox 641 1756 778 1788; x_wconf 83' lang='lat' dir='ltr'>nostra</span> <span class='ocrx_word' id='word_1_246' title='bbox 817 1753 937 1798; x_wconf 83' lang='lat' dir='ltr'>eulpa</span> <span class='ocrx_word' id='word_1_247' title='bbox 975 1753 1041 1787; x_wconf 88' lang='lat' dir='ltr'>illa</span> <span class='ocrx_word' id='word_1_248' title='bbox 1073 1753 1195 1788; x_wconf 80' lang='lat' dir='ltr'>fuerit</span> <span class='ocrx_word' id='word_1_249' title='bbox 1227 1756 1266 1787; x_wconf 79' lang='lat' dir='ltr'><em>et</em></span> <span class='ocrx_word' id='word_1_250' title='bbox 1299 1753 1350 1787; x_wconf 80' lang='lat' dir='ltr'><em>ad</em></span> <span class='ocrx_word' id='word_1_251' title='bbox 1385 1763 1448 1787; x_wconf 80' lang='lat' dir='ltr'><em>me</em></span> <span class='ocrx_word' id='word_1_252' title='bbox 1481 1756 1686 1788; x_wconf 81' lang='lat' dir='ltr'>auctorem</span> <span class='ocrx_word' id='word_1_253' title='bbox 1713 1753 1854 1788; x_wconf 72' lang='lat' dir='ltr'><strong>redeat</strong></span> 
     </span>
     <span class='ocr_line' id='line_1_26' title="bbox 361 1801 1247 1846; baseline 0 -11"><span class='ocrx_word' id='word_1_254' title='bbox 361 1801 479 1846; x_wconf 81' lang='lat' dir='ltr'><strong>fetus,</strong></span> <span class='ocrx_word' id='word_1_255' title='bbox 506 1801 622 1836; x_wconf 83' lang='lat' dir='ltr'>euius</span> <span class='ocrx_word' id='word_1_256' title='bbox 646 1801 879 1836; x_wconf 82' lang='lat' dir='ltr'>memoriam</span> <span class='ocrx_word' id='word_1_257' title='bbox 906 1801 1085 1835; x_wconf 78' lang='lat' dir='ltr'>excitare</span> <span class='ocrx_word' id='word_1_258' title='bbox 1113 1803 1247 1845; x_wconf 81' lang='lat' dir='ltr'><strong>queat.</strong></span> 
     </span>
    </p>
   </div>
  </div>
 </body>
</html>
