<?xml version="1.0" encoding="UTF-8"?>
<!DOCTYPE html PUBLIC "-//W3C//DTD XHTML 1.0 Transitional//EN"
    "http://www.w3.org/TR/xhtml1/DTD/xhtml1-transitional.dtd">
<html xmlns="http://www.w3.org/1999/xhtml" xml:lang="en" lang="en">
 <head>
  <title>
</title>
<meta http-equiv="Content-Type" content="text/html;charset=utf-8" />
  <meta name='ocr-system' content='tesseract 3.04.00' />
  <meta name='ocr-capabilities' content='ocr_page ocr_carea ocr_par ocr_line ocrx_word'/>
</head>
<body>
  <div class='ocr_page' id='page_1' title='image "./corpusscriptorum31niebuoft_0851.png"; bbox 0 0 2020 3230; ppageno 0'>
   <div class='ocr_carea' id='block_1_1' title="bbox 161 429 880 2726">
    <p class='ocr_par' dir='ltr' id='par_1_1' title="bbox 161 429 880 2726">
     <span class='ocr_line' id='line_1_1' title="bbox 209 429 876 475; baseline -0.001 -11"><span class='ocrx_word' id='word_1_1' title='bbox 209 429 347 475; x_wconf 88' lang='lat' dir='ltr'><strong>ptione</strong></span> <span class='ocrx_word' id='word_1_2' title='bbox 401 429 651 464; x_wconf 86' lang='lat' dir='ltr'><strong>memorabili</strong></span> <span class='ocrx_word' id='word_1_3' title='bbox 708 429 876 465; x_wconf 81' lang='lat' dir='ltr'><strong>invent-a</strong></span> 
     </span>
     <span class='ocr_line' id='line_1_2' title="bbox 207 475 876 523; baseline 0 -11"><span class='ocrx_word' id='word_1_4' title='bbox 207 476 289 521; x_wconf 90' lang='lat'><strong>286,</strong></span> <span class='ocrx_word' id='word_1_5' title='bbox 298 476 330 511; x_wconf 87' lang='lat'><strong>1.</strong></span> <span class='ocrx_word' id='word_1_6' title='bbox 357 475 488 512; x_wconf 85' lang='lat' dir='ltr'><strong>Caroli</strong></span> <span class='ocrx_word' id='word_1_7' title='bbox 499 475 637 522; x_wconf 85' lang='lat' dir='ltr'>Magni</span> <span class='ocrx_word' id='word_1_8' title='bbox 649 476 730 512; x_wconf 87' lang='lat' dir='ltr'><strong>filia</strong></span> <span class='ocrx_word' id='word_1_9' title='bbox 739 478 876 523; x_wconf 82' lang='lat' dir='ltr'><strong>spreta</strong></span> 
     </span>
     <span class='ocr_line' id='line_1_3' title="bbox 207 523 874 562; baseline 0.001 -2"><span class='ocrx_word' id='word_1_10' title='bbox 207 523 400 560; x_wconf 87' lang='lat' dir='ltr'><strong>Philareti</strong></span> <span class='ocrx_word' id='word_1_11' title='bbox 447 523 568 559; x_wconf 86' lang='lat' dir='ltr'><strong>filiam</strong></span> <span class='ocrx_word' id='word_1_12' title='bbox 611 523 874 562; x_wconf 87' lang='lat' dir='ltr'><strong>Constantino</strong></span> 
     </span>
     <span class='ocr_line' id='line_1_4' title="bbox 209 571 876 619; baseline 0.003 -12"><span class='ocrx_word' id='word_1_13' title='bbox 209 582 381 608; x_wconf 83' lang='lat' dir='ltr'><strong>uxorem</strong></span> <span class='ocrx_word' id='word_1_14' title='bbox 413 571 482 607; x_wconf 88' lang='lat' dir='ltr'><strong>dat</strong></span> <span class='ocrx_word' id='word_1_15' title='bbox 507 572 731 616; x_wconf 85' lang='lat'><strong>286,6-15.</strong></span> <span class='ocrx_word' id='word_1_16' title='bbox 768 575 876 619; x_wconf 86' lang='lat' dir='ltr'><strong>cogi-</strong></span> 
     </span>
     <span class='ocr_line' id='line_1_5' title="bbox 208 619 875 666; baseline 0.003 -11"><span class='ocrx_word' id='word_1_17' title='bbox 208 623 274 655; x_wconf 89' lang='lat' dir='ltr'><strong>tur</strong></span> <span class='ocrx_word' id='word_1_18' title='bbox 298 629 440 666; x_wconf 83' lang='lat' dir='ltr'><strong>pacem</strong></span> <span class='ocrx_word' id='word_1_19' title='bbox 466 630 558 655; x_wconf 87' lang='lat' dir='ltr'><strong>cum</strong></span> <span class='ocrx_word' id='word_1_20' title='bbox 583 619 789 657; x_wconf 89' lang='lat' dir='ltr'><strong>Arabibus</strong></span> <span class='ocrx_word' id='word_1_21' title='bbox 819 623 875 657; x_wconf 87' lang='lat' dir='ltr'><strong>fa-</strong></span> 
     </span>
     <span class='ocr_line' id='line_1_6' title="bbox 209 666 876 715; baseline 0.003 -12"><span class='ocrx_word' id='word_1_22' title='bbox 209 677 302 704; x_wconf 88' lang='lat' dir='ltr'><strong>cere</strong></span> <span class='ocrx_word' id='word_1_23' title='bbox 333 666 414 712; x_wconf 89' lang='lat'><strong>286,</strong></span> <span class='ocrx_word' id='word_1_24' title='bbox 431 667 605 712; x_wconf 87' lang='lat'><strong>16—287,</strong></span> <span class='ocrx_word' id='word_1_25' title='bbox 619 668 652 704; x_wconf 91' lang='lat'><strong>9.</strong></span> <span class='ocrx_word' id='word_1_26' title='bbox 692 669 780 704; x_wconf 89' lang='lat' dir='ltr'><strong>eius</strong></span> <span class='ocrx_word' id='word_1_27' title='bbox 805 680 876 715; x_wconf 89' lang='lat' dir='ltr'><strong>pu-</strong></span> 
     </span>
     <span class='ocr_line' id='line_1_7' title="bbox 206 715 875 802; baseline 0.004 -3"><span class='ocrx_word' id='word_1_28' title='bbox 206 725 316 799; x_wconf 60' lang='grc' dir='ltr'><strong>ἑξὛ</strong></span> <span class='ocrx_word' id='word_1_29' title='bbox 334 715 875 802; x_wconf 57' lang='grc' dir='ltr'><strong>ἓξῗιὲ“ἓέ3ἑΐ.ἕ8ἒ1ᾒ“ἓῗῗό</strong></span> 
     </span>
     <span class='ocr_line' id='line_1_8' title="bbox 237 811 875 854; baseline 0.006 -8"><span class='ocrx_word' id='word_1_30' title='bbox 237 811 318 854; x_wconf 81' lang='lat' dir='ltr'><strong>etit,</strong></span> <span class='ocrx_word' id='word_1_31' title='bbox 347 813 395 846; x_wconf 92' lang='lat' dir='ltr'><strong>ut</strong></span> <span class='ocrx_word' id='word_1_32' title='bbox 418 811 471 846; x_wconf 88' lang='lat' dir='ltr'><strong>ad</strong></span> <span class='ocrx_word' id='word_1_33' title='bbox 498 812 708 848; x_wconf 85' lang='lat' dir='ltr'><strong>ecclesiam</strong></span> <span class='ocrx_word' id='word_1_34' title='bbox 734 813 875 850; x_wconf 88' lang='lat' dir='ltr'><strong>redeat</strong></span> 
     </span>
     <span class='ocr_line' id='line_1_9' title="bbox 208 858 874 903; baseline 0.006 -9"><span class='ocrx_word' id='word_1_35' title='bbox 208 858 288 903; x_wconf 65' lang='lat'><strong>-88,</strong></span> <span class='ocrx_word' id='word_1_36' title='bbox 304 858 360 894; x_wconf 90' lang='lat'><strong>10.</strong></span> <span class='ocrx_word' id='word_1_37' title='bbox 386 859 463 895; x_wconf 83' lang='lat' dir='ltr'><strong>sub</strong></span> <span class='ocrx_word' id='word_1_38' title='bbox 481 869 531 895; x_wconf 86' lang='lat' dir='ltr'><strong>ea</strong></span> <span class='ocrx_word' id='word_1_39' title='bbox 548 859 632 895; x_wconf 93' lang='lat' dir='ltr'><strong>VII.</strong></span> <span class='ocrx_word' id='word_1_40' title='bbox 661 861 874 898; x_wconf 87' lang='lat' dir='ltr'><strong>concilium</strong></span> 
     </span>
     <span class='ocr_line' id='line_1_10' title="bbox 206 905 874 954; baseline 0.004 -11"><span class='ocrx_word' id='word_1_41' title='bbox 206 905 382 943; x_wconf 80' lang='lat' dir='ltr'><strong>Nicaeae</strong></span> <span class='ocrx_word' id='word_1_42' title='bbox 415 906 597 943; x_wconf 86' lang='lat' dir='ltr'><strong>habitum</strong></span> <span class='ocrx_word' id='word_1_43' title='bbox 627 907 708 954; x_wconf 87' lang='lat'><strong>289,</strong></span> <span class='ocrx_word' id='word_1_44' title='bbox 722 909 874 954; x_wconf 85' lang='lat'><strong>9—290,</strong></span> 
     </span>
     <span class='ocr_line' id='line_1_11' title="bbox 209 953 875 1001; baseline 0.008 -12"><span class='ocrx_word' id='word_1_45' title='bbox 209 953 264 990; x_wconf 89' lang='lat'><strong>15.</strong></span> <span class='ocrx_word' id='word_1_46' title='bbox 304 965 329 990; x_wconf 89' lang='lat' dir='ltr'><strong>a</strong></span> <span class='ocrx_word' id='word_1_47' title='bbox 360 954 441 990; x_wconf 89' lang='lat' dir='ltr'><strong>filio</strong></span> <span class='ocrx_word' id='word_1_48' title='bbox 475 955 689 1001; x_wconf 89' lang='lat' dir='ltr'><strong>imperium</strong></span> <span class='ocrx_word' id='word_1_49' title='bbox 722 958 758 993; x_wconf 89' lang='lat' dir='ltr'><strong>ei</strong></span> <span class='ocrx_word' id='word_1_50' title='bbox 794 959 875 994; x_wconf 85' lang='lat' dir='ltr'><strong>adi-</strong></span> 
     </span>
     <span class='ocr_line' id='line_1_12' title="bbox 206 1002 876 1048; baseline 0.007 -11"><span class='ocrx_word' id='word_1_51' title='bbox 206 1002 328 1038; x_wconf 82' lang='lat' dir='ltr'><strong>mitur</strong></span> <span class='ocrx_word' id='word_1_52' title='bbox 353 1002 434 1047; x_wconf 87' lang='lat'><strong>290,</strong></span> <span class='ocrx_word' id='word_1_53' title='bbox 451 1003 695 1048; x_wconf 89' lang='grc'><strong>16-292,15.</strong></span> <span class='ocrx_word' id='word_1_54' title='bbox 735 1005 787 1041; x_wconf 86' lang='lat' dir='ltr'><strong>ab</strong></span> <span class='ocrx_word' id='word_1_55' title='bbox 812 1017 876 1042; x_wconf 89' lang='lat' dir='ltr'><strong>eo-</strong></span> 
     </span>
     <span class='ocr_line' id='line_1_13' title="bbox 208 1049 876 1089; baseline 0.007 -4"><span class='ocrx_word' id='word_1_56' title='bbox 208 1049 299 1086; x_wconf 85' lang='lat' dir='ltr'><strong>dem</strong></span> <span class='ocrx_word' id='word_1_57' title='bbox 326 1050 471 1086; x_wconf 88' lang='lat' dir='ltr'><strong>iterum</strong></span> <span class='ocrx_word' id='word_1_58' title='bbox 498 1051 539 1087; x_wconf 92' lang='lat' dir='ltr'><strong>in</strong></span> <span class='ocrx_word' id='word_1_59' title='bbox 557 1052 790 1089; x_wconf 84' lang='lat' dir='ltr'><strong>societatem</strong></span> <span class='ocrx_word' id='word_1_60' title='bbox 808 1054 876 1089; x_wconf 88' lang='lat' dir='ltr'><strong>im-</strong></span> 
     </span>
     <span class='ocr_line' id='line_1_14' title="bbox 208 1098 876 1145; baseline 0.007 -13"><span class='ocrx_word' id='word_1_61' title='bbox 208 1098 309 1143; x_wconf 88' lang='lat' dir='ltr'><strong>perii</strong></span> <span class='ocrx_word' id='word_1_62' title='bbox 343 1102 509 1144; x_wconf 84' lang='lat' dir='ltr'><strong>recepta</strong></span> <span class='ocrx_word' id='word_1_63' title='bbox 539 1099 656 1145; x_wconf 85' lang='lat'><strong>293,9</strong></span> <span class='ocrx_word' id='word_1_64' title='bbox 694 1103 746 1143; x_wconf 90' lang='lat' dir='ltr'><strong>(v.</strong></span> <span class='ocrx_word' id='word_1_65' title='bbox 776 1103 876 1137; x_wconf 82' lang='grc' dir='ltr'><em>Κων-</em></span> 
     </span>
     <span class='ocr_line' id='line_1_15' title="bbox 207 1145 875 1190; baseline 0.009 -10"><span class='ocrx_word' id='word_1_66' title='bbox 207 1151 381 1185; x_wconf 77' lang='grc' dir='ltr'><em>σιαντῒνος</em></span> <span class='ocrx_word' id='word_1_67' title='bbox 399 1145 492 1190; x_wconf 88' lang='lat' dir='ltr'><strong>VI.).</strong></span> <span class='ocrx_word' id='word_1_68' title='bbox 518 1147 569 1183; x_wconf 89' lang='lat' dir='ltr'><strong>de</strong></span> <span class='ocrx_word' id='word_1_69' title='bbox 595 1149 682 1184; x_wconf 88' lang='lat' dir='ltr'><strong>eius</strong></span> <span class='ocrx_word' id='word_1_70' title='bbox 709 1150 875 1186; x_wconf 88' lang='lat' dir='ltr'><strong>consilio</strong></span> 
     </span>
     <span class='ocr_line' id='line_1_16' title="bbox 209 1191 875 1243; baseline 0.008 -15"><span class='ocrx_word' id='word_1_71' title='bbox 209 1191 354 1229; x_wconf 81' lang='lat' dir='ltr'><strong>Alexio</strong></span> <span class='ocrx_word' id='word_1_72' title='bbox 373 1193 511 1230; x_wconf 90' lang='lat' dir='ltr'><strong>Moseli</strong></span> <span class='ocrx_word' id='word_1_73' title='bbox 539 1196 644 1232; x_wconf 86' lang='lat' dir='ltr'><strong>oculi</strong></span> <span class='ocrx_word' id='word_1_74' title='bbox 671 1198 776 1233; x_wconf 88' lang='lat' dir='ltr'><strong>eruti</strong></span> <span class='ocrx_word' id='word_1_75' title='bbox 794 1198 875 1243; x_wconf 87' lang='lat'><strong>294,</strong></span> 
     </span>
     <span class='ocr_line' id='line_1_17' title="bbox 210 1241 876 1282; baseline 0.008 -6"><span class='ocrx_word' id='word_1_76' title='bbox 210 1241 266 1276; x_wconf 91' lang='lat'><strong>11.</strong></span> <span class='ocrx_word' id='word_1_77' title='bbox 317 1241 368 1277; x_wconf 87' lang='lat' dir='ltr'><strong>de</strong></span> <span class='ocrx_word' id='word_1_78' title='bbox 409 1243 497 1278; x_wconf 87' lang='lat' dir='ltr'><strong>eius</strong></span> <span class='ocrx_word' id='word_1_79' title='bbox 539 1245 706 1280; x_wconf 91' lang='lat' dir='ltr'><strong>consilio</strong></span> <span class='ocrx_word' id='word_1_80' title='bbox 748 1244 876 1282; x_wconf 84' lang='lat' dir='ltr'><strong>Maria</strong></span> 
     </span>
     <span class='ocr_line' id='line_1_18' title="bbox 209 1289 878 1334; baseline 0.007 -10"><span class='ocrx_word' id='word_1_81' title='bbox 209 1292 327 1325; x_wconf 86' lang='lat' dir='ltr'><strong>tonsa</strong></span> <span class='ocrx_word' id='word_1_82' title='bbox 344 1289 496 1334; x_wconf 85' lang='lat'><strong>295,11.</strong></span> <span class='ocrx_word' id='word_1_83' title='bbox 524 1291 647 1327; x_wconf 87' lang='lat' dir='ltr'><strong>filium</strong></span> <span class='ocrx_word' id='word_1_84' title='bbox 672 1296 812 1329; x_wconf 83' lang='lat' dir='ltr'>caecat</span> <span class='ocrx_word' id='word_1_85' title='bbox 838 1299 878 1329; x_wconf 86' lang='lat' dir='ltr'><strong>et</strong></span> 
     </span>
     <span class='ocr_line' id='line_1_19' title="bbox 211 1337 875 1385; baseline 0.009 -14"><span class='ocrx_word' id='word_1_86' title='bbox 211 1337 297 1372; x_wconf 88' lang='lat' dir='ltr'><strong>sola</strong></span> <span class='ocrx_word' id='word_1_87' title='bbox 334 1347 468 1374; x_wconf 86' lang='lat' dir='ltr'><strong>rerum</strong></span> <span class='ocrx_word' id='word_1_88' title='bbox 507 1340 658 1385; x_wconf 86' lang='lat' dir='ltr'><strong>potitur</strong></span> <span class='ocrx_word' id='word_1_89' title='bbox 700 1341 780 1385; x_wconf 87' lang='lat'><strong>297,</strong></span> <span class='ocrx_word' id='word_1_90' title='bbox 806 1342 875 1377; x_wconf 88' lang='lat'><strong>5—</strong></span> 
     </span>
     <span class='ocr_line' id='line_1_20' title="bbox 209 1384 877 1428; baseline 0.009 -9"><span class='ocrx_word' id='word_1_91' title='bbox 209 1384 290 1428; x_wconf 82' lang='grc'><strong>298,</strong></span> <span class='ocrx_word' id='word_1_92' title='bbox 307 1384 361 1420; x_wconf 88' lang='lat'><strong>14.</strong></span> <span class='ocrx_word' id='word_1_93' title='bbox 401 1396 539 1422; x_wconf 86' lang='lat' dir='ltr'><strong>omnes</strong></span> <span class='ocrx_word' id='word_1_94' title='bbox 569 1388 702 1424; x_wconf 89' lang='lat' dir='ltr'><strong>mariti</strong></span> <span class='ocrx_word' id='word_1_95' title='bbox 729 1389 877 1426; x_wconf 88' lang='lat' dir='ltr'><strong>fratres</strong></span> 
     </span>
     <span class='ocr_line' id='line_1_21' title="bbox 210 1431 876 1482; baseline 0.011 -15"><span class='ocrx_word' id='word_1_96' title='bbox 210 1431 296 1475; x_wconf 88' lang='lat' dir='ltr'><strong>(sed</strong></span> <span class='ocrx_word' id='word_1_97' title='bbox 323 1434 601 1480; x_wconf 77' lang='grc' dir='ltr'><strong>ν.Νικηφόρος)</strong></span> <span class='ocrx_word' id='word_1_98' title='bbox 631 1441 770 1473; x_wconf 82' lang='lat' dir='ltr'><strong>caecat</strong></span> <span class='ocrx_word' id='word_1_99' title='bbox 794 1438 876 1482; x_wconf 84' lang='lat'><strong>300,</strong></span> 
     </span>
     <span class='ocr_line' id='line_1_22' title="bbox 209 1479 876 1531; baseline 0.01 -17"><span class='ocrx_word' id='word_1_100' title='bbox 209 1479 338 1516; x_wconf 90' lang='grc'><strong>3-14.</strong></span> <span class='ocrx_word' id='word_1_101' title='bbox 379 1480 522 1518; x_wconf 68' lang='lat' dir='ltr'><strong>Aetius</strong></span> <span class='ocrx_word' id='word_1_102' title='bbox 561 1484 771 1521; x_wconf 80' lang='lat' dir='ltr'><strong>eunuchus</strong></span> <span class='ocrx_word' id='word_1_103' title='bbox 810 1496 876 1531; x_wconf 92' lang='lat' dir='ltr'><strong>po-</strong></span> 
     </span>
     <span class='ocr_line' id='line_1_23' title="bbox 210 1529 877 1577; baseline 0.009 -14"><span class='ocrx_word' id='word_1_104' title='bbox 210 1529 456 1565; x_wconf 84' lang='lat' dir='ltr'><strong>tentissimus</strong></span> <span class='ocrx_word' id='word_1_105' title='bbox 515 1531 681 1577; x_wconf 86' lang='lat' dir='ltr'><strong>impedit</strong></span> <span class='ocrx_word' id='word_1_106' title='bbox 739 1533 877 1569; x_wconf 86' lang='lat' dir='ltr'><strong>Irenes</strong></span> 
     </span>
     <span class='ocr_line' id='line_1_24' title="bbox 211 1576 877 1617; baseline 0.009 -6"><span class='ocrx_word' id='word_1_107' title='bbox 211 1576 429 1612; x_wconf 87' lang='lat' dir='ltr'><strong>conubium</strong></span> <span class='ocrx_word' id='word_1_108' title='bbox 458 1588 548 1614; x_wconf 88' lang='lat' dir='ltr'><strong>cum</strong></span> <span class='ocrx_word' id='word_1_109' title='bbox 578 1578 721 1615; x_wconf 87' lang='lat' dir='ltr'><strong>Carolo</strong></span> <span class='ocrx_word' id='word_1_110' title='bbox 745 1581 793 1616; x_wconf 83' lang='lat' dir='ltr'><strong>M.</strong></span> <span class='ocrx_word' id='word_1_111' title='bbox 820 1583 877 1617; x_wconf 81' lang='lat' dir='ltr'><strong>fa-</strong></span> 
     </span>
     <span class='ocr_line' id='line_1_25' title="bbox 211 1623 875 1665; baseline 0.011 -7"><span class='ocrx_word' id='word_1_112' title='bbox 211 1623 398 1660; x_wconf 86' lang='lat' dir='ltr'><strong>ciendum</strong></span> <span class='ocrx_word' id='word_1_113' title='bbox 442 1629 482 1661; x_wconf 91' lang='lat' dir='ltr'><strong>et</strong></span> <span class='ocrx_word' id='word_1_114' title='bbox 523 1627 659 1663; x_wconf 78' lang='lat' dir='ltr'><strong>studet</strong></span> <span class='ocrx_word' id='word_1_115' title='bbox 696 1628 875 1665; x_wconf 86' lang='lat' dir='ltr'><strong>Leonem</strong></span> 
     </span>
     <span class='ocr_line' id='line_1_26' title="bbox 211 1671 874 1722; baseline 0.009 -15"><span class='ocrx_word' id='word_1_116' title='bbox 211 1671 376 1708; x_wconf 84' lang='lat' dir='ltr'><strong>fratrem</strong></span> <span class='ocrx_word' id='word_1_117' title='bbox 403 1674 576 1710; x_wconf 85' lang='lat' dir='ltr'><strong>evehere</strong></span> <span class='ocrx_word' id='word_1_118' title='bbox 594 1675 645 1711; x_wconf 91' lang='lat' dir='ltr'><strong>ad</strong></span> <span class='ocrx_word' id='word_1_119' title='bbox 664 1676 874 1722; x_wconf 88' lang='lat' dir='ltr'><strong>imperium</strong></span> 
     </span>
     <span class='ocr_line' id='line_1_27' title="bbox 210 1719 874 1770; baseline 0.009 -16"><span class='ocrx_word' id='word_1_120' title='bbox 210 1719 292 1763; x_wconf 88' lang='lat'><strong>300,</strong></span> <span class='ocrx_word' id='word_1_121' title='bbox 307 1719 340 1755; x_wconf 89' lang='grc'><strong>6.</strong></span> <span class='ocrx_word' id='word_1_122' title='bbox 368 1720 542 1767; x_wconf 85' lang='grc'><strong>15-301,</strong></span> <span class='ocrx_word' id='word_1_123' title='bbox 556 1723 589 1759; x_wconf 89' lang='grc'><strong>9.</strong></span> <span class='ocrx_word' id='word_1_124' title='bbox 609 1734 633 1759; x_wconf 91' lang='lat' dir='ltr'><strong>a</strong></span> <span class='ocrx_word' id='word_1_125' title='bbox 647 1723 874 1770; x_wconf 87' lang='lat' dir='ltr'><strong>Nicephoro</strong></span> 
     </span>
     <span class='ocr_line' id='line_1_28' title="bbox 212 1767 876 1819; baseline 0.011 -17"><span class='ocrx_word' id='word_1_126' title='bbox 212 1768 252 1802; x_wconf 89' lang='lat' dir='ltr'><strong>in</strong></span> <span class='ocrx_word' id='word_1_127' title='bbox 278 1767 449 1804; x_wconf 80' lang='lat' dir='ltr'><strong>insulam</strong></span> <span class='ocrx_word' id='word_1_128' title='bbox 469 1769 667 1817; x_wconf 84' lang='lat' dir='ltr'><strong>Principis</strong></span> <span class='ocrx_word' id='word_1_129' title='bbox 692 1772 876 1819; x_wconf 84' lang='lat' dir='ltr'><strong>relegata</strong></span> 
     </span>
     <span class='ocr_line' id='line_1_29' title="bbox 211 1814 878 1861; baseline 0.01 -12"><span class='ocrx_word' id='word_1_130' title='bbox 211 1815 292 1859; x_wconf 89' lang='grc'><strong>301,</strong></span> <span class='ocrx_word' id='word_1_131' title='bbox 306 1814 458 1861; x_wconf 89' lang='lat'><strong>9—-303,</strong></span> <span class='ocrx_word' id='word_1_132' title='bbox 468 1817 500 1852; x_wconf 90' lang='lat'><strong>9.</strong></span> <span class='ocrx_word' id='word_1_133' title='bbox 520 1817 639 1854; x_wconf 81' lang='lat' dir='ltr'><strong>Lesbi</strong></span> <span class='ocrx_word' id='word_1_134' title='bbox 659 1821 774 1855; x_wconf 84' lang='lat' dir='ltr'><strong>exsul</strong></span> <span class='ocrx_word' id='word_1_135' title='bbox 793 1821 878 1856; x_wconf 91' lang='lat' dir='ltr'><strong>obit</strong></span> 
     </span>
     <span class='ocr_line' id='line_1_30' title="bbox 211 1862 878 1914; baseline 0.01 -16"><span class='ocrx_word' id='word_1_136' title='bbox 211 1862 292 1906; x_wconf 87' lang='lat'><strong>304,</strong></span> <span class='ocrx_word' id='word_1_137' title='bbox 312 1862 345 1899; x_wconf 88' lang='lat'><strong>9.</strong></span> <span class='ocrx_word' id='word_1_138' title='bbox 383 1863 632 1911; x_wconf 78' lang='lat' dir='ltr'><strong>&#39;I&#39;heophano</strong></span> <span class='ocrx_word' id='word_1_139' title='bbox 667 1868 754 1903; x_wconf 89' lang='lat' dir='ltr'><strong>eius</strong></span> <span class='ocrx_word' id='word_1_140' title='bbox 789 1879 878 1914; x_wconf 89' lang='lat' dir='ltr'><strong>pro-</strong></span> 
     </span>
     <span class='ocr_line' id='line_1_31' title="bbox 214 1911 853 1960; baseline 0.011 -15"><span class='ocrx_word' id='word_1_141' title='bbox 214 1911 366 1957; x_wconf 88' lang='lat' dir='ltr'><strong>pinqua</strong></span> <span class='ocrx_word' id='word_1_142' title='bbox 390 1912 542 1957; x_wconf 86' lang='lat' dir='ltr'><strong>305,l4.</strong></span> <span class='ocrx_word' id='word_1_143' title='bbox 571 1933 613 1939; x_wconf 89' lang='lat'><strong>—</strong></span> <span class='ocrx_word' id='word_1_144' title='bbox 642 1913 700 1951; x_wconf 91' lang='lat'><strong>111</strong></span> <span class='ocrx_word' id='word_1_145' title='bbox 724 1915 805 1960; x_wconf 87' lang='lat'><strong>282,</strong></span> <span class='ocrx_word' id='word_1_146' title='bbox 821 1917 853 1952; x_wconf 94' lang='lat'><strong>7.</strong></span> 
     </span>
     <span class='ocr_line' id='line_1_32' title="bbox 165 1958 879 2010; baseline 0.01 -17"><span class='ocrx_word' id='word_1_147' title='bbox 165 1978 207 1984; x_wconf 89' lang='lat'>-</span> <span class='ocrx_word' id='word_1_148' title='bbox 258 1958 292 1994; x_wconf 90' lang='lat'><strong>4.</strong></span> <span class='ocrx_word' id='word_1_149' title='bbox 343 1959 506 1995; x_wconf 89' lang='lat' dir='ltr'><strong>Ioannis</strong></span> <span class='ocrx_word' id='word_1_150' title='bbox 556 1960 698 2002; x_wconf 86' lang='lat' dir='ltr'><strong>Ducae</strong></span> <span class='ocrx_word' id='word_1_151' title='bbox 746 1964 879 2010; x_wconf 87' lang='lat' dir='ltr'><strong>neptis</strong></span> 
     </span>
     <span class='ocr_line' id='line_1_33' title="bbox 212 2006 878 2047; baseline 0.009 -6"><span class='ocrx_word' id='word_1_152' title='bbox 212 2006 343 2042; x_wconf 88' lang='lat' dir='ltr'><strong>Alexii</strong></span> <span class='ocrx_word' id='word_1_153' title='bbox 384 2007 412 2043; x_wconf 90' lang='lat'><strong>1.</strong></span> <span class='ocrx_word' id='word_1_154' title='bbox 450 2007 641 2045; x_wconf 89' lang='lat' dir='ltr'><strong>Comneni</strong></span> <span class='ocrx_word' id='word_1_155' title='bbox 678 2020 783 2046; x_wconf 83' lang='lat' dir='ltr'><strong>uxor</strong></span> <span class='ocrx_word' id='word_1_156' title='bbox 821 2011 878 2047; x_wconf 91' lang='lat' dir='ltr'><strong>III</strong></span> 
     </span>
     <span class='ocr_line' id='line_1_34' title="bbox 213 2054 880 2101; baseline 0.007 -11"><span class='ocrx_word' id='word_1_157' title='bbox 213 2054 293 2099; x_wconf 88' lang='grc'><strong>730,</strong></span> <span class='ocrx_word' id='word_1_158' title='bbox 314 2054 487 2099; x_wconf 91' lang='grc'><strong>17-731,</strong></span> <span class='ocrx_word' id='word_1_159' title='bbox 507 2056 539 2091; x_wconf 93' lang='grc'><strong>6.</strong></span> <span class='ocrx_word' id='word_1_160' title='bbox 578 2058 658 2101; x_wconf 89' lang='lat'><strong>733,</strong></span> <span class='ocrx_word' id='word_1_161' title='bbox 672 2057 703 2093; x_wconf 92' lang='lat'><strong>4.</strong></span> <span class='ocrx_word' id='word_1_162' title='bbox 746 2060 880 2094; x_wconf 87' lang='lat' dir='ltr'><strong>omnia</strong></span> 
     </span>
     <span class='ocr_line' id='line_1_35' title="bbox 212 2102 879 2151; baseline 0.006 -13"><span class='ocrx_word' id='word_1_163' title='bbox 212 2103 318 2148; x_wconf 85' lang='lat' dir='ltr'><strong>regit</strong></span> <span class='ocrx_word' id='word_1_164' title='bbox 355 2102 435 2147; x_wconf 91' lang='lat'><strong>747,</strong></span> <span class='ocrx_word' id='word_1_165' title='bbox 461 2103 590 2141; x_wconf 87' lang='lat'><strong>2—18.</strong></span> <span class='ocrx_word' id='word_1_166' title='bbox 632 2105 879 2151; x_wconf 90' lang='lat' dir='ltr'><strong>Bryennium</strong></span> 
     </span>
     <span class='ocr_line' id='line_1_36' title="bbox 213 2151 879 2198; baseline 0.006 -12"><span class='ocrx_word' id='word_1_167' title='bbox 213 2152 387 2187; x_wconf 85' lang='lat' dir='ltr'><strong>maxime</strong></span> <span class='ocrx_word' id='word_1_168' title='bbox 413 2151 544 2198; x_wconf 84' lang='lat' dir='ltr'><strong>diligit</strong></span> <span class='ocrx_word' id='word_1_169' title='bbox 571 2153 654 2196; x_wconf 88' lang='lat'><strong>743,</strong></span> <span class='ocrx_word' id='word_1_170' title='bbox 668 2153 702 2188; x_wconf 87' lang='lat'><strong>3.</strong></span> <span class='ocrx_word' id='word_1_171' title='bbox 736 2154 879 2190; x_wconf 86' lang='lat' dir='ltr'><strong>Ioanni</strong></span> 
     </span>
     <span class='ocr_line' id='line_1_37' title="bbox 212 2199 879 2248; baseline 0.006 -14"><span class='ocrx_word' id='word_1_172' title='bbox 212 2199 370 2235; x_wconf 81' lang='lat' dir='ltr'><strong>infensa</strong></span> <span class='ocrx_word' id='word_1_173' title='bbox 395 2199 475 2244; x_wconf 90' lang='lat'><strong>748,</strong></span> <span class='ocrx_word' id='word_1_174' title='bbox 491 2201 618 2236; x_wconf 85' lang='lat'><strong>6-15.</strong></span> <span class='ocrx_word' id='word_1_175' title='bbox 646 2211 774 2248; x_wconf 88' lang='lat' dir='ltr'><strong>aegra</strong></span> <span class='ocrx_word' id='word_1_176' title='bbox 799 2202 879 2247; x_wconf 91' lang='lat'><strong>752,</strong></span> 
     </span>
     <span class='ocr_line' id='line_1_38' title="bbox 214 2246 879 2293; baseline 0.006 -11"><span class='ocrx_word' id='word_1_177' title='bbox 214 2247 268 2283; x_wconf 84' lang='lat'><strong>13.</strong></span> <span class='ocrx_word' id='word_1_178' title='bbox 308 2257 398 2283; x_wconf 91' lang='lat' dir='ltr'><strong>cum</strong></span> <span class='ocrx_word' id='word_1_179' title='bbox 426 2246 631 2293; x_wconf 71' lang='lat' dir='ltr'><strong>Bryennio</strong></span> <span class='ocrx_word' id='word_1_180' title='bbox 662 2250 797 2286; x_wconf 89' lang='lat' dir='ltr'><strong>omnia</strong></span> <span class='ocrx_word' id='word_1_181' title='bbox 822 2261 879 2286; x_wconf 91' lang='lat' dir='ltr'><strong>re·</strong></span> 
     </span>
     <span class='ocr_line' id='line_1_39' title="bbox 243 2295 878 2341; baseline 0.005 -11"><span class='ocrx_word' id='word_1_182' title='bbox 243 2295 273 2331; x_wconf 89' lang='lat' dir='ltr'><strong>it</strong></span> <span class='ocrx_word' id='word_1_183' title='bbox 298 2295 378 2339; x_wconf 90' lang='lat'><strong>754,</strong></span> <span class='ocrx_word' id='word_1_184' title='bbox 393 2295 588 2340; x_wconf 89' lang='lat'><strong>6—755,2.</strong></span> <span class='ocrx_word' id='word_1_185' title='bbox 609 2296 761 2341; x_wconf 91' lang='lat'><strong>758,13.</strong></span> <span class='ocrx_word' id='word_1_186' title='bbox 789 2308 878 2333; x_wconf 90' lang='lat' dir='ltr'><strong>cum</strong></span> 
     </span>
     <span class='ocr_line' id='line_1_40' title="bbox 243 2343 878 2381; baseline 0.003 -2"><span class='ocrx_word' id='word_1_187' title='bbox 243 2343 372 2379; x_wconf 83' lang='lat' dir='ltr'><strong>liabus</strong></span> <span class='ocrx_word' id='word_1_188' title='bbox 399 2343 513 2379; x_wconf 86' lang='lat' dir='ltr'><strong>adest</strong></span> <span class='ocrx_word' id='word_1_189' title='bbox 531 2345 714 2380; x_wconf 87' lang='lat' dir='ltr'><strong>morienti</strong></span> <span class='ocrx_word' id='word_1_190' title='bbox 735 2346 878 2381; x_wconf 86' lang='lat' dir='ltr'><strong>marito</strong></span> 
     </span>
     <span class='ocr_line' id='line_1_41' title="bbox 214 2390 879 2438; baseline 0.003 -11"><span class='ocrx_word' id='word_1_191' title='bbox 214 2391 294 2434; x_wconf 86' lang='lat'><strong>760,</strong></span> <span class='ocrx_word' id='word_1_192' title='bbox 315 2390 488 2434; x_wconf 81' lang='grc'><strong>18-762,</strong></span> <span class='ocrx_word' id='word_1_193' title='bbox 512 2392 565 2427; x_wconf 91' lang='grc'><strong>16.</strong></span> <span class='ocrx_word' id='word_1_194' title='bbox 592 2411 639 2418; x_wconf 92' lang='lat'><strong>-—</strong></span> <span class='ocrx_word' id='word_1_195' title='bbox 666 2392 723 2428; x_wconf 92' lang='lat'><strong>111</strong></span> <span class='ocrx_word' id='word_1_196' title='bbox 750 2393 830 2438; x_wconf 88' lang='lat'><strong>764,</strong></span> <span class='ocrx_word' id='word_1_197' title='bbox 848 2394 879 2429; x_wconf 90' lang='lat'><strong>1.</strong></span> 
     </span>
     <span class='ocr_line' id='line_1_42' title="bbox 166 2437 878 2485; baseline 0.004 -11"><span class='ocrx_word' id='word_1_198' title='bbox 166 2457 208 2464; x_wconf 91' lang='lat'>—</span> <span class='ocrx_word' id='word_1_199' title='bbox 228 2438 260 2474; x_wconf 91' lang='lat'><strong>5.</strong></span> <span class='ocrx_word' id='word_1_200' title='bbox 288 2437 462 2475; x_wconf 80' lang='lat' dir='ltr'><strong>Sanctae</strong></span> <span class='ocrx_word' id='word_1_201' title='bbox 475 2438 618 2475; x_wconf 79' lang='lat' dir='ltr'><strong>Irenae</strong></span> <span class='ocrx_word' id='word_1_202' title='bbox 637 2441 818 2485; x_wconf 86' lang='lat' dir='ltr'><strong>ecclesia,</strong></span> <span class='ocrx_word' id='word_1_203' title='bbox 843 2452 878 2477; x_wconf 89' lang='lat' dir='ltr'><strong>v.</strong></span> 
     </span>
     <span class='ocr_line' id='line_1_43' title="bbox 212 2487 810 2534; baseline 0.003 -12"><span class='ocrx_word' id='word_1_204' title='bbox 212 2487 590 2530; x_wconf 75' lang='grc' dir='ltr'><strong>Κωνσταντινούπολις,</strong></span> <span class='ocrx_word' id='word_1_205' title='bbox 615 2488 810 2534; x_wconf 75' lang='grc' dir='ltr'><strong>ἐκκλησίαι.</strong></span> 
     </span>
     <span class='ocr_line' id='line_1_44' title="bbox 166 2535 880 2581; baseline 0.004 -11"><span class='ocrx_word' id='word_1_206' title='bbox 166 2535 457 2581; x_wconf 78' lang='grc' dir='ltr'><strong><em>Εἰρηνόπολις</em></strong></span> <span class='ocrx_word' id='word_1_207' title='bbox 491 2536 697 2572; x_wconf 85' lang='lat' dir='ltr'><strong>castellum</strong></span> <span class='ocrx_word' id='word_1_208' title='bbox 727 2535 880 2573; x_wconf 89' lang='lat' dir='ltr'><strong>Beroae</strong></span> 
     </span>
     <span class='ocr_line' id='line_1_45' title="bbox 212 2582 879 2620; baseline 0.003 -2"><span class='ocrx_word' id='word_1_209' title='bbox 212 2583 264 2619; x_wconf 85' lang='lat' dir='ltr'><strong>ab</strong></span> <span class='ocrx_word' id='word_1_210' title='bbox 291 2582 408 2620; x_wconf 84' lang='lat' dir='ltr'><strong>Irene</strong></span> <span class='ocrx_word' id='word_1_211' title='bbox 440 2584 707 2620; x_wconf 84' lang='lat' dir='ltr'><strong>instauratum</strong></span> <span class='ocrx_word' id='word_1_212' title='bbox 735 2585 786 2620; x_wconf 86' lang='lat' dir='ltr'><strong>ab</strong></span> <span class='ocrx_word' id='word_1_213' title='bbox 817 2595 879 2620; x_wconf 92' lang='lat' dir='ltr'><strong>ea-</strong></span> 
     </span>
     <span class='ocr_line' id='line_1_46' title="bbox 214 2631 878 2678; baseline 0.002 -11"><span class='ocrx_word' id='word_1_214' title='bbox 214 2641 293 2677; x_wconf 86' lang='lat' dir='ltr'><strong>que</strong></span> <span class='ocrx_word' id='word_1_215' title='bbox 319 2632 376 2667; x_wconf 83' lang='lat' dir='ltr'><strong>sic</strong></span> <span class='ocrx_word' id='word_1_216' title='bbox 402 2631 647 2678; x_wconf 82' lang='lat' dir='ltr'><strong>appellatum</strong></span> <span class='ocrx_word' id='word_1_217' title='bbox 677 2632 735 2667; x_wconf 91' lang='grc' dir='ltr'><strong>ΙΙΙ</strong></span> <span class='ocrx_word' id='word_1_218' title='bbox 751 2632 831 2677; x_wconf 89' lang='lat'><strong>288,</strong></span> <span class='ocrx_word' id='word_1_219' title='bbox 846 2634 878 2668; x_wconf 87' lang='lat'><strong>6.</strong></span> 
     </span>
     <span class='ocr_line' id='line_1_47' title="bbox 161 2679 564 2726; baseline 0 -12"><span class='ocrx_word' id='word_1_220' title='bbox 161 2679 323 2726; x_wconf 81' lang='grc' dir='ltr'><em>Ἑκάβη</em></span> <span class='ocrx_word' id='word_1_221' title='bbox 352 2679 407 2715; x_wconf 89' lang='grc'><strong>111</strong></span> <span class='ocrx_word' id='word_1_222' title='bbox 437 2680 516 2724; x_wconf 87' lang='lat'><strong>198,</strong></span> <span class='ocrx_word' id='word_1_223' title='bbox 532 2679 564 2714; x_wconf 94' lang='lat'><strong>7.</strong></span> 
     </span>
    </p>
   </div>
   <div class='ocr_carea' id='block_1_2' title="bbox 0 0 193 3230">
    <p class='ocr_par' dir='ltr' id='par_1_2' title="bbox 0 0 193 3230">
     <span class='ocr_line' id='line_1_48' title="bbox 0 0 193 3230; baseline 0 0"><span class='ocrx_word' id='word_1_224' title='bbox 0 0 193 3230; x_wconf 95' lang='lat' dir='ltr'><strong> </strong></span> 
     </span>
    </p>
   </div>
   <div class='ocr_carea' id='block_1_3' title="bbox 217 2965 655 3012">
    <p class='ocr_par' dir='ltr' id='par_1_3' title="bbox 217 2965 655 3012">
     <span class='ocr_line' id='line_1_49' title="bbox 217 2965 655 3012; baseline 0.002 -11"><span class='ocrx_word' id='word_1_225' title='bbox 217 2965 336 3012; x_wconf 83' lang='lat' dir='ltr'><strong>byses</strong></span> <span class='ocrx_word' id='word_1_226' title='bbox 366 2965 381 3001; x_wconf 95' lang='lat' dir='ltr'>I</span> <span class='ocrx_word' id='word_1_227' title='bbox 408 2966 488 3011; x_wconf 87' lang='grc'><strong>306,</strong></span> <span class='ocrx_word' id='word_1_228' title='bbox 506 2966 550 3002; x_wconf 90' lang='grc'><strong>18</strong></span> <span class='ocrx_word' id='word_1_229' title='bbox 559 2966 655 3003; x_wconf 83' lang='grc'><strong>-25,</strong></span> 
     </span>
    </p>
   </div>
   <div class='ocr_carea' id='block_1_4' title="bbox 691 258 1125 306">
    <p class='ocr_par' dir='ltr' id='par_1_4' title="bbox 691 258 1125 306">
     <span class='ocr_line' id='line_1_50' title="bbox 691 258 1125 306; baseline -0.005 -9"><span class='ocrx_word' id='word_1_230' title='bbox 691 260 923 306; x_wconf 78' lang='grc' dir='ltr'><strong><em>Εἰρηνάπολις</em></strong></span> <span class='ocrx_word' id='word_1_231' title='bbox 938 280 981 286; x_wconf 92' lang='grc'>-</span> <span class='ocrx_word' id='word_1_232' title='bbox 997 258 1125 306; x_wconf 70' lang='grc' dir='ltr'><strong>Ἑλένη.</strong></span> 
     </span>
    </p>
   </div>
   <div class='ocr_carea' id='block_1_5' title="bbox 207 378 1499 427">
    <p class='ocr_par' dir='ltr' id='par_1_5' title="bbox 207 378 1499 427">
     <span class='ocr_line' id='line_1_51' title="bbox 207 378 1499 427; baseline -0.002 -11"><span class='ocrx_word' id='word_1_233' title='bbox 207 381 250 416; x_wconf 90' lang='lat' dir='ltr'><strong>in</strong></span> <span class='ocrx_word' id='word_1_234' title='bbox 279 379 453 417; x_wconf 86' lang='lat' dir='ltr'><strong>Thracia</strong></span> <span class='ocrx_word' id='word_1_235' title='bbox 484 381 584 416; x_wconf 88' lang='lat' dir='ltr'><strong>cista</strong></span> <span class='ocrx_word' id='word_1_236' title='bbox 616 391 706 416; x_wconf 89' lang='lat' dir='ltr'><strong>cum</strong></span> <span class='ocrx_word' id='word_1_237' title='bbox 739 381 876 416; x_wconf 87' lang='lat' dir='ltr'><strong>inscri-</strong></span> <span class='ocrx_word' id='word_1_238' title='bbox 909 379 913 427; x_wconf 78' lang='grc' dir='ltr'>Ι</span> <span class='ocrx_word' id='word_1_239' title='bbox 938 380 1175 419; x_wconf 79' lang='grc' dir='ltr'><strong><em>’Ἑκλεκτος</em></strong></span> <span class='ocrx_word' id='word_1_240' title='bbox 1224 378 1499 415; x_wconf 85' lang='lat' dir='ltr'><strong>cubicularius</strong></span> 
     </span>
    </p>
   </div>
   <div class='ocr_carea' id='block_1_6' title="bbox 1587 257 1659 294">
    <p class='ocr_par' dir='ltr' id='par_1_6' title="bbox 1587 257 1659 294">
     <span class='ocr_line' id='line_1_52' title="bbox 1587 257 1659 294; baseline 0 0"><span class='ocrx_word' id='word_1_241' title='bbox 1587 257 1659 294; x_wconf 87' lang='lat'><strong>825</strong></span> 
     </span>
    </p>
   </div>
   <div class='ocr_carea' id='block_1_7' title="bbox 938 378 1667 2722">
    <p class='ocr_par' dir='ltr' id='par_1_7' title="bbox 991 378 1660 568">
     <span class='ocr_line' id='line_1_53' title="bbox 1549 378 1660 415; baseline -0.018 0"><span class='ocrx_word' id='word_1_242' title='bbox 1549 378 1660 415; x_wconf 89' lang='lat' dir='ltr'><strong>Com-</strong></span> 
     </span>
     <span class='ocr_line' id='line_1_54' title="bbox 993 426 1658 473; baseline 0 -11"><span class='ocrx_word' id='word_1_243' title='bbox 993 427 1114 464; x_wconf 89' lang='lat' dir='ltr'><strong>modo</strong></span> <span class='ocrx_word' id='word_1_244' title='bbox 1148 427 1317 463; x_wconf 83' lang='lat' dir='ltr'><strong>insidias</strong></span> <span class='ocrx_word' id='word_1_245' title='bbox 1351 429 1469 473; x_wconf 85' lang='lat' dir='ltr'><strong>parat</strong></span> <span class='ocrx_word' id='word_1_246' title='bbox 1500 426 1539 461; x_wconf 95' lang='lat' dir='ltr'><strong>II</strong></span> <span class='ocrx_word' id='word_1_247' title='bbox 1575 426 1658 469; x_wconf 88' lang='lat'><strong>538,</strong></span> 
     </span>
     <span class='ocr_line' id='line_1_55' title="bbox 991 474 1659 520; baseline -0.001 -10"><span class='ocrx_word' id='word_1_248' title='bbox 991 474 1025 510; x_wconf 88' lang='grc'><strong>4.</strong></span> <span class='ocrx_word' id='word_1_249' title='bbox 1069 475 1120 511; x_wconf 87' lang='lat' dir='ltr'><strong>ad</strong></span> <span class='ocrx_word' id='word_1_250' title='bbox 1158 475 1410 511; x_wconf 82' lang='lat' dir='ltr'><strong>Pertinacem</strong></span> <span class='ocrx_word' id='word_1_251' title='bbox 1445 475 1659 520; x_wconf 85' lang='lat' dir='ltr'><strong>imperium</strong></span> 
     </span>
     <span class='ocr_line' id='line_1_56' title="bbox 994 522 1660 568; baseline -0.002 -10"><span class='ocrx_word' id='word_1_252' title='bbox 994 523 1125 559; x_wconf 83' lang='lat' dir='ltr'><strong>defert</strong></span> <span class='ocrx_word' id='word_1_253' title='bbox 1150 523 1233 568; x_wconf 88' lang='grc'><strong>539,</strong></span> <span class='ocrx_word' id='word_1_254' title='bbox 1249 523 1304 559; x_wconf 91' lang='grc'><strong>18.</strong></span> <span class='ocrx_word' id='word_1_255' title='bbox 1330 525 1500 560; x_wconf 87' lang='lat' dir='ltr'><strong>necatur</strong></span> <span class='ocrx_word' id='word_1_256' title='bbox 1531 522 1612 567; x_wconf 88' lang='lat'><strong>542,</strong></span> <span class='ocrx_word' id='word_1_257' title='bbox 1627 522 1660 557; x_wconf 89' lang='lat'><strong>7.</strong></span> 
     </span>
    </p>

    <p class='ocr_par' dir='ltr' id='par_1_8' title="bbox 941 570 1478 616">
     <span class='ocr_line' id='line_1_57' title="bbox 941 570 1478 616; baseline -0.002 -9"><span class='ocrx_word' id='word_1_258' title='bbox 941 571 1141 616; x_wconf 40' lang='lat' dir='ltr'><strong>’Elaeam</strong></span> <span class='ocrx_word' id='word_1_259' title='bbox 1167 582 1204 607; x_wconf 82' lang='lat' dir='ltr'><strong>v.</strong></span> <span class='ocrx_word' id='word_1_260' title='bbox 1227 571 1396 616; x_wconf 80' lang='grc' dir='ltr'><strong><em>Ἰωάννης</em></strong></span> <span class='ocrx_word' id='word_1_261' title='bbox 1420 570 1478 607; x_wconf 81' lang='grc'><strong>25.</strong></span> 
     </span>
    </p>

    <p class='ocr_par' dir='ltr' id='par_1_9' title="bbox 941 618 1430 664">
     <span class='ocr_line' id='line_1_58' title="bbox 941 618 1430 664; baseline 0 -10"><span class='ocrx_word' id='word_1_262' title='bbox 941 619 1071 664; x_wconf 58' lang='lat' dir='ltr'><strong>’Eleia</strong></span> <span class='ocrx_word' id='word_1_263' title='bbox 1096 618 1203 656; x_wconf 90' lang='lat' dir='ltr'><strong>Semi</strong></span> <span class='ocrx_word' id='word_1_264' title='bbox 1229 619 1255 654; x_wconf 87' lang='lat' dir='ltr'><strong>f.</strong></span> <span class='ocrx_word' id='word_1_265' title='bbox 1282 618 1301 654; x_wconf 97' lang='lat' dir='ltr'>I</span> <span class='ocrx_word' id='word_1_266' title='bbox 1325 619 1382 663; x_wconf 92' lang='lat'><strong>33,</strong></span> <span class='ocrx_word' id='word_1_267' title='bbox 1397 619 1430 654; x_wconf 88' lang='lat'><strong>3.</strong></span> 
     </span>
    </p>

    <p class='ocr_par' dir='ltr' id='par_1_10' title="bbox 941 666 1478 711">
     <span class='ocr_line' id='line_1_59' title="bbox 941 666 1478 711; baseline 0 -9"><span class='ocrx_word' id='word_1_268' title='bbox 941 667 1135 703; x_wconf 74' lang='grc' dir='ltr'><strong><em>Ἐλάτεια</em></strong></span> <span class='ocrx_word' id='word_1_269' title='bbox 1161 667 1259 702; x_wconf 85' lang='lat' dir='ltr'><strong>urbs</strong></span> <span class='ocrx_word' id='word_1_270' title='bbox 1285 666 1324 702; x_wconf 90' lang='lat' dir='ltr'><strong>II</strong></span> <span class='ocrx_word' id='word_1_271' title='bbox 1349 666 1478 711; x_wconf 81' lang='grc'><strong>249,1.</strong></span> 
     </span>
    </p>

    <p class='ocr_par' dir='ltr' id='par_1_11' title="bbox 938 713 1660 808">
     <span class='ocr_line' id='line_1_60' title="bbox 938 713 1660 760; baseline -0.001 -10"><span class='ocrx_word' id='word_1_272' title='bbox 938 715 1105 760; x_wconf 66' lang='lat' dir='ltr'><strong>&#39;&#39;El-,8101</strong></span> <span class='ocrx_word' id='word_1_273' title='bbox 1133 714 1201 760; x_wconf 87' lang='lat' dir='ltr'><strong>[C.]</strong></span> <span class='ocrx_word' id='word_1_274' title='bbox 1227 715 1398 750; x_wconf 90' lang='lat' dir='ltr'><strong>Helvius</strong></span> <span class='ocrx_word' id='word_1_275' title='bbox 1416 714 1545 751; x_wconf 85' lang='lat' dir='ltr'><strong>Cinna</strong></span> <span class='ocrx_word' id='word_1_276' title='bbox 1570 713 1660 750; x_wconf 88' lang='lat' dir='ltr'><strong>trib.</strong></span> 
     </span>
     <span class='ocr_line' id='line_1_61' title="bbox 993 762 1482 808; baseline 0.002 -11"><span class='ocrx_word' id='word_1_277' title='bbox 993 762 1043 808; x_wconf 92' lang='lat' dir='ltr'><strong>pl.</strong></span> <span class='ocrx_word' id='word_1_278' title='bbox 1070 767 1240 799; x_wconf 87' lang='lat' dir='ltr'><strong>necatur</strong></span> <span class='ocrx_word' id='word_1_279' title='bbox 1265 763 1305 798; x_wconf 95' lang='lat' dir='ltr'><strong>II</strong></span> <span class='ocrx_word' id='word_1_280' title='bbox 1330 762 1411 808; x_wconf 88' lang='lat'><strong>338,</strong></span> <span class='ocrx_word' id='word_1_281' title='bbox 1427 763 1482 798; x_wconf 93' lang='lat'><strong>18.</strong></span> 
     </span>
    </p>

    <p class='ocr_par' dir='ltr' id='par_1_12' title="bbox 941 809 1662 903">
     <span class='ocr_line' id='line_1_62' title="bbox 941 809 1662 857; baseline 0 -12"><span class='ocrx_word' id='word_1_282' title='bbox 941 809 1154 855; x_wconf 80' lang='grc' dir='ltr'><strong><em>Ἐλβίτιοι</em></strong></span> <span class='ocrx_word' id='word_1_283' title='bbox 1190 810 1397 847; x_wconf 80' lang='lat' dir='ltr'><strong>Gallorum</strong></span> <span class='ocrx_word' id='word_1_284' title='bbox 1429 821 1481 857; x_wconf 90' lang='lat' dir='ltr'><strong>po</strong></span> <span class='ocrx_word' id='word_1_285' title='bbox 1512 810 1605 846; x_wconf 87' lang='lat' dir='ltr'><strong>ulus</strong></span> <span class='ocrx_word' id='word_1_286' title='bbox 1637 820 1662 844; x_wconf 87' lang='lat' dir='ltr'><strong>a</strong></span> 
     </span>
     <span class='ocr_line' id='line_1_63' title="bbox 995 857 1607 903; baseline 0 -9"><span class='ocrx_word' id='word_1_287' title='bbox 995 857 1169 895; x_wconf 82' lang='lat' dir='ltr'><strong>Caesare</strong></span> <span class='ocrx_word' id='word_1_288' title='bbox 1195 859 1370 895; x_wconf 87' lang='lat' dir='ltr'><strong>domitus</strong></span> <span class='ocrx_word' id='word_1_289' title='bbox 1393 859 1431 894; x_wconf 97' lang='lat' dir='ltr'><strong>II</strong></span> <span class='ocrx_word' id='word_1_290' title='bbox 1457 859 1480 894; x_wconf 90' lang='lat'><strong>3</strong></span> <span class='ocrx_word' id='word_1_291' title='bbox 1505 857 1607 903; x_wconf 87' lang='lat' dir='ltr'><strong>5,2l.</strong></span> 
     </span>
    </p>

    <p class='ocr_par' dir='ltr' id='par_1_13' title="bbox 938 904 1663 1037">
     <span class='ocr_line' id='line_1_64' title="bbox 938 904 1663 951; baseline 0 -11"><span class='ocrx_word' id='word_1_292' title='bbox 938 906 1062 951; x_wconf 79' lang='grc' dir='ltr'><em>Ἔλγα</em></span> <span class='ocrx_word' id='word_1_293' title='bbox 1092 907 1223 942; x_wconf 87' lang='lat' dir='ltr'><strong>Russa</strong></span> <span class='ocrx_word' id='word_1_294' title='bbox 1241 906 1547 944; x_wconf 88' lang='lat' dir='ltr'><strong>Constantinum</strong></span> <span class='ocrx_word' id='word_1_295' title='bbox 1576 904 1663 941; x_wconf 89' lang='lat' dir='ltr'><strong>VII.</strong></span> 
     </span>
     <span class='ocr_line' id='line_1_65' title="bbox 994 952 1661 1037; baseline -0.001 -48"><span class='ocrx_word' id='word_1_296' title='bbox 994 956 1185 1037; x_wconf 68' lang='lat' dir='ltr'><strong>‹lzonvenit</strong></span> <span class='ocrx_word' id='word_1_297' title='bbox 1203 959 1242 990; x_wconf 89' lang='lat' dir='ltr'><strong>et</strong></span> <span class='ocrx_word' id='word_1_298' title='bbox 1261 955 1491 1001; x_wconf 82' lang='lat' dir='ltr'><strong>baptizatur</strong></span> <span class='ocrx_word' id='word_1_299' title='bbox 1508 953 1567 989; x_wconf 94' lang='lat' dir='ltr'><strong>III</strong></span> <span class='ocrx_word' id='word_1_300' title='bbox 1580 952 1661 997; x_wconf 87' lang='lat'><strong>484,</strong></span> 
     </span>
    </p>

    <p class='ocr_par' dir='ltr' id='par_1_14' title="bbox 943 1048 1664 1766">
     <span class='ocr_line' id='line_1_66' title="bbox 943 1048 1662 1096; baseline -0.001 -11"><span class='ocrx_word' id='word_1_301' title='bbox 943 1050 1257 1096; x_wconf 81' lang='grc' dir='ltr'><em>Ἐλεαγάβαλος</em></span> <span class='ocrx_word' id='word_1_302' title='bbox 1283 1049 1507 1087; x_wconf 87' lang='lat' dir='ltr'><strong>Soaemidis</strong></span> <span class='ocrx_word' id='word_1_303' title='bbox 1529 1050 1565 1093; x_wconf 83' lang='lat' dir='ltr'><strong>f.‚</strong></span> <span class='ocrx_word' id='word_1_304' title='bbox 1593 1048 1662 1085; x_wconf 85' lang='lat' dir='ltr'><strong>Ca-</strong></span> 
     </span>
     <span class='ocr_line' id='line_1_67' title="bbox 995 1097 1660 1142; baseline -0.003 -8"><span class='ocrx_word' id='word_1_305' title='bbox 995 1098 1170 1134; x_wconf 83' lang='lat' dir='ltr'><strong>racallae</strong></span> <span class='ocrx_word' id='word_1_306' title='bbox 1203 1099 1227 1134; x_wconf 84' lang='lat' dir='ltr'><strong>f.</strong></span> <span class='ocrx_word' id='word_1_307' title='bbox 1262 1098 1410 1134; x_wconf 85' lang='lat' dir='ltr'><strong>dicitur</strong></span> <span class='ocrx_word' id='word_1_308' title='bbox 1444 1098 1482 1133; x_wconf 95' lang='lat' dir='ltr'><strong>II</strong></span> <span class='ocrx_word' id='word_1_309' title='bbox 1507 1097 1660 1142; x_wconf 86' lang='lat'><strong>565‚17.</strong></span> 
     </span>
     <span class='ocr_line' id='line_1_68' title="bbox 996 1145 1662 1193; baseline -0.002 -12"><span class='ocrx_word' id='word_1_310' title='bbox 996 1146 1217 1193; x_wconf 87' lang='lat' dir='ltr'><strong>imperator</strong></span> <span class='ocrx_word' id='word_1_311' title='bbox 1258 1147 1456 1182; x_wconf 82' lang='lat' dir='ltr'><strong>salutatur</strong></span> <span class='ocrx_word' id='word_1_312' title='bbox 1497 1145 1578 1189; x_wconf 87' lang='lat'><strong>565,</strong></span> <span class='ocrx_word' id='word_1_313' title='bbox 1604 1145 1662 1180; x_wconf 85' lang='lat'><strong>22.</strong></span> 
     </span>
     <span class='ocr_line' id='line_1_69' title="bbox 994 1192 1663 1239; baseline -0.001 -10"><span class='ocrx_word' id='word_1_314' title='bbox 994 1193 1150 1238; x_wconf 88' lang='lat' dir='ltr'><strong>Avitus,</strong></span> <span class='ocrx_word' id='word_1_315' title='bbox 1165 1194 1529 1237; x_wconf 86' lang='lat' dir='ltr'><strong>Pseudantoninus,</strong></span> <span class='ocrx_word' id='word_1_316' title='bbox 1543 1192 1663 1239; x_wconf 75' lang='lat' dir='ltr'><strong>Assy·</strong></span> 
     </span>
     <span class='ocr_line' id='line_1_70' title="bbox 995 1241 1664 1288; baseline -0.001 -11"><span class='ocrx_word' id='word_1_317' title='bbox 995 1242 1089 1286; x_wconf 80' lang='lat' dir='ltr'><strong>rius,</strong></span> <span class='ocrx_word' id='word_1_318' title='bbox 1132 1241 1446 1288; x_wconf 86' lang='lat' dir='ltr'><strong>Sardanapalus‚</strong></span> <span class='ocrx_word' id='word_1_319' title='bbox 1495 1241 1664 1287; x_wconf 87' lang='lat' dir='ltr'><strong>Eleaga-</strong></span> 
     </span>
     <span class='ocr_line' id='line_1_71' title="bbox 995 1289 1662 1334; baseline -0.003 -9"><span class='ocrx_word' id='word_1_320' title='bbox 995 1290 1111 1326; x_wconf 87' lang='lat' dir='ltr'><strong>balus</strong></span> <span class='ocrx_word' id='word_1_321' title='bbox 1154 1290 1300 1325; x_wconf 85' lang='lat' dir='ltr'><strong>dicitur</strong></span> <span class='ocrx_word' id='word_1_322' title='bbox 1341 1290 1422 1334; x_wconf 87' lang='lat'><strong>567,</strong></span> <span class='ocrx_word' id='word_1_323' title='bbox 1446 1289 1476 1324; x_wconf 91' lang='lat'><strong>1.</strong></span> <span class='ocrx_word' id='word_1_324' title='bbox 1519 1289 1573 1324; x_wconf 88' lang='lat'><strong>14.</strong></span> <span class='ocrx_word' id='word_1_325' title='bbox 1607 1290 1662 1324; x_wconf 88' lang='lat'><strong>18.</strong></span> 
     </span>
     <span class='ocr_line' id='line_1_72' title="bbox 996 1336 1661 1384; baseline 0 -12"><span class='ocrx_word' id='word_1_326' title='bbox 996 1338 1170 1374; x_wconf 80' lang='lat' dir='ltr'><strong>crudelis</strong></span> <span class='ocrx_word' id='word_1_327' title='bbox 1183 1342 1221 1374; x_wconf 82' lang='lat' dir='ltr'><strong>et</strong></span> <span class='ocrx_word' id='word_1_328' title='bbox 1232 1337 1572 1384; x_wconf 84' lang='lat' dir='ltr'><strong>impudicissimus</strong></span> <span class='ocrx_word' id='word_1_329' title='bbox 1581 1336 1661 1380; x_wconf 88' lang='lat'><strong>567,</strong></span> 
     </span>
     <span class='ocr_line' id='line_1_73' title="bbox 995 1385 1661 1433; baseline -0.005 -11"><span class='ocrx_word' id='word_1_330' title='bbox 995 1386 1123 1422; x_wconf 84' lang='lat'><strong>9-14.</strong></span> <span class='ocrx_word' id='word_1_331' title='bbox 1186 1386 1478 1433; x_wconf 83' lang='lat' dir='ltr'><strong>Eleagabalum</strong></span> <span class='ocrx_word' id='word_1_332' title='bbox 1542 1385 1661 1420; x_wconf 88' lang='lat' dir='ltr'><strong>deum</strong></span> 
     </span>
     <span class='ocr_line' id='line_1_74' title="bbox 995 1431 1662 1477; baseline -0.003 -8"><span class='ocrx_word' id='word_1_333' title='bbox 995 1433 1163 1469; x_wconf 88' lang='lat' dir='ltr'><strong>Romam</strong></span> <span class='ocrx_word' id='word_1_334' title='bbox 1222 1434 1442 1469; x_wconf 84' lang='lat' dir='ltr'><strong>introducit</strong></span> <span class='ocrx_word' id='word_1_335' title='bbox 1499 1433 1580 1477; x_wconf 89' lang='grc'><strong>567,</strong></span> <span class='ocrx_word' id='word_1_336' title='bbox 1609 1431 1662 1467; x_wconf 89' lang='grc'><strong>14.</strong></span> 
     </span>
     <span class='ocr_line' id='line_1_75' title="bbox 995 1481 1663 1526; baseline -0.001 -9"><span class='ocrx_word' id='word_1_337' title='bbox 995 1486 1086 1518; x_wconf 86' lang='lat' dir='ltr'><strong>acta</strong></span> <span class='ocrx_word' id='word_1_338' title='bbox 1113 1485 1152 1517; x_wconf 90' lang='lat' dir='ltr'><strong>et</strong></span> <span class='ocrx_word' id='word_1_339' title='bbox 1178 1483 1263 1517; x_wconf 89' lang='lat' dir='ltr'><strong>vita</strong></span> <span class='ocrx_word' id='word_1_340' title='bbox 1286 1483 1372 1518; x_wconf 87' lang='lat' dir='ltr'><strong>eius</strong></span> <span class='ocrx_word' id='word_1_341' title='bbox 1390 1481 1663 1526; x_wconf 90' lang='lat'><strong>567,16—570‚</strong></span> 
     </span>
     <span class='ocr_line' id='line_1_76' title="bbox 994 1528 1664 1576; baseline -0.003 -11"><span class='ocrx_word' id='word_1_342' title='bbox 994 1530 1027 1565; x_wconf 91' lang='lat'><strong>2.</strong></span> <span class='ocrx_word' id='word_1_343' title='bbox 1073 1530 1241 1576; x_wconf 87' lang='lat' dir='ltr'><strong>adoptat</strong></span> <span class='ocrx_word' id='word_1_344' title='bbox 1266 1528 1462 1565; x_wconf 86' lang='lat' dir='ltr'><strong>Severum</strong></span> <span class='ocrx_word' id='word_1_345' title='bbox 1490 1528 1664 1564; x_wconf 84' lang='lat' dir='ltr'><strong>Alexan-</strong></span> 
     </span>
     <span class='ocr_line' id='line_1_77' title="bbox 995 1575 1663 1622; baseline -0.001 -10"><span class='ocrx_word' id='word_1_346' title='bbox 995 1577 1111 1612; x_wconf 85' lang='lat' dir='ltr'><strong>drum</strong></span> <span class='ocrx_word' id='word_1_347' title='bbox 1150 1578 1231 1622; x_wconf 92' lang='lat'><strong>570,</strong></span> <span class='ocrx_word' id='word_1_348' title='bbox 1249 1578 1282 1613; x_wconf 91' lang='lat'><strong>3.</strong></span> <span class='ocrx_word' id='word_1_349' title='bbox 1326 1581 1496 1614; x_wconf 87' lang='lat' dir='ltr'><strong>necatur</strong></span> <span class='ocrx_word' id='word_1_350' title='bbox 1532 1577 1614 1620; x_wconf 88' lang='lat'><strong>570,</strong></span> <span class='ocrx_word' id='word_1_351' title='bbox 1641 1575 1663 1611; x_wconf 92' lang='lat'><strong>7</strong></span> 
     </span>
     <span class='ocr_line' id='line_1_78' title="bbox 995 1624 1663 1668; baseline -0.001 -8"><span class='ocrx_word' id='word_1_352' title='bbox 995 1625 1099 1660; x_wconf 88' lang='lat'><strong>—14.</strong></span> <span class='ocrx_word' id='word_1_353' title='bbox 1143 1625 1359 1661; x_wconf 88' lang='lat' dir='ltr'><strong>Tiberinus</strong></span> <span class='ocrx_word' id='word_1_354' title='bbox 1398 1626 1545 1660; x_wconf 88' lang='lat' dir='ltr'><strong>dicitur</strong></span> <span class='ocrx_word' id='word_1_355' title='bbox 1581 1624 1663 1668; x_wconf 90' lang='lat'><strong>570,</strong></span> 
     </span>
     <span class='ocr_line' id='line_1_79' title="bbox 997 1673 1664 1719; baseline -0.001 -11"><span class='ocrx_word' id='word_1_356' title='bbox 997 1673 1051 1708; x_wconf 89' lang='lat'><strong>15.</strong></span> <span class='ocrx_word' id='word_1_357' title='bbox 1090 1674 1176 1709; x_wconf 86' lang='lat' dir='ltr'><strong>eius</strong></span> <span class='ocrx_word' id='word_1_358' title='bbox 1211 1674 1327 1719; x_wconf 86' lang='lat' dir='ltr'><strong>regni</strong></span> <span class='ocrx_word' id='word_1_359' title='bbox 1363 1676 1402 1709; x_wconf 91' lang='lat' dir='ltr'><strong>et</strong></span> <span class='ocrx_word' id='word_1_360' title='bbox 1435 1673 1545 1708; x_wconf 86' lang='lat' dir='ltr'><strong>vitae</strong></span> <span class='ocrx_word' id='word_1_361' title='bbox 1576 1682 1664 1718; x_wconf 88' lang='lat' dir='ltr'><strong>spa-</strong></span> 
     </span>
     <span class='ocr_line' id='line_1_80' title="bbox 995 1721 1568 1766; baseline -0.002 -10"><span class='ocrx_word' id='word_1_362' title='bbox 995 1722 1093 1756; x_wconf 89' lang='lat' dir='ltr'><strong>tium</strong></span> <span class='ocrx_word' id='word_1_363' title='bbox 1126 1721 1206 1766; x_wconf 91' lang='lat'><strong>570,</strong></span> <span class='ocrx_word' id='word_1_364' title='bbox 1223 1722 1277 1757; x_wconf 93' lang='lat'><strong>17.</strong></span> <span class='ocrx_word' id='word_1_365' title='bbox 1305 1741 1348 1746; x_wconf 92' lang='lat'>—</span> <span class='ocrx_word' id='word_1_366' title='bbox 1375 1721 1413 1756; x_wconf 93' lang='lat' dir='ltr'><strong>II</strong></span> <span class='ocrx_word' id='word_1_367' title='bbox 1439 1721 1568 1765; x_wconf 87' lang='lat' dir='ltr'><strong>57l,3.</strong></span> 
     </span>
    </p>

    <p class='ocr_par' dir='ltr' id='par_1_15' title="bbox 944 1768 1664 1814">
     <span class='ocr_line' id='line_1_81' title="bbox 944 1768 1664 1814; baseline -0.001 -10"><span class='ocrx_word' id='word_1_368' title='bbox 944 1769 1150 1814; x_wconf 83' lang='grc' dir='ltr'><strong><em>Ἐλεάζαρ</em></strong></span> <span class='ocrx_word' id='word_1_369' title='bbox 1177 1780 1207 1805; x_wconf 83' lang='lat' dir='ltr'><strong>s.</strong></span> <span class='ocrx_word' id='word_1_370' title='bbox 1233 1769 1437 1814; x_wconf 79' lang='grc' dir='ltr'><strong><em>Ἐλεάζαρος</em></strong></span> <span class='ocrx_word' id='word_1_371' title='bbox 1466 1769 1495 1803; x_wconf 87' lang='grc'><strong>1.</strong></span> <span class='ocrx_word' id='word_1_372' title='bbox 1514 1768 1664 1814; x_wconf 80' lang='lat' dir='ltr'><strong>Moysis</strong></span> 
     </span>
    </p>

    <p class='ocr_par' dir='ltr' id='par_1_16' title="bbox 949 1863 1664 1958">
     <span class='ocr_line' id='line_1_82' title="bbox 949 1863 1664 1911; baseline -0.003 -11"><span class='ocrx_word' id='word_1_373' title='bbox 949 1884 993 1890; x_wconf 88' lang='lat'>—</span> <span class='ocrx_word' id='word_1_374' title='bbox 1019 1864 1053 1900; x_wconf 90' lang='lat'><strong>2.</strong></span> <span class='ocrx_word' id='word_1_375' title='bbox 1086 1865 1260 1901; x_wconf 87' lang='lat' dir='ltr'><strong>Aaronis</strong></span> <span class='ocrx_word' id='word_1_376' title='bbox 1292 1866 1317 1900; x_wconf 84' lang='lat' dir='ltr'><strong>f.</strong></span> <span class='ocrx_word' id='word_1_377' title='bbox 1350 1865 1534 1911; x_wconf 78' lang='lat' dir='ltr'><strong>pontifex</strong></span> <span class='ocrx_word' id='word_1_378' title='bbox 1561 1863 1579 1899; x_wconf 96' lang='lat' dir='ltr'>I</span> <span class='ocrx_word' id='word_1_379' title='bbox 1608 1863 1664 1908; x_wconf 87' lang='lat'><strong>70,</strong></span> 
     </span>
     <span class='ocr_line' id='line_1_83' title="bbox 999 1911 1630 1958; baseline -0.002 -11"><span class='ocrx_word' id='word_1_380' title='bbox 999 1913 1053 1948; x_wconf 91' lang='lat'><strong>14.</strong></span> <span class='ocrx_word' id='word_1_381' title='bbox 1080 1913 1137 1958; x_wconf 91' lang='lat'><strong>74,</strong></span> <span class='ocrx_word' id='word_1_382' title='bbox 1152 1913 1209 1948; x_wconf 90' lang='lat'><strong>20.</strong></span> <span class='ocrx_word' id='word_1_383' title='bbox 1239 1914 1295 1957; x_wconf 90' lang='lat'><strong>75,</strong></span> <span class='ocrx_word' id='word_1_384' title='bbox 1310 1913 1343 1948; x_wconf 94' lang='lat'><strong>4.</strong></span> <span class='ocrx_word' id='word_1_385' title='bbox 1370 1913 1476 1956; x_wconf 85' lang='lat'><strong>81,1.</strong></span> <span class='ocrx_word' id='word_1_386' title='bbox 1502 1911 1630 1956; x_wconf 88' lang='lat'><strong>97,15.</strong></span> 
     </span>
    </p>

    <p class='ocr_par' dir='ltr' id='par_1_17' title="bbox 948 1958 1666 2196">
     <span class='ocr_line' id='line_1_84' title="bbox 948 1958 1666 2006; baseline -0.004 -10"><span class='ocrx_word' id='word_1_387' title='bbox 948 1979 995 1986; x_wconf 89' lang='lat'>—</span> <span class='ocrx_word' id='word_1_388' title='bbox 1027 1961 1061 1996; x_wconf 87' lang='lat'><strong>3.</strong></span> <span class='ocrx_word' id='word_1_389' title='bbox 1098 1962 1223 1996; x_wconf 85' lang='lat' dir='ltr'><strong>frater</strong></span> <span class='ocrx_word' id='word_1_390' title='bbox 1250 1959 1423 1997; x_wconf 88' lang='lat' dir='ltr'><strong>Simonis</strong></span> <span class='ocrx_word' id='word_1_391' title='bbox 1458 1970 1530 2006; x_wconf 91' lang='lat' dir='ltr'><strong>pro</strong></span> <span class='ocrx_word' id='word_1_392' title='bbox 1562 1958 1666 1994; x_wconf 83' lang='lat' dir='ltr'><strong>Onia</strong></span> 
     </span>
     <span class='ocr_line' id='line_1_85' title="bbox 998 2007 1665 2054; baseline -0.003 -11"><span class='ocrx_word' id='word_1_393' title='bbox 998 2008 1077 2044; x_wconf 81' lang='lat' dir='ltr'><strong>filio</strong></span> <span class='ocrx_word' id='word_1_394' title='bbox 1105 2009 1241 2044; x_wconf 79' lang='lat' dir='ltr'><strong>fratris</strong></span> <span class='ocrx_word' id='word_1_395' title='bbox 1264 2009 1447 2054; x_wconf 83' lang='lat' dir='ltr'><strong>pontifex</strong></span> <span class='ocrx_word' id='word_1_396' title='bbox 1474 2008 1491 2042; x_wconf 97' lang='grc' dir='ltr'>Ι</span> <span class='ocrx_word' id='word_1_397' title='bbox 1509 2007 1665 2049; x_wconf 88' lang='lat'><strong>357,12.</strong></span> 
     </span>
     <span class='ocr_line' id='line_1_86' title="bbox 996 2055 1666 2100; baseline -0.003 -9"><span class='ocrx_word' id='word_1_398' title='bbox 996 2056 1078 2100; x_wconf 88' lang='grc'><strong>360,</strong></span> <span class='ocrx_word' id='word_1_399' title='bbox 1094 2056 1148 2091; x_wconf 93' lang='grc'><strong>16.</strong></span> <span class='ocrx_word' id='word_1_400' title='bbox 1188 2056 1239 2091; x_wconf 77' lang='lat' dir='ltr'><strong>ad</strong></span> <span class='ocrx_word' id='word_1_401' title='bbox 1268 2056 1543 2091; x_wconf 87' lang='lat' dir='ltr'><strong>Ptolemaeum</strong></span> <span class='ocrx_word' id='word_1_402' title='bbox 1579 2055 1666 2090; x_wconf 89' lang='lat' dir='ltr'><strong>Phi-</strong></span> 
     </span>
     <span class='ocr_line' id='line_1_87' title="bbox 1000 2103 1666 2149; baseline -0.002 -10"><span class='ocrx_word' id='word_1_403' title='bbox 1000 2104 1229 2149; x_wconf 84' lang='lat' dir='ltr'><strong>ladelphum</strong></span> <span class='ocrx_word' id='word_1_404' title='bbox 1270 2103 1380 2139; x_wconf 92' lang='lat' dir='ltr'><strong>LXX</strong></span> <span class='ocrx_word' id='word_1_405' title='bbox 1424 2104 1666 2149; x_wconf 85' lang='lat' dir='ltr'><strong>interpretes</strong></span> 
     </span>
     <span class='ocr_line' id='line_1_88' title="bbox 997 2150 1666 2196; baseline -0.001 -9"><span class='ocrx_word' id='word_1_406' title='bbox 997 2152 1116 2187; x_wconf 88' lang='lat' dir='ltr'><strong>mittit</strong></span> <span class='ocrx_word' id='word_1_407' title='bbox 1134 2151 1215 2196; x_wconf 88' lang='lat'><strong>357,</strong></span> <span class='ocrx_word' id='word_1_408' title='bbox 1233 2151 1406 2196; x_wconf 89' lang='lat'><strong>12—358,</strong></span> <span class='ocrx_word' id='word_1_409' title='bbox 1419 2151 1452 2186; x_wconf 89' lang='grc'><strong>3.</strong></span> <span class='ocrx_word' id='word_1_410' title='bbox 1480 2151 1564 2187; x_wconf 91' lang='lat' dir='ltr'><strong>obit</strong></span> <span class='ocrx_word' id='word_1_411' title='bbox 1583 2150 1666 2195; x_wconf 91' lang='grc'><strong>360,</strong></span> 
     </span>
    </p>

    <p class='ocr_par' dir='ltr' id='par_1_18' title="bbox 951 2246 1665 2292">
     <span class='ocr_line' id='line_1_89' title="bbox 951 2246 1665 2292; baseline 0 -10"><span class='ocrx_word' id='word_1_412' title='bbox 951 2268 994 2272; x_wconf 86' lang='grc'>-</span> <span class='ocrx_word' id='word_1_413' title='bbox 1021 2247 1054 2282; x_wconf 95' lang='lat'><strong>4.</strong></span> <span class='ocrx_word' id='word_1_414' title='bbox 1081 2247 1204 2292; x_wconf 81' lang='grc' dir='ltr'><strong><em>Αὕραν</em></strong></span> <span class='ocrx_word' id='word_1_415' title='bbox 1229 2246 1463 2283; x_wconf 84' lang='lat' dir='ltr'><strong>Mattathiae</strong></span> <span class='ocrx_word' id='word_1_416' title='bbox 1490 2248 1516 2282; x_wconf 87' lang='lat' dir='ltr'><strong>f.</strong></span> <span class='ocrx_word' id='word_1_417' title='bbox 1547 2246 1665 2291; x_wconf 89' lang='lat'><strong>1367,</strong></span> 
     </span>
    </p>

    <p class='ocr_par' dir='ltr' id='par_1_19' title="bbox 952 2323 1667 2473">
     <span class='ocr_line' id='line_1_90' title="bbox 952 2323 1667 2389; baseline 0 -12"><span class='ocrx_word' id='word_1_418' title='bbox 952 2363 994 2369; x_wconf 90' lang='lat'><strong>—-</strong></span> <span class='ocrx_word' id='word_1_419' title='bbox 1021 2342 1054 2378; x_wconf 88' lang='lat'><strong>5.</strong></span> <span class='ocrx_word' id='word_1_420' title='bbox 1082 2323 1163 2389; x_wconf 56' lang='lat' dir='ltr'><strong>pro,</strong></span> <span class='ocrx_word' id='word_1_421' title='bbox 1180 2343 1348 2379; x_wconf 87' lang='lat' dir='ltr'><strong>Ioazaro</strong></span> <span class='ocrx_word' id='word_1_422' title='bbox 1376 2343 1500 2378; x_wconf 82' lang='lat' dir='ltr'><strong>fratre</strong></span> <span class='ocrx_word' id='word_1_423' title='bbox 1526 2343 1577 2377; x_wconf 86' lang='lat' dir='ltr'><strong>ab</strong></span> <span class='ocrx_word' id='word_1_424' title='bbox 1595 2337 1667 2378; x_wconf 80' lang='lat' dir='ltr'><strong>Ar-</strong></span> 
     </span>
     <span class='ocr_line' id='line_1_91' title="bbox 999 2390 1666 2473; baseline -0.003 -47"><span class='ocrx_word' id='word_1_425' title='bbox 999 2391 1137 2473; x_wconf 47' lang='lat' dir='ltr'><strong>chelao</strong></span> <span class='ocrx_word' id='word_1_426' title='bbox 1165 2394 1326 2427; x_wconf 86' lang='lat' dir='ltr'><strong>creatur</strong></span> <span class='ocrx_word' id='word_1_427' title='bbox 1344 2390 1534 2426; x_wconf 83' lang='lat' dir='ltr'><strong>sacerdos</strong></span> <span class='ocrx_word' id='word_1_428' title='bbox 1549 2390 1566 2425; x_wconf 96' lang='lat' dir='ltr'>I</span> <span class='ocrx_word' id='word_1_429' title='bbox 1583 2390 1666 2434; x_wconf 87' lang='lat'><strong>472,</strong></span> 
     </span>
    </p>

    <p class='ocr_par' dir='ltr' id='par_1_20' title="bbox 953 2485 1664 2532">
     <span class='ocr_line' id='line_1_92' title="bbox 953 2485 1664 2532; baseline -0.001 -10"><span class='ocrx_word' id='word_1_430' title='bbox 953 2508 994 2513; x_wconf 97' lang='lat'><strong>—</strong></span> <span class='ocrx_word' id='word_1_431' title='bbox 1014 2487 1046 2521; x_wconf 92' lang='lat'><strong>6.</strong></span> <span class='ocrx_word' id='word_1_432' title='bbox 1067 2486 1211 2522; x_wconf 84' lang='lat' dir='ltr'><strong>Annae</strong></span> <span class='ocrx_word' id='word_1_433' title='bbox 1237 2487 1262 2522; x_wconf 83' lang='lat' dir='ltr'><strong>f.</strong></span> <span class='ocrx_word' id='word_1_434' title='bbox 1290 2486 1470 2532; x_wconf 82' lang='lat' dir='ltr'><strong>pontifex</strong></span> <span class='ocrx_word' id='word_1_435' title='bbox 1501 2485 1515 2520; x_wconf 94' lang='lat'><strong>1</strong></span> <span class='ocrx_word' id='word_1_436' title='bbox 1535 2485 1616 2530; x_wconf 91' lang='lat'><strong>477,</strong></span> <span class='ocrx_word' id='word_1_437' title='bbox 1631 2485 1664 2521; x_wconf 92' lang='grc'><strong>9.</strong></span> 
     </span>
    </p>

    <p class='ocr_par' dir='ltr' id='par_1_21' title="bbox 951 2533 1667 2626">
     <span class='ocr_line' id='line_1_93' title="bbox 951 2533 1667 2576; baseline -0.003 -6"><span class='ocrx_word' id='word_1_438' title='bbox 951 2555 994 2561; x_wconf 90' lang='grc'><strong>-</strong></span> <span class='ocrx_word' id='word_1_439' title='bbox 1015 2535 1047 2570; x_wconf 93' lang='grc'><strong>7.</strong></span> <span class='ocrx_word' id='word_1_440' title='bbox 1065 2534 1271 2570; x_wconf 86' lang='lat' dir='ltr'><strong>Galilaeus</strong></span> <span class='ocrx_word' id='word_1_441' title='bbox 1290 2533 1438 2570; x_wconf 83' lang='lat' dir='ltr'><strong>Izatem</strong></span> <span class='ocrx_word' id='word_1_442' title='bbox 1458 2537 1605 2576; x_wconf 87' lang='lat' dir='ltr'><strong>movet,</strong></span> <span class='ocrx_word' id='word_1_443' title='bbox 1622 2538 1667 2568; x_wconf 92' lang='lat' dir='ltr'><strong>ut</strong></span> 
     </span>
     <span class='ocr_line' id='line_1_94' title="bbox 999 2581 1529 2626; baseline -0.004 -8"><span class='ocrx_word' id='word_1_444' title='bbox 999 2582 1309 2618; x_wconf 77' lang='lat' dir='ltr'><strong>circumcidatur</strong></span> <span class='ocrx_word' id='word_1_445' title='bbox 1335 2582 1351 2616; x_wconf 94' lang='lat'>1</span> <span class='ocrx_word' id='word_1_446' title='bbox 1377 2581 1529 2626; x_wconf 88' lang='lat'><strong>508,14.</strong></span> 
     </span>
    </p>

    <p class='ocr_par' dir='ltr' id='par_1_22' title="bbox 952 2628 1666 2722">
     <span class='ocr_line' id='line_1_95' title="bbox 952 2628 1666 2676; baseline -0.001 -11"><span class='ocrx_word' id='word_1_447' title='bbox 952 2650 994 2656; x_wconf 91' lang='lat'>-</span> <span class='ocrx_word' id='word_1_448' title='bbox 1021 2632 1054 2665; x_wconf 90' lang='lat'><strong>8.</strong></span> <span class='ocrx_word' id='word_1_449' title='bbox 1090 2634 1246 2676; x_wconf 80' lang='lat' dir='ltr'><strong>pugnat</strong></span> <span class='ocrx_word' id='word_1_450' title='bbox 1281 2640 1371 2665; x_wconf 85' lang='lat' dir='ltr'><strong>eum</strong></span> <span class='ocrx_word' id='word_1_451' title='bbox 1405 2629 1448 2664; x_wconf 88' lang='lat' dir='ltr'><strong>L.</strong></span> <span class='ocrx_word' id='word_1_452' title='bbox 1482 2628 1621 2664; x_wconf 83' lang='lat' dir='ltr'><strong>Bassio</strong></span> <span class='ocrx_word' id='word_1_453' title='bbox 1650 2628 1666 2663; x_wconf 89' lang='grc' dir='ltr'>Ι</span> 
     </span>
     <span class='ocr_line' id='line_1_96' title="bbox 998 2677 1291 2722; baseline -0.003 -9"><span class='ocrx_word' id='word_1_454' title='bbox 998 2678 1078 2722; x_wconf 71' lang='lat'><strong>554,</strong></span> <span class='ocrx_word' id='word_1_455' title='bbox 1093 2678 1114 2712; x_wconf 80' lang='lat'><strong>4</strong></span> <span class='ocrx_word' id='word_1_456' title='bbox 1124 2677 1244 2722; x_wconf 74' lang='grc'><strong>-557,</strong></span> <span class='ocrx_word' id='word_1_457' title='bbox 1258 2677 1291 2712; x_wconf 89' lang='grc'><strong>4.</strong></span> 
     </span>
    </p>
   </div>
   <div class='ocr_carea' id='block_1_8' title="bbox 162 2725 1665 2915">
    <p class='ocr_par' dir='ltr' id='par_1_23' title="bbox 162 2725 1665 2915">
     <span class='ocr_line' id='line_1_97' title="bbox 162 2725 1663 2773; baseline -0.001 -12"><span class='ocrx_word' id='word_1_458' title='bbox 162 2726 400 2773; x_wconf 78' lang='grc' dir='ltr'><em>Ἐκβάτανα</em></span> <span class='ocrx_word' id='word_1_459' title='bbox 444 2728 474 2763; x_wconf 94' lang='grc'><strong>1.</strong></span> <span class='ocrx_word' id='word_1_460' title='bbox 525 2728 623 2763; x_wconf 80' lang='lat' dir='ltr'><strong>urbs</strong></span> <span class='ocrx_word' id='word_1_461' title='bbox 666 2726 822 2763; x_wconf 79' lang='lat' dir='ltr'><strong>Mediae</strong></span> <span class='ocrx_word' id='word_1_462' title='bbox 862 2727 878 2762; x_wconf 96' lang='lat' dir='ltr'>I</span> <span class='ocrx_word' id='word_1_463' title='bbox 953 2746 993 2751; x_wconf 88' lang='lat'>—</span> <span class='ocrx_word' id='word_1_464' title='bbox 1021 2726 1054 2760; x_wconf 90' lang='lat'><strong>9.</strong></span> <span class='ocrx_word' id='word_1_465' title='bbox 1085 2725 1208 2761; x_wconf 83' lang='lat' dir='ltr'><strong>iudae</strong></span> <span class='ocrx_word' id='word_1_466' title='bbox 1228 2725 1663 2771; x_wconf 80' lang='lat' dir='ltr'><strong>posterussicariorum</strong></span> 
     </span>
     <span class='ocr_line' id='line_1_98' title="bbox 213 2772 1519 2821; baseline -0.003 -11"><span class='ocrx_word' id='word_1_467' title='bbox 213 2774 294 2818; x_wconf 90' lang='lat'><strong>247,</strong></span> <span class='ocrx_word' id='word_1_468' title='bbox 316 2775 368 2811; x_wconf 89' lang='lat'><strong>13.</strong></span> <span class='ocrx_word' id='word_1_469' title='bbox 408 2775 489 2819; x_wconf 87' lang='lat'><strong>255,</strong></span> <span class='ocrx_word' id='word_1_470' title='bbox 511 2775 565 2810; x_wconf 90' lang='lat'><strong>15.</strong></span> <span class='ocrx_word' id='word_1_471' title='bbox 603 2776 682 2819; x_wconf 81' lang='lat'><strong>256,</strong></span> <span class='ocrx_word' id='word_1_472' title='bbox 702 2775 880 2821; x_wconf 85' lang='lat'><strong>21—260,</strong></span> <span class='ocrx_word' id='word_1_473' title='bbox 999 2775 1125 2820; x_wconf 78' lang='lat' dir='ltr'><strong>praef.</strong></span> <span class='ocrx_word' id='word_1_474' title='bbox 1153 2773 1167 2808; x_wconf 90' lang='lat'><strong>1</strong></span> <span class='ocrx_word' id='word_1_475' title='bbox 1196 2773 1278 2817; x_wconf 87' lang='lat'><strong>558,</strong></span> <span class='ocrx_word' id='word_1_476' title='bbox 1293 2772 1445 2816; x_wconf 77' lang='grc'><strong>3-559,</strong></span> <span class='ocrx_word' id='word_1_477' title='bbox 1465 2773 1519 2807; x_wconf 84' lang='lat'><strong>19.</strong></span> 
     </span>
     <span class='ocr_line' id='line_1_99' title="bbox 216 2820 1665 2868; baseline -0.001 -12"><span class='ocrx_word' id='word_1_478' title='bbox 216 2822 270 2857; x_wconf 83' lang='lat'><strong>15.</strong></span> <span class='ocrx_word' id='word_1_479' title='bbox 302 2822 383 2867; x_wconf 87' lang='lat'><strong>302,</strong></span> <span class='ocrx_word' id='word_1_480' title='bbox 397 2822 430 2858; x_wconf 91' lang='lat'><strong>4.</strong></span> <span class='ocrx_word' id='word_1_481' title='bbox 465 2823 545 2867; x_wconf 85' lang='lat'><strong>306,</strong></span> <span class='ocrx_word' id='word_1_482' title='bbox 560 2823 616 2859; x_wconf 86' lang='lat'><strong>22.</strong></span> <span class='ocrx_word' id='word_1_483' title='bbox 643 2823 725 2867; x_wconf 83' lang='lat'><strong>315,</strong></span> <span class='ocrx_word' id='word_1_484' title='bbox 739 2823 772 2859; x_wconf 89' lang='lat'><strong>4.</strong></span> <span class='ocrx_word' id='word_1_485' title='bbox 798 2823 879 2868; x_wconf 87' lang='lat'><strong>350,</strong></span> <span class='ocrx_word' id='word_1_486' title='bbox 952 2841 994 2847; x_wconf 93' lang='lat'><strong>—</strong></span> <span class='ocrx_word' id='word_1_487' title='bbox 1030 2822 1084 2856; x_wconf 93' lang='lat'><strong>10.</strong></span> <span class='ocrx_word' id='word_1_488' title='bbox 1124 2831 1188 2856; x_wconf 87' lang='lat' dir='ltr'><strong>ma</strong></span> <span class='ocrx_word' id='word_1_489' title='bbox 1222 2831 1269 2856; x_wconf 87' lang='lat' dir='ltr'><strong>us</strong></span> <span class='ocrx_word' id='word_1_490' title='bbox 1303 2820 1539 2866; x_wconf 82' lang='lat' dir='ltr'><strong>Vespasiani</strong></span> <span class='ocrx_word' id='word_1_491' title='bbox 1572 2823 1665 2854; x_wconf 75' lang='lat' dir='ltr'><strong>teni-</strong></span> 
     </span>
     <span class='ocr_line' id='line_1_100' title="bbox 214 2832 1364 2915; baseline -0.003 -10"><span class='ocrx_word' id='word_1_492' title='bbox 214 2870 270 2905; x_wconf 89' lang='lat'><strong>20.</strong></span> <span class='ocrx_word' id='word_1_493' title='bbox 1001 2869 1167 2915; x_wconf 77' lang='lat' dir='ltr'><strong>poribus</strong></span> <span class='ocrx_word' id='word_1_494' title='bbox 1192 2832 1219 2903; x_wconf 51' lang='grc' dir='ltr'><em>ξ</em></span> <span class='ocrx_word' id='word_1_495' title='bbox 1240 2868 1317 2911; x_wconf 83' lang='grc'><strong>146,</strong></span> <span class='ocrx_word' id='word_1_496' title='bbox 1332 2868 1364 2902; x_wconf 91' lang='lat'><strong>2.</strong></span> 
     </span>
    </p>
   </div>
   <div class='ocr_carea' id='block_1_9' title="bbox 168 2915 1664 2964">
    <p class='ocr_par' dir='ltr' id='par_1_24' title="bbox 168 2915 1664 2964">
     <span class='ocr_line' id='line_1_101' title="bbox 168 2915 1664 2964; baseline -0.001 -12"><span class='ocrx_word' id='word_1_497' title='bbox 168 2937 208 2943; x_wconf 94' lang='lat'><strong>—-</strong></span> <span class='ocrx_word' id='word_1_498' title='bbox 230 2918 262 2952; x_wconf 90' lang='lat'><strong>2.</strong></span> <span class='ocrx_word' id='word_1_499' title='bbox 282 2917 423 2964; x_wconf 70' lang='lat' dir='ltr'><strong>Syriae</strong></span> <span class='ocrx_word' id='word_1_500' title='bbox 442 2918 550 2963; x_wconf 81' lang='lat' dir='ltr'><strong>urbs,</strong></span> <span class='ocrx_word' id='word_1_501' title='bbox 577 2919 644 2954; x_wconf 87' lang='lat' dir='ltr'><strong>ubi</strong></span> <span class='ocrx_word' id='word_1_502' title='bbox 667 2919 749 2953; x_wconf 82' lang='lat' dir='ltr'><strong>obit</strong></span> <span class='ocrx_word' id='word_1_503' title='bbox 769 2918 879 2954; x_wconf 88' lang='lat' dir='ltr'><strong>Cam·</strong></span> <span class='ocrx_word' id='word_1_504' title='bbox 948 2917 1092 2962; x_wconf 74' lang='grc' dir='ltr'><em>Ἑλένη</em></span> <span class='ocrx_word' id='word_1_505' title='bbox 1120 2915 1264 2962; x_wconf 75' lang='grc' dir='ltr'><strong><em>[Ἑλένη]</em></strong></span> <span class='ocrx_word' id='word_1_506' title='bbox 1295 2916 1323 2951; x_wconf 90' lang='lat'><strong>1.</strong></span> <span class='ocrx_word' id='word_1_507' title='bbox 1359 2915 1664 2951; x_wconf 83' lang='lat' dir='ltr'><strong>Adiabenorum</strong></span> 
     </span>
    </p>
   </div>
   <div class='ocr_carea' id='block_1_10' title="bbox 999 2961 1667 3011">
    <p class='ocr_par' dir='ltr' id='par_1_25' title="bbox 999 2961 1667 3011">
     <span class='ocr_line' id='line_1_102' title="bbox 999 2961 1667 3011; baseline -0.001 -12"><span class='ocrx_word' id='word_1_508' title='bbox 999 2965 1154 3011; x_wconf 85' lang='lat' dir='ltr'><strong>regina,</strong></span> <span class='ocrx_word' id='word_1_509' title='bbox 1187 2974 1301 3000; x_wconf 85' lang='lat' dir='ltr'><strong>soror</strong></span> <span class='ocrx_word' id='word_1_510' title='bbox 1333 2967 1373 3000; x_wconf 90' lang='lat' dir='ltr'><strong>et</strong></span> <span class='ocrx_word' id='word_1_511' title='bbox 1400 2973 1504 2999; x_wconf 89' lang='lat' dir='ltr'><strong>uxor</strong></span> <span class='ocrx_word' id='word_1_512' title='bbox 1530 2961 1667 2999; x_wconf 82' lang='lat' dir='ltr'><strong>Mono-</strong></span> 
     </span>
    </p>
   </div>
  </div>
 </body>
</html>
