2054 3282
359 236 429 272 300
755 232 934 272 ZONAR.
964 232 1093 270 EPIT.
1120 231 1191 269 XV
1221 231 1276 278 13,
1304 229 1455 269 17-29.

359 356 518 410 δέξατο,
563 357 633 398 καὶ
677 357 787 398 οὕτω
832 360 902 411 τῆς
929 355 1098 402 Ἰταλίας
1136 355 1273 411 πάσης
1309 354 1380 397 καὶ
1418 359 1489 410 τῆς
1517 354 1684 411 Ῥώμης
1723 356 1973 411 aiam-Dm
1986 363 2054 402 36⁵2

358 426 610 479 ἐκυρίευσαν.

300 494 344 530 18
479 494 559 549 Τῆς
590 493 775 547 Εἰρήνης
816 493 860 534 δὲ
896 492 1236 546 μοναρχησάσης,
1283 492 1344 538 ὠς
1381 492 1575 545 λέλεκται,
1621 493 1660 534 οἱ
1693 493 1847 548 ἀνδρά-

358 563 501 617 δελφοι
532 563 659 616 αὐτῆς
690 561 985 615 καθειργμένοι
1014 561 1283 615 τυγχάνοντες
1314 561 1589 615 ἠδυνήθησαν
1619 566 1669 616 τῇ
1689 561 1848 616 μεγάλῃ

355 631 601 684 προσελθεῖν
623 630 831 684 ἐκκλησίᾳ,
864 629 979 683 παρά
1001 644 1124 670 τινων
1149 632 1428 683 νεωτεριστῶν
1458 629 1566 683 πρὸς
1596 634 1717 672 τοῦτο
1749 630 1848 672 ἀνα·
1863 631 1886 667 5

298 699 342 735 19
356 699 600 744 πεισθέντες.
657 698 808 744 Ἀέτιος
840 696 915 739 οὖν
947 698 971 738 ὁ
1002 698 1215 752 εὐνοῦχος,
1246 698 1353 752 μέγα
1385 697 1474 739 τότε
1503 697 1620 751 παρὰ
1651 703 1700 753 τῇ
1733 699 1850 753 βασι-

356 767 470 821 λίσσῃ
517 767 760 820 δυνάμενος,
806 765 1006 807 ἀπελθὼν
1049 766 1120 807 καὶ
1156 767 1307 812 πίστεις
1344 767 1484 812 αὐτοῖς
1519 767 1754 822 παρασχὼν
1790 767 1852 814 ὡς

358 836 481 877 οὐδὲν
514 835 647 877 δεινὸν
677 835 895 882 πείσονται,
934 835 1127 889 ἐξήνεγκε
1157 839 1230 889 τῆς
1261 835 1482 889 ἐκκλησίας
1513 835 1664 882 αὐτοὺς
1694 835 1765 877 καὶ
1795 836 1852 883 εἰς

296 903 534 958 9οἈθήνας
571 904 826 958 ἀπήχθησαν
865 903 1089 957 ὗπερόριοι.
1151 904 1276 945 κάκεῖ
1309 903 1538 957 διαγόντων
1579 905 1720 946 αὐτῶν
1750 903 1851 950 τινὲς

354 975 439 1013 τῶν
459 977 532 1027 τῆς
547 972 748 1018 Ἑλλάδος
767 972 1014 1027 προσῆλθον
1034 977 1096 1026 τῷ
1117 972 1284 1026 ἄρχοντι
1305 975 1390 1013 τῶν
1411 972 1672 1027 Σθλαβικῶν
1697 973 1849 1021 ἐθνῶν,
1867 974 1911 1010 10

305 1040 340 1075 D
356 1040 544 1094 δεόμενοι
581 1041 709 1082 αὐτοῦ
749 1041 962 1094 ἐξαγαγεῖν
1001 1040 1152 1086 αὐτοὺς
1191 1040 1262 1082 καὶ
1293 1041 1364 1082 ἕνα
1395 1041 1741 1095 προχειρίσασθαι
1771 1042 1849 1096 βα-

294 1109 466 1150 21σιλέα
504 1109 574 1151 καὶ
606 1110 826 1163 ἀναγαγεῖν
857 1108 983 1150 αὐτὸν
1015 1110 1071 1155 εἷς
1102 1109 1174 1164 τὴν
1205 1109 1394 1163 βασιλίδα
1426 1113 1511 1150 τῶν
1540 1109 1719 1151 πόλεων.
1765 1125 1847 1164 μη-

354 1178 553 1224 νυθέντος
586 1178 631 1219 δὲ
662 1178 811 1219 τούτου
842 1182 891 1233 τῇ
922 1177 1110 1232 βασιλίδι,
1154 1178 1374 1232 προστάξει
1412 1178 1570 1232 ἐκείνης
1600 1178 1847 1232 ἀπετυφλώ-

353 1246 493 1301 θησαν
524 1248 713 1293 ἅπαντες.

468 1314 520 1357 ‘O
552 1315 597 1356 δὲ
627 1319 712 1356 τῶν
734 1315 944 1369 Φράγγων
967 1315 1152 1370 ἀρχηγὸς
1174 1316 1398 1370 Κάρουλος
1418 1315 1610 1370 βασιλεὺς
1626 1315 1849 1369 Ῥωμαίων
1866 1314 1908 1351 15

352 1383 469 1437 παρὰ
506 1388 579 1425 τοῦ
615 1385 734 1425 πάπα
769 1385 961 1435 Λέοντος,
1008 1385 1070 1431 ὡς
1109 1386 1276 1439 εἴρηται,
1321 1384 1620 1438 ἀναγορευθεὶς
1656 1384 1849 1438 πρέσβεις

355 1454 517 1508 ἔπεμψε
547 1453 655 1507 πρὸς
685 1453 759 1508 τὴν
780 1453 980 1508 Εἰρήνην,
1014 1455 1151 1508 ζητῶν
1182 1454 1462 1508 συζευχθῆναι
1488 1454 1593 1508 αὐτῇ
1614 1453 1719 1494 κατὰ
1741 1469 1846 1507 συμ-

294 1521 340 1557 23
353 1522 500 1577 βίωσιν
531 1522 725 1576 γαμικήν.
787 1522 859 1563 καὶ
890 1521 981 1564 οὐδ’
1015 1523 1148 1576 ἐκείνῃ
1181 1526 1302 1564 τοῦτο
1334 1522 1568 1576 ἀβούλητον
1601 1521 1731 1575 ἔδοξε,
1776 1522 1847 1564 καὶ

294 1315 340 1351 22

353 1675 376 1710 3
399 1675 478 1719 περὶ
503 1680 572 1710 τῶν
598 1675 852 1721 ἆνδραδέλφων
877 1682 936 1721 τῆς
960 1677 1163 1722 βασιλίσσης
1188 1676 1345 1721 Εἰρήνης
1373 1677 1489 1720 (corr.
1515 1687 1566 1711 ex
1591 1675 1776 1720 θεοδώρας
1803 1676 1844 1719 Ε,

354 1734 391 1758 v.
419 1733 504 1769 arg.
532 1734 568 1769 p.
595 1723 676 1768 085,
702 1723 738 1767 3)
767 1723 829 1760 ΟΕ
1063 1724 1107 1759 15
1132 1725 1183 1758 ὅτι
1209 1724 1321 1768 ἐζήτει
1350 1724 1371 1757 ὁ
1394 1728 1464 1758 τῶν
1495 1724 1666 1768 Φράγγων
1691 1723 1845 1769 ἀρχηγὸς

349 1771 590 1858 Ξτὲζὲῗέἔθλτξγαι
616 1777 657 1818 τῇ
682 1771 868 1818 βασιλίσσῃ
909 1771 1042 1818 (εἰρήνῃ
1073 1771 1118 1815 Ε)
1146 1771 1219 1816 ΟΕ,
1254 1773 1449 1817 σημείωσαι
1481 1772 1532 1806 ὅτι
1563 1771 1730 1817 εὐνοῦχος
1759 1771 1803 1817 ἦν
1827 1772 1848 1807 ὅ

425 1950 445 1984 1
471 1949 607 1995 ἁπάσης
632 1950 668 1984 D
782 1951 804 1985 3
829 1952 961 1996 εἴρηται
989 1951 1020 1986 O
1134 1951 1156 1987 5
1180 1957 1394 1997 προςφυγεῖν
1419 1951 1517 1997 pr
1637 1952 1685 1990 εἷς
1710 1950 1845 1996 DEwp

426 1998 470 2032 10
495 2004 544 2042 τῷ
570 2003 640 2032 τῶν
666 1998 874 2043 σθλαβίκῶν
899 1999 1017 2034 ἐθνῶν
1043 1999 1183 2043 ἄρχοντι
1212 1999 1243 2034 O
1352 2000 1393 2033 11
1421 1999 1516 2034 αὐτῶ
1543 1998 1572 2033 Β
1669 1999 1847 2043 ἐξαγαγεῖν

426 2056 501 2080 0111.
527 2045 570 2089 Β,
598 2046 690 2080 add.
716 2046 830 2090 Bu-(P)
916 2047 959 2081 12
984 2047 1123 2091 ἀγαγεῖν
1150 2047 1245 2092 Ewp
1327 2047 1371 2081 13
1395 2047 1578 2092 βασιλίσσῃ
1607 2046 1642 2081 D
1718 2047 1773 2082 13.
1802 2046 1845 2080 14

424 2093 587 2128 ἁπάντων
605 2093 644 2128 τὰ
662 2095 800 2138 ὀζιιματα
817 2094 1059 2138 ε’πηρώθησαν
1077 2094 1157 2139 CD,
1183 2094 1222 2129 τὰ
1240 2096 1378 2139 ὄμματα
1394 2095 1535 2129 πάντων
1552 2094 1791 2139 ἑπηρώθησαν
1812 2093 1844 2128 Β

426 2140 470 2176 15
496 2144 591 2176 ante
615 2141 790 2186 κάρουλος
817 2141 909 2176 add.
935 2143 956 2176 ὁ
981 2142 1049 2176 BD
1190 2142 1316 2177 1516
1341 2142 1503 2187 βασιλεὺς
1529 2142 1578 2181 ὥς
1603 2143 1735 2187 εἴρηται
1760 2142 1844 2176 ἀνα-

424 2189 605 2233 γορευθεὶς
635 2189 809 2234 ρωμαίων
838 2189 933 2233 παρὰ
963 2194 1024 2225 τοῦ
1051 2189 1149 2224 πάπα
1174 2190 1310 2228 λεοντος
1337 2189 1377 2233 C,
1410 2189 1573 2236 βασιλεὺς
1598 2190 1770 2235 ρωμαίων
1796 2189 1845 2228 ὥς

423 2237 556 2281 εἴρηται
580 2235 676 2282 παρὰ
701 2242 760 2272 τοῦ
785 2237 882 2272 πάπα
907 2237 1039 2276 λέοντος
1065 2237 1312 2283 ἀναγορευθεις
1339 2237 1374 2271 D

298 2376 339 2411 18
473 2379 591 2414 Irene
616 2380 839 2424 imperium,
877 2383 922 2415 ut
949 2380 1099 2415 dictum
1126 2383 1197 2423 est,
1235 2380 1575 2425 adepta,frat1es
1602 2380 1689 2414 eius
1715 2379 1846 2414 mariti

354 2437 517 2462 carceie
544 2427 667 2472 elapsi
694 2428 735 2462 in
759 2438 948 2472 magnam
975 2428 1185 2463 eeclesiam
1206 2438 1248 2463 se
1268 2427 1403 2462 cont-'u
1407 2438 1450 2461 ει
1452 2429 1536 2469 unt
1563 2437 1586 2461 a
1606 2426 1846 2470 quibusdam

295 2471 339 2506 19
353 2485 552 2509 novalum
578 2485 711 2510 rmum
744 2475 934 2510 studiosis
964 2476 1131 2510 incitati.
1182 2474 1323 2510 Aetius
1355 2475 1480 2519 igitur
1513 2474 1734 2517 eunuchus,
1779 2474 1847 2519 qui

353 2522 520 2556 multum
548 2522 658 2567 apud
683 2523 867 2567 reginam
894 2523 1067 2566 valebat,
1094 2522 1172 2558 fide
1198 2522 1448 2567 impunitatis
1475 2521 1570 2556 data
1591 2531 1659 2556 eos
1678 2520 1848 2556 ecelesia

293 2566 340 2602 20
354 2569 521 2604 eductos
562 2569 742 2604 Athenas
780 2570 991 2614 relegavit.
1043 2570 1103 2605 Ibi
1142 2580 1232 2605 culn
1271 2574 1455 2613 agerent,
1498 2568 1643 2604 Graeci
1684 2569 1847 2614 quidam

353 2615 627 2652 Selavicfflum
653 2618 834 2662 gentium
863 2618 1082 2663 principem
1116 2596 1534 2663 p1ecibus⁰adier‚unt
1574 2619 1618 2650 ut
1651 2626 1719 2651 eos
1753 2616 1848 2651 inde

354 2663 545 2700 educeret
572 2669 610 2699 et
640 2675 766 2699 unum
801 2675 850 2699 ex
883 2665 931 2700 iis
962 2675 1101 2711 legem
1140 2665 1396 2710 designatum
1435 2664 1474 2698 in
1512 2664 1654 2698 urbem
1693 2664 1847 2708 regiam

294 2709 337 2744 21
353 2711 576 2747 leduceret.
627 2712 715 2753 Qua
735 2722 778 2747 re
803 2713 855 2747 ad
882 2713 1064 2758 reginam
1092 2712 1237 2756 delata,
1263 2712 1448 2747 omnibus
1474 2711 1578 2746 illius
1603 2711 1716 2746 iussu
1743 2711 1847 2746 oculi

354 2762 447 2793 sunt
474 2760 589 2794 eruti.

294 2803 339 2838 22
472 2805 524 2841 At
542 2805 619 2842 Car
623 2807 720 2850 olus,
747 2806 995 2843 Francorum
1020 2807 1115 2851 dux,
1143 2817 1215 2842 rex
1236 2806 1507 2841 Romanorum
1527 2816 1551 2840 a
1571 2815 1678 2851 papa
1697 2804 1846 2848 Leone,

353 2855 398 2887 ut
425 2853 576 2888 dictum
601 2857 670 2898 est,
710 2855 937 2900 appellatus
968 2855 1096 2889 missis
1128 2855 1180 2889 ad
1206 2854 1350 2889 Irenen
1384 2854 1529 2899 legatis
1555 2853 1717 2898 nuptias
1743 2853 1848 2887 illius

294 2898 340 2936 23
355 2900 503 2936 ambiit.
556 2901 669 2943 Quae
701 2912 791 2938 eum
827 2902 878 2939 ab
911 2902 977 2939 illo
1011 2902 1202 2950 coniugio
1234 2912 1316 2939 non
1354 2901 1600 2945 abhoireret,
1638 2910 1703 2936 res
1742 2903 1848 2937 esset
