2054 3282
331 200 400 235 616
680 199 861 236 ZONAR.
889 200 1018 235 EPIT.
1045 199 1156 234 XVII
1182 199 1239 245 ⁶20,
1267 200 1417 246 15-21,
1443 202 1476 237 8.

275 325 319 361 16
332 321 454 375 τέρου
498 321 672 376 Μιχαὴλ
715 321 1009 374 εὗμενεστέρου
1052 320 1286 375 τετύχηκεν.
1358 322 1444 363 ἐπεὶ
1492 322 1537 364 δὲ
1584 322 1629 364 τὸ
1674 323 1827 377 κράτος

334 390 568 444 ἐπανῆλθεν
590 391 645 435 εἷς
666 389 739 444 τὴν
762 389 903 443 Ζωήν,
935 389 1071 430 λύεται
1090 389 1168 443 μὲν
1189 394 1261 444 τῆς
1282 390 1508 445 ὑπερορίας
1539 391 1563 432 ὁ
1595 391 1828 446 ἄνθρωπος

275 462 320 497 17
333 458 404 499 καὶ
441 459 561 513 ἤγετο
600 458 708 511 πρὸς
744 458 818 512 τὴν
853 461 938 498 τῶν
969 457 1135 499 πόλεων
1167 458 1478 512 βασιλεύουσαν.
1541 459 1603 506 ὡς
1635 457 1671 501 δ’
1706 459 1828 514 ἐγγὺς

334 527 523 581 ἐγεγόνει,
557 526 762 580 ἐπεσχέθη
785 530 858 567 τοῦ
890 526 1055 580 πρόσω,
1088 527 1162 567 καί
1188 543 1245 572 τις
1277 527 1324 568 ἐκ
1355 531 1440 568 τῶν
1471 527 1691 581 βασιλείων
1720 543 1826 582 πεμ-

334 595 458 649 φθεὶς
496 594 568 636 καὶ
608 595 703 649 περὶ
739 595 810 636 τὸν
847 595 891 636 ἐν
922 594 1218 649 Δαμοκρανείᾳ
1255 600 1328 636 τοῦ
1366 597 1694 651 ἀρχιστρατήγου
1725 595 1864 638 ναόν5

335 664 451 717 αὐτῷ
483 663 765 718 ἐντετυχηκὼς
796 663 944 718 στολὴν
976 664 1092 717 αὐτῷ
1125 663 1353 705 ἐνδιδύσκει
1390 665 1607 718 βασίλειον,
1652 664 1723 706 καὶ
1754 663 1829 706 σὺν

336 731 574 786 δορυφορίᾳ
611 732 804 788 βασιλικῇ
842 733 1003 774 ἐκεῖθεν
1040 732 1206 786 ἀπάρας
1246 733 1496 787 εἰσεληλύθει
1535 732 1609 787 τὴν
1639 733 1879 788 βασιλεύ-Ι)
1899 738 1952 774 IV
1972 737 2035 776 157

277 804 322 839 18
336 816 477 842 ουσαν.
539 799 610 841 καὶ
645 801 810 843 τελεῖται
845 800 923 855 μὲν
959 804 1043 847 τοῖς
1078 800 1287 855 βασιλεῦσι
1317 802 1433 856 παρά
1464 818 1537 843 του
1568 805 1653 843 τῶν
1684 802 1831 856 ἱερέων

335 870 361 923 ή
395 869 658 923 ἷεροτελεστία
690 870 715 923 ἡ
749 869 925 924 γαμική·
971 869 995 910 ὁ
1033 868 1112 923 γὰρ
1149 870 1408 924 πατριάρχης
1433 870 1611 918 Ἀλέξιος
1651 869 1718 911 διὰ
1757 869 1832 924 τὴν

294 937 554 991 Οτριγαμίαν
585 938 810 993 ηὐλαβήθη
843 937 917 992 τὴν
948 937 1013 979 ἐπὶ
1043 942 1092 992 τῇ
1125 939 1328 992 συναφείᾳ
1359 938 1518 992 τελετὴν
1552 939 1833 993 αὐτουργῆσαι
1849 945 1893 980 10

280 1009 324 1045 19
338 1006 489 1052 αὐτοῖς.
550 1010 600 1061 τῇ
633 1006 669 1047 δ’
704 1007 799 1061 ἑξῆς
829 1006 904 1061 τὴν
935 1006 1000 1048 ἐπὶ
1030 1010 1092 1060 τῷ
1121 1007 1317 1061 βασιλείῳ
1350 1008 1487 1061 στέφει
1516 1008 1834 1062 μεταχειρίζεται

337 1075 509 1129 τελετήν,
542 1075 613 1116 καὶ
644 1075 851 1117 ἀναδεῖται
883 1075 906 1117 ὁ
936 1074 1202 1129 Μονομάχος
1233 1075 1304 1116 καὶ
1334 1075 1380 1117 τὸ
1413 1080 1626 1130 σκῆπτρον
1656 1074 1702 1117 τὸ
1729 1075 1832 1116 Ῥω-

335 1142 493 1197 μαϊκὸν
524 1143 794 1198 ἐγχειρίζεται.

57 1215 251 1252 W111197
267 1211 319 1254 21
451 1211 671 1254 Ἐντεῦθεν
702 1213 727 1267 ἡ
760 1212 838 1267 μὲν
868 1215 953 1254 τῶν
985 1212 1261 1267 αὒταδέλφων
1293 1212 1401 1267 ἀρχὴ
1441 1212 1555 1258 τέλος
1592 1213 1723 1267 ἔσχεν,
1769 1212 1834 1254 ἐπὶ

338 1280 472 1334 τρίτον
504 1280 758 1334 διαρκέσασα
789 1285 917 1336 μῆνα,
957 1282 982 1336 ἡ
1017 1281 1062 1323 δὲ
1093 1285 1178 1323 τῶν
1208 1285 1364 1323 κοινῶν
1397 1282 1596 1336 διοίκησις
1625 1281 1733 1335 πρὸς
1763 1281 1834 1323 τὸν
1849 1285 1894 1320 15

303 1349 607 1404 2Μονομάχον
633 1351 843 1404 μετέπεσε.
906 1350 977 1392 καὶ
1009 1351 1056 1396 ὃς
1088 1351 1234 1391 αὐτίκα
1267 1351 1317 1391 οὗ
1350 1349 1425 1392 σὺν
1455 1350 1570 1404 λόγῳ
1602 1350 1701 1391 οὐδὲ
1730 1350 1834 1404 μετά

338 1434 446 1464 τινος
485 1419 700 1473 ἔμφρονος
738 1419 981 1473 οἰκονομίας
1023 1420 1116 1461 οὔτε
1153 1419 1226 1466 τὰς
1262 1423 1347 1461 τῶν
1379 1419 1633 1473 ἀξιωμάτων
1664 1420 1837 1460 ἐποιεῖτο

339 1485 459 1541 τιμὰς
491 1487 584 1528 οὔτε
615 1486 688 1533 τὰς
718 1490 803 1528 τῶν
834 1488 1065 1542 χρημάτων
1098 1487 1314 1542 διανομάς,
1360 1487 1461 1529 ἀλλὰ
1501 1488 1572 1529 καὶ
1610 1486 1683 1534 τὰς
1718 1487 1838 1542 τιμὰς

340 1555 475 1610 χύδην
505 1560 677 1610 παρεῖχε
707 1555 779 1597 καὶ
811 1555 872 1602 οἷς
902 1556 961 1611 μὴ
994 1561 1208 1612 προσῆκεν
1239 1555 1368 1602 αὐτὰς
1399 1557 1609 1611 ἐχαρίζετο
1641 1555 1712 1597 καὶ
1742 1555 1839 1603 τοὺς

341 1708 385 1743 11
411 1709 462 1743 ὅτι
487 1708 642 1754 ἒστέφθη
669 1710 689 1744 ὁ
713 1710 932 1755 Μονομάχος
959 1709 1021 1746 CE
1146 1709 1190 1744 14
1214 1711 1371 1755 βασιλεία
1399 1715 1459 1745 τοῦ
1484 1710 1707 1755 ΙῑΙονομάχου
1732 1711 1837 1745 Κων-

342 1757 521 1841 στΙαντίνιὸ)
548 1759 596 1799 (κ.
624 1771 651 1792 τ.
677 1771 756 1802 μον.
784 1757 867 1802 CD)
894 1757 1032 1794 ACDE
1180 1758 1223 1792 16
1249 1759 1321 1797 οἷος
1346 1758 1389 1804 ἦν
1415 1758 1476 1804 τὴν
1501 1758 1646 1804 γνώμην
1672 1759 1693 1792 ὁ
1714 1759 1837 1793 Move-

339 1818 454 1850 μαχος

415 1924 434 1958 1
461 1923 708 1969 εὐμενέστερον
735 1925 770 1960 D
909 1924 931 1959 2
956 1925 1132 1970 ἐπανῆλθε
1157 1925 1244 1970 πρὸς
1271 1925 1405 1970 DEwp
1550 1925 1573 1960 3
1597 1926 1776 1970 πολεμίων
1801 1925 1837 1959 D

459 1973 713 2018 βασιλεύουσαν
735 1974 740 2016 Ι
762 1986 784 2008 σ
810 1972 850 2017 C,
875 1973 1127 2018 βασιλεύουσαν
1153 1974 1206 2007 ὥσ
1233 1984 1333 2008 corr.
1363 1972 1423 2011 Cw
1533 1973 1555 2007 6
1580 1973 1684 2008 αὐτὸν
1709 1973 1780 2008 ἐνδ.
1806 1973 1837 2007 Β

415 2020 436 2055 7
461 2020 592 2064 ἐπάρας
618 2019 653 2054 D
783 2021 816 2056 8.
844 2021 866 2056 9
890 2021 985 2065 παρά
1010 2034 1070 2056 του
1098 2035 1125 2055 τ.
1154 2021 1276 2065 ἱερέων
1303 2024 1392 2066 post
1418 2020 1552 2066 γαμικὴ
1579 2021 1647 2055 EW
1768 2021 1790 2056 9
1816 2021 1837 2066 ἡ

414 2067 548 2113 γαμικὴ
575 2069 800 2112 ἱεροτελεστιά
826 2080 851 2114 p
875 2069 1012 2103 invitis
1030 2068 1137 2104 ARw
1165 2069 1342 2110 (videtur
1360 2069 1450 2103 Duc
1469 2069 1504 2102 h.
1523 2068 1546 2103 1.
1566 2068 1725 2103 codices
1744 2079 1839 2103 suos

416 2118 467 2156 (v.
495 2117 638 2161 praef.)
664 2115 905 2161 inspexisse)
1053 2116 1095 2151 11
1121 2116 1223 2155 αὐτὸς
1248 2115 1312 2152 ΒΟ
1464 2116 1508 2150 12
1532 2115 1716 2161 βασιλικὸν
1742 2116 1838 2162 Ewp

415 2163 461 2198 16
486 2164 680 2209 μετήνεκτο
706 2163 770 2200 ΒΟ
869 2163 914 2198 19
939 2163 1055 2202 αὐτοῖς
1084 2163 1155 2198 DE

285 2299 330 2333 16
344 2301 474 2347 magis
500 2301 730 2347 propitium.
782 2299 861 2337 Sed
887 2303 1086 2347 potestate
1113 2300 1218 2336 Zoae
1248 2302 1444 2345 restituta,
1483 2301 1534 2336 ab
1568 2300 1688 2335 exilio
1721 2301 1839 2336 homo

285 2346 329 2381 17
343 2349 382 2383 in
410 2349 553 2384 urbem
579 2349 735 2394 regiam
763 2349 964 2384 adductus
992 2352 1062 2384 est.
1114 2348 1187 2384 Cui
1215 2359 1304 2384 cum
1335 2349 1711 2394 appropinquasset,
1751 2349 1840 2383 sub-

343 2397 484 2432 sistere
521 2397 685 2432 iubetur
724 2399 762 2432 et
810 2398 925 2432 iuxta
962 2396 1289 2440 Damocranium,
1335 2395 1372 2432 S.
1406 2396 1610 2431 Michaelis
1648 2397 1840 2441 principis

344 2445 596 2479 exercituum
635 2445 838 2490 templum,
878 2455 902 2479 a
929 2444 1104 2489 quodam
1136 2454 1186 2479 ex
1219 2445 1313 2479 aula
1347 2445 1466 2479 misso
1494 2447 1607 2478 veste
1632 2444 1747 2488 regia
1775 2454 1840 2479 ex-

285 2490 330 2525 18
345 2494 511 2526 ornatus
543 2492 686 2527 urbem
719 2502 809 2527 cum
840 2492 954 2537 regio
983 2492 1173 2527 comitatu
1201 2491 1439 2537 ingreditur.
1490 2490 1549 2526 Ac
1575 2491 1755 2535 nuptiale
1781 2502 1840 2526 sa-

345 2549 456 2574 crum
483 2549 507 2573 a
535 2539 710 2585 quodam
737 2539 949 2574 sacerdote
972 2540 1194 2585 peragitur,
1222 2539 1451 2585 patriarcha
1471 2538 1614 2573 Alexio
1633 2538 1674 2572 id
1693 2549 1839 2574 munus

285 2585 330 2621 19
345 2587 395 2622 ob
432 2587 572 2622 tertias
607 2587 770 2632 nuptias
805 2587 1052 2633 defugiente.
1103 2586 1214 2621 Idem
1241 2589 1375 2621 tamen
1402 2586 1594 2631 postridie
1621 2586 1839 2631 sollemnia,

345 2634 492 2679 quibus
512 2634 699 2670 diadema
716 2645 788 2670 rex
814 2636 980 2680 accepit,
1008 2635 1183 2680 peregit3
1211 2635 1267 2669 sic
1285 2634 1572 2669 Monomachus
1592 2636 1630 2668 ct
1650 2644 1840 2668 coronam

345 2685 384 2717 et
410 2685 611 2727 sceptrum
639 2682 912 2718 Romanorum
940 2683 1106 2727 accepit.

463 2729 519 2764 21.
571 2729 670 2765 Inde
700 2731 814 2765 finita
847 2740 1030 2765 sororum
1064 2731 1242 2775 potestas
1271 2729 1391 2764 trium
1418 2739 1598 2763 mensum
1626 2728 1677 2763 ad
1702 2727 1840 2764 MONO-

308 2777 520 2812 QMAcnvm
554 2780 614 2812 est
647 2778 854 2813 translata.
905 2777 943 2812 Is
975 2777 1086 2812 nulla
1118 2777 1275 2812 ratione
1311 2776 1553 2821 prudentive
1585 2776 1749 2810 consilio
1776 2776 1840 2811 vel

345 2825 564 2870 dignitates
591 2825 655 2860 vel
683 2826 895 2870 pecuniam
915 2825 1177 2870 largiebatur,
1205 2824 1276 2859 sed
1303 2826 1342 2859 et
1368 2823 1586 2868 dignitates
1613 2824 1840 2868 promiscue

345 2872 397 2906 ad
423 2872 613 2918 indignos
640 2873 877 2908 conferebat
903 2876 942 2908 et
968 2873 1000 2908 si
1034 2872 1278 2918 contigisset,
1318 2874 1362 2906 ut
1387 2871 1507 2906 fiscus
1534 2872 1671 2917 regius
1699 2871 1840 2906 eodem
