2054 3282
362 217 430 258 176
751 212 932 255 ZONAR.
961 212 1090 252 EPIT.
1118 210 1210 252 XIV
1237 213 1292 261 10,
1321 211 1471 252 13-27.

361 341 671 396 προσελθόντος
715 341 831 393 αὐτῷ
874 355 981 384 τινος
1025 338 1096 379 καὶ
1133 338 1384 391 αἰτιωμένου
1422 340 1507 378 τῶν
1545 337 1859 392 ε’πισημοτέρων

362 410 649 464 συγκλητικῶν
680 410 764 457 ἕνα,
795 408 1097 463 μετεκαλέσατο
1122 406 1194 448 τὸν
1216 407 1480 461 αἰτιώμενον·
1513 404 1600 448 ἀλλ’
1625 408 1703 449 οὐκ
1726 408 1859 463 ἀπήν-

305 485 348 520 14
361 495 481 533 τησεν
521 479 687 523 ἐκεῖνος.
750 476 832 518 εἶτα
871 476 941 517 καὶ
980 476 1174 530 δεύτερον
1215 476 1336 516 ἔθετο
1366 476 1542 529 μήνυμα
1573 475 1681 529 πρὸς
1713 476 1858 517 αὐτόν·

363 548 386 588 ὁ
420 547 465 588 δὲ
496 546 567 588 καὶ
598 546 747 587 τούτου
779 545 1107 599 καταφρονήσας
1139 546 1195 591 εἰς
1226 545 1272 586 τὸ
1304 543 1518 598 βασιλικὸν
1550 544 1671 599 ἀπῄει
1697 543 1859 598 συμπό-

305 622 349 657 15
363 627 469 657 σιον·
515 616 631 668 ἔτυχε
671 614 750 668 γὰρ
790 613 1048 668 κεκλημένος
1069 613 1194 667 4πρὸς
1232 618 1364 654 τοῦτο.
1427 613 1488 658 ὡς
1521 612 1565 653 δὲ
1596 616 1718 654 τοῦτο
1749 614 1896 667 ἔγνωὸ

362 685 386 724 ὁ
419 685 614 738 ἔπαρχος,
647 682 812 737 ἀπῆλθε
843 683 1036 728 κάκεῖνος
1075 682 1131 728 εἷς
1168 682 1217 723 τὰ
1255 682 1467 736 ἀνάκτορα
1511 681 1581 723 καὶ
1620 679 1740 735 εὗρεν
1777 682 1859 736 ἤδη

304 760 349 794 16
363 753 658 806 συνιστάμενον
694 751 740 792 τὸ
782 751 985 792 συσσίτιον
1028 752 1102 792 καί
1137 767 1238 806 φησι
1274 751 1382 805 πρὸς
1419 750 1491 792 τὸν
1529 750 1699 804 βασιλέα
1731 750 1861 791 “ὑπε-

363 821 527 876 σχόμην
559 837 635 874 σοι,
668 819 850 874 βασιλεῦ,
886 819 951 860 διὰ
984 819 1110 861 τόσου
1142 824 1293 874 καιροῦ
1323 820 1486 874 μηδένα
1515 819 1751 860 καταλιπεῖν
1772 818 1861 860 ἀδι-

362 890 591 943 κούμενον·
636 893 757 930 τοῦτο
799 889 844 930 δὲ
880 889 1050 934 πάντως
1087 904 1161 943 μοι
1201 888 1492 942 ἀνυσθήσεται,
1539 889 1576 929 εἰ
1607 888 1679 929 καὶ
1709 887 1783 943 τὴν
1814 888 1861 929 ἐκ

305 965 348 1000 17
363 963 436 1000 τοῦ
468 958 651 1013 κράτους
683 974 760 999 σου
794 958 1037 1012 ἐπικουρίαν
1062 958 1155 1012 ,ἔχω
1187 957 1258 998 καὶ
1289 957 1363 1012 τὴν
1395 958 1548 1012 ῥοπήν·
1582 957 1683 999 εἰδὲ
1702 956 1862 1012 μᾶλλον
1880 962 1923 997 10

364 1027 490 1073 αὐτὸς
520 1030 605 1068 τῶν
637 1026 899 1068 ἀδικούντων
931 1027 1118 1081 ἀντιποιῇ
1150 1027 1221 1067 καὶ
1252 1026 1402 1080 φιλίως
1433 1027 1573 1072 αὐτοῖς
1605 1026 1864 1080 διακείμενος

305 1103 350 1137 18
364 1097 720 1150 συνεστιωμένους
759 1097 875 1150 ἔχεις,
921 1095 1045 1136 οὐδέν
1083 1111 1157 1149 μοι
1196 1097 1305 1136 ἔσται
1343 1095 1565 1149 ἀνύσιμον·
1611 1097 1636 1150 ἢ
1670 1099 1772 1149 γοῦν
1802 1094 1861 1149 μὴ

305 1171 351 1206 19
362 1165 590 1219 μεταδίδου
621 1165 858 1219 παρρησίας
890 1165 1030 1210 αὐτοῖς
1061 1166 1086 1219 ἢ
1119 1164 1284 1205 παῦσόν
1314 1180 1368 1219 με
1398 1169 1471 1219 τῆς
1502 1164 1677 1219 ἀρχῆς.”
1737 1163 1807 1206 καὶ
1840 1163 1864 1204 ὁ

363 1233 570 1288 βασιλεύς,
604 1234 672 1274 “si
700 1233 826 1279 αὐτὸς
858 1234 942 1287 ἐγώ
976 1234 1093 1287 εἰμι”
1125 1234 1251 1288 φησίν
1273 1233 1479 1287 ’ςάδικῶας
1513 1232 1791 1287 ἕξανάστησόν
1810 1248 1865 1287 με

304 1309 351 1344 20
365 1303 599 1344 ἒντεῦθεν.”
660 1303 806 1344 αὐτίκα
839 1303 977 1343 τοίνυν
1009 1303 1032 1343 ὁ
1065 1303 1250 1357 ἔπαρχος
1270 1301 1342 1343 τὸν
1368 1303 1615 1356 αἰτιώμενον
1637 1302 1795 1343 ἐκεῖνον
1817 1302 1864 1343 ἐκ
1883 1307 1924 1342 15

363 1376 436 1426 τῆς
465 1371 712 1418 πανδαισίας
744 1372 1026 1427 ἐξαναστήσας
1056 1372 1126 1413 καὶ
1159 1373 1215 1418 εἷς
1246 1371 1292 1413 τὸ
1319 1372 1584 1426 δικαστήριον
1605 1371 1866 1425 καταστήσας

363 1440 434 1482 καὶ
465 1446 527 1494 τῷ
557 1438 648 1482 κατ’
682 1442 811 1482 αὐτοῦ
843 1441 999 1495 λέγοντι
1031 1441 1283 1486 συνδικάσας
1320 1440 1460 1490 αὐτόν,
1505 1440 1575 1482 καὶ
1614 1439 1739 1494 γνοὺς
1774 1440 1863 1481 ἀδι-

364 1513 534 1561 κοῦντα,
579 1510 739 1551 ἐκεῖνον
775 1509 853 1564 μὲν
893 1510 1066 1551 ἐκόλασε
1105 1513 1192 1555 ταῖς
1229 1510 1285 1555 εἰς
1323 1513 1449 1563 σῶμα
1482 1509 1670 1563 πληγαῖς,
1714 1513 1776 1562 τῷ
1819 1508 1864 1550 δὲ

364 1578 634 1632 ἀδικουμένῳ
673 1579 719 1620 ἐκ
757 1583 829 1634 τῆς
866 1579 1026 1620 ἐκείνου
1063 1578 1287 1631 ὑπάρξεως
1317 1577 1626 1619 πολλαπλάσιον
1658 1577 1863 1619 ἀποκατέ-

304 1653 350 1688 21
365 1663 486 1702 στησε
522 1646 568 1688 τὸ
608 1647 805 1702 ἀδίκημα.
869 1648 972 1689 ὅθεν
1010 1647 1214 1693 δείσαντες
1252 1647 1313 1693 οἷς
1343 1647 1395 1701 ἦν
1426 1648 1666 1701 προαίρεσις
1695 1646 1915 1687 πλεονε-Ι)
1934 1649 2054 1687 11128

364 1716 498 1770 κτική,
521 1719 595 1756 τοῦ
613 1716 770 1757 ἀδικεῖν
787 1716 1067 1771 ἀνεστάλησαν
1084 1716 1153 1758 καὶ
1171 1720 1255 1762 τοῖς
1272 1716 1541 1770 ἠδικημένοις
1562 1716 1618 1760 εἰς
1639 1715 1866 1770 συμβάσεις

367 1785 601 1840 ἐχώρησαν.

439 1916 461 1950 2
485 1915 759 1960 μετεγκαλέσατο
786 1915 834 1959 D,
862 1926 964 1950 corr.
991 1915 1059 1954 Dw
1165 1915 1362 1950 αι’τιαθέντα
1389 1914 1420 1950 Ο
1527 1914 1549 1948 ἶ)
1573 1914 1661 1958 ,πρὸς
1686 1914 1809 1949 τούτου
1836 1913 1865 1950 C

437 1965 460 1998 6
485 1963 573 2008 πρὸς
598 1963 629 1998 Β
781 1965 803 1998 8
829 1977 867 1997 σε
894 1963 924 1998 Ε
1078 1963 1123 1998 10
1148 1963 1210 2008 τὴν
1238 1974 1313 1998 om.
1340 1962 1410 1997 BD
1567 1962 1611 1996 14
1637 1961 1757 2007 φησὶν]
1784 1962 1805 1996 ὅ
1830 1962 1865 1996 D

442 2011 486 2046 16
511 2017 571 2056 τῆς
595 2012 802 2050 πανδαισιάς
827 2010 974 2057 ΑΕννρ,
1002 2017 1062 2047 τοῦ
1089 2012 1284 2056 συμποσίου
1312 2010 1343 2045 Ο
1502 2010 1546 2045 19
1571 2010 1807 2045 πολυπλάσιον
1834 2010 1864 2044 Ε

439 2059 486 2094 20
512 2063 602 2104 post
627 2059 671 2105 ἦν
696 2059 788 2094 add.
815 2059 836 2104 ἡ
864 2059 900 2093 D
998 2059 1041 2094 21
1070 2059 1304 2105 συμβεβάσεις
1330 2058 1361 2092 Β

367 2182 407 2215 et
433 2179 596 2224 quidam
624 2189 674 2214 ex
701 2179 985 2214 illustrioribus
1024 2179 1280 2215 senatoribus
1307 2182 1522 2214 accusatus
1548 2188 1572 2212 a
1611 2177 1786 2223 quodam
1825 2180 1864 2212 et

308 2227 353 2262 14
367 2228 585 2262 arcessitus
612 2237 654 2262 se
675 2237 756 2262 non
775 2228 943 2271 sisteret,
972 2227 1008 2262 ei
1028 2227 1162 2263 denuo
1179 2227 1401 2262 denuntiat.
1452 2225 1504 2260 At
1522 2226 1586 2261 ille
1607 2236 1658 2260 ne
1677 2229 1762 2260 tum
1781 2225 1863 2270 qui-

368 2275 459 2310 dem
478 2275 593 2310 adest
611 2278 841 2320 contempto
861 2275 1106 2320 apparitore,
1125 2275 1196 2310 sed
1215 2274 1266 2309 ad
1287 2275 1445 2320 regium
1467 2273 1700 2308 convivium
1715 2282 1758 2308 se
1773 2283 1864 2307 con-

309 2323 354 2359 15
368 2324 458 2367 fert,
485 2333 565 2368 quo
592 2323 787 2358 invitatus
814 2326 912 2358 erat.
958 2323 1014 2358 Eo
1034 2325 1265 2368 praefectus
1285 2322 1448 2367 cognito
1468 2322 1609 2366 etipse
1635 2321 1789 2366 regiam
1808 2320 1864 2354 in-

309 2371 354 2406 16
367 2381 544 2417 gressus,
560 2371 746 2416 quamvis
762 2371 951 2406 convivio
965 2372 1044 2405 iam
1058 2371 1259 2414 incohato,
1278 2370 1365 2415 regi
1379 2368 1521 2403 “Tibi'’
1533 2368 1663 2413 inquit
1675 2367 1864 2413 “promisi

368 2429 431 2453 me
449 2419 555 2454 intra
578 2421 735 2453 tantum
755 2422 913 2464 tempus
931 2419 1164 2454 relicturum
1179 2419 1391 2460 neminem,
1412 2417 1476 2451 cui
1496 2416 1609 2450 fieret
1623 2415 1791 2460 iniuria3
1809 2415 1863 2449 id-

369 2476 448 2512 que
470 2466 632 2501 omnino
651 2466 835 2510 efficiam,
863 2466 895 2501 si
914 2467 1124 2512 potestatis
1151 2470 1245 2500 tuae
1271 2465 1467 2500 auxilium
1496 2467 1618 2508 atque
1645 2464 1864 2498 auctoritas

310 2514 354 2549 17
367 2514 463 2548 mihi
502 2514 784 2559 suppetiveris.
835 2513 906 2549 Sin
939 2524 1038 2549 vero
1073 2515 1159 2559 ipse
1192 2513 1360 2548 iniurios
1393 2511 1552 2546 fovebis
1584 2511 1723 2555 eisque
1749 2514 1865 2546 utere

311 2562 356 2595 18
369 2562 508 2596 amicis
523 2566 562 2596 et
577 2562 786 2606 conviviis,
804 2562 900 2596 nihil
918 2565 1059 2607 potero
1076 2561 1287 2607 perficere3
1306 2563 1377 2594 aut
1395 2559 1518 2605 igitur
1535 2559 1610 2593 illis
1628 2569 1708 2593 non
1729 2558 1865 2592 danda

312 2609 356 2644 19
370 2612 429 2644 est
447 2609 619 2652 licentia,
649 2612 719 2644 aut
742 2609 837 2644 mihi
855 2610 1117 2655 magistratus
1134 2607 1436 2654 abrogandus.”
1485 2606 1587 2640 Tum
1607 2616 1678 2641 rex
1697 2605 1769 2641 “Si
1787 2616 1865 2651 ego

310 2656 356 2690 20
370 2658 455 2701 ipse
466 2656 486 2668 '’
499 2657 629 2701 inquit
642 2657 665 2669 ‘²
675 2658 739 2692 cui
753 2657 939 2692 iniuriam
956 2657 1103 2700 fecero,
1118 2656 1212 2691 inde
1230 2666 1293 2690 me
1308 2655 1510 2690 abducito,
1522 2653 1543 2665 ’'
1586 2653 1725 2689 Statim
1741 2654 1867 2698 igitur

371 2705 601 2749 praefectus
636 2714 750 2740 reum
789 2715 811 2740 e
849 2705 1039 2740 convivio
1078 2704 1298 2739 abductum
1336 2703 1377 2737 in
1414 2703 1661 2748 praetorium
1696 2701 1867 2736 adduxit

371 2751 593 2796 audit-aque
611 2753 814 2797 utrimque
834 2762 957 2787 causa
976 2752 1097 2791 illum,
1121 2762 1209 2786 cum
1230 2754 1383 2786 sontem
1403 2750 1634 2792 invenisset,
1662 2749 1793 2794 plag-is
1812 2750 1868 2783 as-

371 2799 465 2833 fecit
501 2805 540 2834 et
573 2801 800 2835 accusatori
834 2801 1024 2835 damnum
1058 2810 1149 2835 cum
1187 2799 1420 2834 accessione
1457 2797 1666 2842 multiplici
1706 2796 1867 2841 pensari

311 2846 352 2881 ‘21
372 2847 496 2881 iussit.
528 2847 586 2881 Ex
607 2858 655 2882 eo
674 2848 855 2883 homines
873 2848 936 2883 sui
955 2847 1212 2883 emolumenti
1233 2857 1323 2881 cum
1342 2846 1512 2881 aliorum
1532 2844 1770 2879 detrimento
1789 2848 1867 2878 stu-

373 2894 473 2928 diosi
493 2895 660 2929 iniurias
680 2897 814 2930 facere
832 2896 1019 2941 prohibiti
1036 2905 1125 2930 cum
1141 2895 1200 2937 iis,
1220 2904 1321 2940 quos
1336 2894 1548 2936 laeserant,
1569 2894 1866 2936 transegerunt.
