2066 3230
349 299 418 334 742
717 295 897 333 ZONAR.
925 295 1055 331 EPIT.
1082 294 1214 330 XVIII
1239 294 1297 337 23,
1325 293 1474 330 11--24,

348 420 494 473 γένους
525 419 614 465 υἱὸς
646 419 670 459 ὁ
702 417 954 472 Νικηφόρος
986 416 1009 456 ὁ
1041 420 1113 470 τῆς
1143 415 1371 468 πορφύρας
1401 415 1591 469 βλαστός,
1632 415 1739 470 ἀνὴρ
1771 415 1844 470 τὴν

347 487 425 540 μὲν
463 487 579 542 ἰσχὺν
617 485 919 540 ἀπαράμιλλος,
963 484 1036 538 τὴν
1069 483 1114 525 δὲ
1145 488 1217 537 τῆς
1249 484 1422 538 γνώμης
1454 485 1536 531 ἕξιν
1567 483 1639 525 καὶ
1669 483 1743 538 τὴν
1773 489 1845 539 τῆς

347 560 489 610 ψυχῆς
529 554 788 609 γενναιότητα
829 554 879 594 οὗ
918 551 1023 594 κατὰ
1062 551 1136 606 τὴν
1173 552 1416 606 σωματικὴν
1446 552 1683 607 πλουτήσας
1715 553 1844 607 ἰσχύν.

231 629 262 663 Β
290 628 335 663 12
350 623 472 670 οὗτος
502 623 548 665 τό
579 623 656 678 μὲν
689 623 830 676 δρᾶμα
863 622 1134 675 συνθέμενος,
1166 620 1239 675 τὴν
1271 620 1316 662 δὲ
1336 623 1487 675 πρᾶξιν
1509 621 1844 675 ὑπερτιθέμενος,

292 697 336 731 13
350 693 475 734 ἔλαθε
505 692 662 734 παθὼν
694 694 719 746 ἢ
754 690 913 745 δράσας
945 690 1006 736 ὡς
1038 690 1324 744 ἐβουλεύσατο.
1388 690 1498 731 ἑάλω
1540 689 1619 744 γὰρ
1651 690 1722 731 καὶ
1753 690 1881 731 εἷτα-5

351 765 472 815 σμῶν
493 761 694 814 ἀνάγκαις
714 759 988 813 παραδοθείς,
1011 755 1060 800 ἵν’
1080 758 1300 812 ἕκκαλύψῃ
1324 758 1421 804 τοὺς
1442 758 1703 813 συνωμότας,
1731 758 1847 805 τέλος

351 829 528 883 ἐξεκόπη
561 827 610 870 τὰ
643 829 812 883 ὄμματα
845 828 916 868 και
946 827 1019 881 τὴν
1050 827 1290 880 περιουσίαν
1322 827 1526 882 ἀφῃρητο.

294 901 338 936 14
471 897 578 938 Εἶτα
599 896 645 938 τὸ
667 900 752 938 τῶν
775 896 986 950 Φράγγων
1009 895 1134 941 ἔθνος
1166 895 1213 936 ἐκ
1244 898 1330 936 τῶν
1361 896 1565 950 ἑσπερίων
1597 895 1847 950 συγκινηθὲν

353 965 466 1021 ἀνήει
496 965 604 1020 πρὸς
634 965 708 1019 τὴν
739 965 929 1020 βασιλίδα
961 967 1046 1005 τῶν
1085 963 1264 1017 πόλεων,
1311 964 1372 1010 ὡς
1410 965 1457 1005 ἐκ
1494 965 1645 1019 ταύτης
1682 965 1739 1011 εἷς
1774 964 1897 1019 τὴνΙ)
1917 969 1972 1006 IV
1988 944 2066 1011 243

353 1034 465 1089 ἑῴαν
511 1033 1003 1088 διαπεραιωθησόμενον·
1051 1030 1114 1074 ὧν
1157 1032 1231 1086 τὴν
1269 1033 1505 1088 συγκίνησιν
1543 1033 1751 1088 θεοσημία
1791 1049 1849 1079 τις
1865 1041 1910 1076 10

295 1108 339 1143 15
353 1104 653 1158 προεμήνυσεν.
716 1103 905 1157 ἀκρίδων
927 1100 1006 1156 γὰρ
1029 1101 1200 1154 ἄπειρόν
1220 1117 1255 1142 τι
1280 1102 1458 1156 πλῆθος,
1492 1103 1538 1143 ἔκ
1569 1107 1641 1157 τῆς
1670 1103 1847 1156 ἑσπέρας

354 1171 428 1226 τὴν
459 1172 612 1225 γένεσιν
644 1170 823 1225 ἕσχηκὸς
854 1170 924 1212 καὶ
954 1174 1154 1211 τοσοῦτον
1186 1170 1247 1216 ὡς
1279 1171 1443 1225 νέφεσιν
1475 1171 1698 1225 ἱπτάμενον
1735 1171 1849 1212 ἀπει-

355 1240 559 1289 κάζεσθαι
589 1239 661 1281 καὶ
693 1240 925 1288 συσκιάζειν
956 1237 1027 1280 τὸν
1057 1238 1187 1293 ἥλιον,
1235 1238 1301 1280 διὰ
1332 1244 1404 1294 τῆς
1434 1240 1626 1294 μεγίστης
1656 1243 1742 1281 τῶν
1771 1239 1849 1281 πό-

355 1309 464 1350 λεων
503 1309 574 1350 καὶ
609 1311 695 1350 τῶν
730 1308 880 1362 ταύτης
912 1306 1043 1361 ὁρίων
1073 1306 1147 1360 τὴν
1179 1312 1324 1362 πτῆσιν
1354 1308 1609 1362 ποιούμενον
1639 1307 1748 1362 πρὸς
1777 1307 1852 1362 τὴν

242 1382 271 1419 C
299 1383 342 1418 16
356 1377 469 1432 ἑῴαν
513 1377 688 1431 ὥρμητο
732 1377 899 1418 κάκεῖσε
942 1376 1160 1417 κατέπαυε.
1222 1376 1530 1429 περαιωθέντες
1573 1375 1649 1418 οὗν
1692 1376 1763 1417 καὶ
1802 1381 1851 1431 τῇ
1869 1383 1911 1418 15

356 1445 462 1487 κατὰ
494 1445 701 1487 Βιθυνίαν
732 1444 1040 1499 προσβαλόντες
1061 1443 1231 1498 Νικαίᾳ,
1264 1444 1379 1499 παρὰ
1405 1448 1490 1485 τῶν
1516 1445 1721 1499 Τούρκων
1752 1461 1849 1486 κατ-

358 1515 551 1569 εχομένῃ,
585 1513 659 1556 σὺν
690 1514 834 1568 χρόνῳ
865 1513 943 1567 μὲν
974 1512 1045 1553 καὶ
1077 1513 1227 1567 φθορᾷ
1257 1513 1391 1568 πολλῇ
1423 1514 1703 1567 ἑκατέρωθεν,
1747 1514 1853 1560 τέως

300 1588 344 1623 17
357 1584 496 1638 μέντοι
526 1581 601 1637 τὴν
630 1582 749 1623 πόλιν
779 1583 975 1637 ᾑρήκασι.
1037 1581 1108 1623 καὶ
1138 1582 1289 1636 ταύτην
1326 1581 1404 1636 μὲν
1442 1582 1611 1623 πολλῶν
1648 1582 1852 1624 ἀπέδοντο

359 1735 382 1769 8
405 1733 484 1779 περὶ
510 1738 569 1779 τῆς
594 1738 664 1768 τῶν
686 1733 860 1778 Φράγγων
878 1733 1117 1779 συγκινήσεως
1135 1732 1195 1768 καὶ
1219 1733 1306 1778 πρὸς
1332 1732 1394 1779 τὴν
1419 1733 1512 1778 ἑῴαν
1537 1733 1653 1769 αὐτῶν
1677 1733 1853 1778 διαπεραι-

360 1782 483 1821 ώσεως
510 1781 550 1825 C,
575 1781 655 1826 περὶ
684 1781 857 1826 Φράγγων
884 1781 914 1816 Ε

431 1925 454 1960 2
479 1924 518 1960 δὲ
543 1935 618 1960 om.
645 1924 680 1959 D
791 1925 862 1965 ἕξιν
888 1923 1105 1970 BstpDi‚
1131 1924 1204 1965 ἕξιν
1229 1922 1301 1958 AR
1409 1924 1431 1959 3
1457 1924 1673 1970 σωματικὴν]
1701 1929 1761 1960 τοῦ
1786 1925 1854 1960 σώ-

429 1986 537 2017 ματος
563 1972 592 2008 C
688 1972 886 2017 πλουτήσας
911 1971 1079 2017 prDi,
1108 1973 1291 2010 πλουτίσας
1316 1970 1389 2006 AD
1486 1971 1510 2006 4
1535 1973 1653 2017 δρᾶμα
1678 1971 1853 2017 BstDi‚

432 2020 548 2065 δράμα
575 2019 722 2066 Apr,
748 2031 786 2054 V.
814 2020 867 2054 ad
891 2019 1004 2055 XVII
1032 2019 1086 2064 15,
1108 2020 1161 2054 12.
1190 2019 1245 2063 19,
1264 2019 1286 2054 5
1381 2019 1510 2064 πράξιν
1536 2020 1632 2065 Ewp
1729 2020 1751 2055 6
1776 2034 1855 2055 συν-

432 2105 561 2149 ομότας
575 2104 684 2149 Ewp‚
710 2104 914 2148 συνομώτας
928 2103 963 2138 D
1055 2103 1100 2138 10
1124 2103 1526 2148 διαπεραιωθησάιιενον
1539 2103 1575 2137 D
1672 2104 1808 2148 κίνησιν
1821 2103 1852 2137 Β

479 2152 673 2196 θεοσημεία
699 2152 740 2186 in
766 2153 943 2196 ’θεοσημία
970 2162 1070 2186 corr.
1097 2150 1132 2185 A
1247 2151 1291 2185 12
1316 2150 1481 2195 ἐσχηκὼς
1505 2150 1574 2185 DE
1686 2165 1757 2196 παρ
1761 2151 1854 2186 εικά-

434 2200 556 2240 ζεσθαι
585 2199 615 2235 O
726 2200 771 2234 13
797 2199 996 2240 συσκιάζειν
1022 2197 1189 2244 prDz',
1217 2199 1443 2239 συσκευάζειν
1469 2197 1505 2232 Α
1615 2198 1670 2233 14.
1698 2165 1757 2233 159
1766 2198 1854 2243 πρὸς

432 2246 473 2292 τὴ
475 2261 495 2282 ν
519 2247 612 2292 ἑῴαν
638 2257 714 2282 om.
742 2246 847 2283 CWO
862 2247 928 2282 lat.
1028 2246 1073 2282 15
1098 2246 1293 2282 κατέπαυσε
1319 2245 1385 2282 CD
1485 2246 1541 2281 17.
1557 2245 1601 2281 18
1625 2246 1741 2292 μέντοι
1768 2247 1854 2286 τέως

432 2294 502 2329 BD
603 2295 647 2330 18
674 2294 788 2340 πόλιν]
814 2295 1023 2339 πολιορκίαν
1048 2293 1077 2330 C
1174 2294 1279 2339 ταύτη
1307 2293 1336 2330 C

362 2444 666 2490 phyrogenitus‚
701 2444 764 2479 vir
789 2445 929 2479 invicti
956 2454 1054 2480 sane
1079 2444 1248 2486 roboris,
1282 2443 1353 2479 sed
1379 2443 1544 2488 ingenio
1571 2445 1694 2488 atque
1720 2443 1853 2478 animo

305 2488 348 2523 12
361 2502 443 2526 non
471 2492 639 2537 perinde
664 2492 771 2527 felici
799 2495 837 2527 et
862 2502 1075 2538 geneioso.
1124 2491 1199 2533 Qui
1219 2501 1309 2526 cum
1335 2491 1493 2525 facinus
1520 2491 1751 2525 incohatum
1778 2490 1855 2525 dis-

361 2539 526 2582 tulisset,
553 2550 635 2575 non
659 2540 828 2585 peregit,
856 2539 927 2575 sed
953 2542 1114 2585 praeter
1140 2549 1252 2584 spem
1278 2549 1326 2574 ea
1353 2538 1527 2584 pextufit,
1563 2548 1668 2582 quae
1693 2537 1854 2572 molitus

303 2583 348 2618 13
362 2589 459 2621 erat.
510 2586 661 2632 Captus
687 2588 791 2622 enim
820 2590 858 2622 et
889 2587 1193 2632 quaestionibus
1224 2586 1420 2630 admotus,
1458 2588 1502 2620 ut
1535 2586 1766 2620 coniuratos
1798 2586 1854 2620 in-

363 2634 526 2678 dicaret,
555 2635 708 2670 effossis
736 2635 860 2670 oculis
887 2635 1086 2670 bonorum
1113 2634 1386 2679 publicatione
1411 2633 1602 2668 multatus
1629 2635 1699 2667 est.

304 2679 349 2713 14
480 2682 638 2717 Deinde
655 2682 901 2717 Francorum
927 2692 1028 2728 gens
1047 2683 1098 2717 ab
1119 2681 1336 2716 Occidente
1361 2681 1502 2716 urbem
1529 2681 1684 2725 legiam
1710 2690 1854 2716 versus

363 2732 421 2764 est
448 2730 641 2774 profecta,
677 2733 722 2764 ut
747 2730 841 2765 inde
867 2730 907 2764 in
935 2729 1138 2765 Orientem
1164 2729 1370 2771 traice1·et;
1410 2738 1581 2772 quorum
1607 2730 1738 2762 motus
1764 2738 1852 2773 por-

304 2774 348 2810 15
362 2777 481 2811 tentis
521 2781 580 2812 est
619 2777 892 2813 denuntiatus.
942 2777 1044 2813 Nam
1081 2777 1325 2811 locustarum
1360 2776 1516 2810 infinita
1550 2775 1764 2810 multitudo
1799 2776 1851 2810 ab

363 2823 579 2859 Occidente
611 2827 698 2859 orta
731 2828 770 2860 et
802 2828 926 2868 tanta,
965 2828 1011 2859 ut
1036 2825 1140 2859 inter
1167 2823 1386 2859 volandum
1411 2823 1588 2857 nubibus
1615 2823 1852 2868 aequipara-

362 2874 474 2906 retur
512 2874 551 2906 et
589 2872 712 2907 solem
752 2873 1024 2916 obumbraret,
1063 2872 1164 2907 urbe
1200 2871 1376 2906 maxima
1415 2871 1583 2915 eiusque
1617 2870 1764 2905 finibus
1799 2869 1851 2904 ad

305 2917 349 2951 16
364 2917 565 2953 Orientem
584 2920 803 2964 pervolatis
822 2920 987 2964 quievit.
1022 2919 1121 2955 Cum
1139 2919 1399 2962 traiecissem,
1418 2917 1608 2953 Nicaeam
1626 2917 1850 2962 Bithyniae,

364 2975 484 3008 quam
511 2965 632 3000 Turci
657 2967 859 3011 tenebant,
899 2967 1032 3002 multis
1068 2967 1270 3012 utrimque
1302 2966 1429 3001 caesis
1461 2965 1624 3000 tandem
1657 2966 1697 2999 vi
1729 2975 1852 3010 expu-
