2054 3282
377 181 560 218 ITALIA
587 178 837 219 SVBACTA.
886 179 1229 218 PORPHYRIVM
1256 177 1478 216 CAPTVM.
1611 177 1679 213 171

179 305 317 360 θῆναι,
357 305 427 346 καὶ
465 304 590 351 αὖθις
621 305 898 359 ἀνεγερθῆναι
929 303 995 345 ἐπὶ
1024 302 1162 349 πόδας
1193 303 1322 343 εἴκοσι
1353 300 1424 342 καὶ
1454 301 1574 342 πέντε
1604 300 1870 354 με-Ρ1169Α

0 374 448 428 ι’111283τεωρότερον,
489 373 562 416 καὶ
593 373 917 428 καθιερωθῆναι
947 371 1064 426 παρὰ
1095 370 1307 426 Εὗτυχίου
1339 369 1600 424 πατριάρχου
1634 367 1717 410 τό8

179 443 384 497 δεύτερον.

301 512 390 554 Ἐπὶ
420 512 569 554 τούτου
600 516 674 554 τοῦ
705 512 911 567 βασιλέως
942 511 1012 553 καὶ
1033 510 1080 552 τὸ
1101 514 1228 565 κῆτος
1249 508 1376 562 ἑάλω,
1409 509 1433 550 ὃ
1456 508 1513 554 εἶς
1533 506 1680 561 πεντή-
1695 511 1718 546 9

142 587 307 623 5κοντα
339 581 410 623 καὶ
441 582 628 623 ἐπέκεινα
651 581 897 630 Βυζαντίοις
918 580 1096 636 ἠνώχλει
1127 579 1353 632 ἐνιαυτούς,
1386 579 1410 620 ὃ
1441 576 1683 631 πορφύριον

178 650 371 705 ἐκάλουν,
410 651 489 692 οὐκ
521 650 584 692 ἀεὶ
613 650 692 704 μὲν
723 650 994 705 φαινόμενον,
1032 645 1119 690 ἀλλ’
1153 649 1200 690 ἐκ
1234 648 1553 702 διαλειμμάτων.
1616 646 1683 687 ὅτε
1698 649 1743 684 10

180 716 217 760 δ’
242 719 444 774 ἐφαίνετο,
475 718 633 765 πολλὰς
662 719 740 773 μὲν
771 723 856 760 τῶν
887 722 1004 773 νηῶν
1035 718 1324 772 ὑποβρυχίους
1345 717 1481 770 ἐτίθει,
1514 715 1684 762 πολλοῖς

181 787 226 829 δὲ
264 789 437 842 φθορᾶς
474 789 601 829 αἴτιον
641 788 890 842 ἀνθρώποις
934 788 1100 841 ἐγίνετο,
1145 783 1247 828 καθ’
1295 784 1347 827 οὗ
1389 785 1563 832 πολλαῖς
1604 784 1683 839 μὲν

181 857 412 911 ἐχρήσαντο
449 861 672 912 μηχαναῖς,
717 861 845 898 πᾶσαι
879 857 915 898 δ’
950 857 1099 911 ἔμενον
1131 856 1350 909 ἄπρακτοι,
1397 854 1509 895 ἑάλω
1542 857 1683 908 μέντοι

124 933 168 967 10
183 925 378 979 δελφῖνας
415 926 584 967 ὃιῶκον.
649 926 688 966 οἱ
717 925 795 980 μὲν
828 925 907 979 γὰρ
940 926 1074 966 ἐκεῖνο
1107 924 1332 979 φεύγοντες
1363 928 1412 978 τῇ
1445 928 1498 978 γῇ
1528 925 1740 977 προσε-11

179 994 374 1048 πέλαζον,
420 994 465 1036 τὸ
505 994 550 1035 δὲ
586 994 660 1049 τὴν
697 991 788 1036 κατ’
822 995 994 1036 ἐκείνων
1032 993 1171 1048 ὁρμὴν
1203 994 1282 1034 οὐκ
1316 993 1556 1042 ἀνέκοπτεν,
1600 992 1685 1038 ἕως

181 1063 350 1118 ἄγχιστά
382 1080 440 1118 πῃ
473 1068 545 1118 τῆς
578 1068 652 1118 γῆς
685 1063 856 1118 γεγονὸς
887 1063 965 1104 ἰλύι
996 1063 1150 1118 βαθείᾳ
1181 1062 1253 1103 καὶ
1283 1061 1535 1116 τελματώδει
1557 1061 1683 1115 ἐμπέ-

180 1148 362 1174 πτωκεν.
424 1133 530 1174 ἔνθα
563 1132 614 1187 δὴ
647 1138 709 1187 τῷ
737 1133 863 1187 πηλῷ
892 1131 1235 1186 προσεπέπλαστο
1267 1130 1338 1172 καὶ
1369 1134 1443 1171 τοῦ
1487 1129 1686 1184 τέλματος
1701 1132 1745 1168 12
1771 1132 1802 1167 Β

183 1202 331 1248 οὔπως
377 1202 431 1243 ἔτι
478 1202 681 1243 ἀναδῦναι
728 1202 940 1256 ὃεὸύνητο.
1018 1202 1042 1242 ὃ
1088 1204 1173 1246 τοῖς
1218 1200 1444 1254 περιοίκοις
1492 1198 1686 1253 γνωσθὲν
1701 1201 1745 1237 13

128 1276 169 1311 15
183 1270 362 1312 ὥπλισεν
394 1271 546 1316 αὐτοὺς
576 1270 682 1312 κατὰ
713 1274 787 1311 τοῦ
820 1270 1043 1312 θαλαττίου
1076 1270 1224 1310 τούτου
1253 1269 1404 1323 θηρός,
1437 1268 1508 1310 καὶ
1529 1268 1686 1316 ἀξίναις

183 1339 284 1381 αὐτὸ
316 1339 605 1394 συγκόψαντες
635 1339 707 1381 καὶ
727 1339 940 1381 πελέκεσιν
961 1339 1215 1380 ἀπέκτειναν.
1279 1337 1361 1378 εἶτα
1385 1338 1579 1392 σχοίνους
1599 1340 1685 1378 τῶν
1702 1339 1745 1375 14

182 1409 426 1462 ἁδροτέρων
457 1408 606 1449 τούτου
639 1409 869 1462 ἐξάψαντες
901 1408 1059 1462 ζεύγεσι
1091 1408 1211 1462 βοῶν
1243 1406 1345 1448 αὐτὸ
1374 1411 1446 1461 τῆς
1467 1406 1686 1461 θαλάσσης

182 1476 433 1525 ἐξείλκυσαν.
497 1477 549 1532 ἦν
581 1476 626 1519 δὲ
657 1477 704 1519 τὸ
734 1482 874 1532 μῆκος
903 1476 982 1531 μὲν
1014 1477 1143 1518 αὐτοῦ
1175 1476 1396 1531 τριάκοντα
1422 1476 1609 1530 πήχεων,
1643 1475 1686 1522 ἒς
1700 1478 1745 1514 15

183 1546 285 1587 δέκα
319 1543 356 1587 δ’
385 1546 603 1600 ηὖρύνετο,
636 1546 698 1593 ὡς
720 1546 744 1588 ὁ
767 1545 1006 1600 Καισαρεὺς
1030 1544 1278 1599 Προκόπιος
1309 1544 1380 1587 καὶ
1411 1544 1506 1599 περὶ
1535 1544 1684 1586 τούτου

123 1620 170 1656 20
183 1615 407 1670 ἱστόρησεν.
712 1618 721 1629 '

183 1732 206 1768 4
230 1733 309 1778 περὶ
335 1739 394 1769 τοῦ
420 1734 551 1780 κήτους
577 1733 678 1770 ACE

255 1841 278 1875 G
303 1841 354 1886 ᾆεὶ
379 1841 408 1878 C
505 1842 578 1876 ἀλλ’
604 1842 646 1877 ἐκ
665 1841 810 1887 ΑΕΝῘ),
837 1842 878 1876 ἐκ
906 1842 983 1886 ὁέγε
1010 1843 1041 1875 Ο
1140 1843 1162 1875 8
1187 1842 1317 1886 ἐγένετο
1339 1842 1432 1886 1⁴]wp
1532 1841 1553 1876 9
1579 1841 1685 1886 ἐχρή-

255 1903 339 1924 σατο
352 1889 387 1924 D
484 1890 600 1934 μέντοι
618 1889 764 1935 Apr,
788 1890 852 1935 μέν
866 1904 903 1934 γε
930 1890 965 1924 D
1070 1890 1112 1924 10
1137 1890 1272 1925 διῶκον
1288 1887 1455 1934 prDi‚
1483 1890 1632 1924 ὄιῶκων
1651 1888 1685 1923 Α

258 1937 302 1972 l‘.)
325 1952 374 1982 πῃ
403 1937 473 1982 τῆς]
499 1943 568 1973 ποῦ
595 1937 630 1972 D
730 1938 774 1972 14
799 1938 900 1972 οὔπω
928 1937 963 1972 D
1062 1938 1229 1973 ἀναδῦναι
1257 1936 1423 1983 EwpDi‚
1450 1937 1618 1972 ἀναδύναι
1637 1936 1684 1980 Α,

257 1985 402 2020 ε’κὸύναι
424 1986 455 2020 Ο
556 1985 599 2021 15
625 1986 754 2021 ὥπλισε
780 1986 922 2025 τούτους
949 1985 984 2020 D
1090 1986 1128 2021 17
1155 1986 1358 2030 ἀδροτέρων
1376 1985 1455 2029 ΑΕ,
1482 1985 1686 2030 ἁδροτέρων

256 2031 432 2079 OswpDi
563 2033 648 2069 αὐτὸ
671 2035 770 2080 βοῶν
797 2033 826 2068 Β
971 2034 1014 2069 18
1038 2039 1155 2079 μῆκος
1179 2034 1244 2078 μὲν
1269 2034 1315 2078 Α,
1341 2033 1405 2077 μὲν
1429 2039 1546 2078 μῆκος
1573 2033 1684 2078 pr,

253 2086 369 2127 μῆκος
396 2081 431 2115 D
532 2082 575 2116 19
601 2082 659 2116 καὶ
688 2092 763 2117 om.
790 2081 826 2116 D
932 2081 979 2116 ‘20
1006 2081 1199 2127 ἱστόρησεν]
1227 2081 1398 2127 Procop.
1426 2081 1462 2116 II
1490 2092 1527 2127 p.
1554 2081 1636 2125 400,
1662 2081 1685 2116 4

184 2211 272 2236 esse
298 2201 568 2236 instauratum
595 2200 704 2236 XXV
732 2201 903 2247 pedibus
938 2201 1058 2237 altius
1085 2202 1286 2246 eductum,
1329 2205 1368 2238 et
1405 2202 1457 2237 ab
1485 2201 1684 2247 Eutychio
1700 2200 1722 2235 8

185 2249 415 2294 patriarcha
442 2248 576 2284 denuo
604 2253 896 2284 consecratum.

303 2295 387 2333 Sub
414 2297 489 2332 hoe
515 2307 614 2343 rege
640 2297 760 2332 etiam
789 2302 901 2332 cetus
931 2297 997 2332 ille
1025 2301 1167 2343 captus
1194 2301 1265 2342 est,
1304 2298 1372 2343 qui
1398 2297 1605 2343 Byzantiis
1631 2296 1723 2332 ul-9

184 2348 246 2380 tra
260 2344 293 2379 L
312 2355 440 2380 annos
460 2345 650 2380 molestus
669 2349 766 2388 erat,
795 2355 913 2390 quem
930 2345 1195 2391 porphyrium
1214 2346 1485 2391 appellabant,
1513 2356 1595 2381 non
1623 2345 1688 2380 ille

184 2392 344 2438 quidem
380 2403 539 2438 semper
579 2403 793 2438 apparens,
845 2393 915 2428 sed
957 2403 1008 2428 ex
1047 2393 1282 2428 intervallis.
1345 2394 1511 2435 Quoties
1551 2397 1687 2428 autem
1704 2391 1749 2426 10

184 2444 444 2486 apparuerat,
472 2444 555 2476 tum
574 2441 722 2476 multas
749 2451 876 2476 naves
896 2440 1171 2486 demergebat,
1197 2447 1280 2477 tum
1307 2441 1443 2476 multis
1458 2441 1688 2476 hominibus

185 2488 352 2523 exitium
372 2488 582 2524 afferebat.
633 2488 709 2530 Qui
729 2499 820 2523 eum
846 2489 981 2523 multis
1008 2489 1203 2524 machinis
1231 2493 1337 2524 esset
1357 2490 1504 2535 petitus
1532 2499 1688 2534 eaeque

186 2546 324 2571 omnes
348 2539 482 2572 essent
507 2537 657 2580 irritae,
685 2540 820 2572 tamen
847 2537 887 2571 in
906 2537 1198 2582 persequendis
1214 2536 1414 2583 delphinis
1442 2540 1585 2582 captus
1610 2541 1687 2581 est3

186 2584 253 2629 qui
281 2594 371 2619 cum
398 2594 526 2630 prope
553 2587 700 2619 terram
727 2585 1018 2630 confugissent,
1046 2585 1111 2619 ille
1150 2585 1343 2630 impetum
1382 2585 1580 2620 adversus
1619 2583 1746 2620 eosll

186 2641 265 2667 non
293 2631 512 2675 inhibebat,
552 2631 682 2667 donee
708 2633 892 2678 proxime
919 2636 1067 2667 terram
1102 2636 1321 2678 provectus
1359 2633 1398 2668 in
1426 2632 1621 2679 uliginem
1649 2636 1688 2668 et

185 2679 432 2724 profundum
460 2679 586 2714 lutum
618 2680 826 2724 incideret,
862 2680 971 2715 unde
1002 2680 1095 2714 limo
1124 2680 1341 2715 obstrictus
1368 2690 1580 2726 emergere
1606 2691 1688 2716 non
1705 2680 1748 2714 12

186 2727 264 2761 iam
284 2727 425 2773 potuit.
458 2728 544 2769 Quo
565 2727 730 2763 accolae
756 2729 920 2774 cognito
939 2728 1111 2763 belluam
1139 2728 1245 2763 illam
1260 2729 1457 2763 marinam
1477 2729 1688 2764 securibus
1708 2728 1749 2763 13

185 2785 234 2809 ae
260 2774 504 2820 bipennibus
525 2775 791 2811 confecerunt
817 2779 856 2811 et
883 2776 1060 2819 funibus,
1089 2786 1169 2820 qua
1189 2780 1276 2811 erat
1303 2777 1486 2819 crassior,
1515 2776 1688 2821 alligatis
1707 2775 1749 2809 14

187 2822 307 2857 boum
336 2823 443 2868 iugis
481 2823 520 2857 in
565 2826 712 2858 terrani
741 2827 1042 2868 pertraxerunt.
1097 2823 1191 2858 Eius
1219 2824 1431 2869 longitudo
1472 2824 1548 2859 fuit
1575 2823 1688 2859 XXX
1705 2824 1748 2858 15

187 2870 427 2916 cubitorum,
454 2870 625 2907 latitudo
653 2871 701 2916 X,
729 2876 773 2907 ut
799 2871 906 2907 idem
934 2871 1157 2918 Procopius
1185 2870 1460 2908 Caesariensis
1487 2873 1622 2909 refert.
