1968 3302
323 214 416 251 XIV
960 213 1179 249 Praefatio.

326 335 430 390 7‚2:
464 333 623 389 μαθὼν
656 333 701 375 δὲ
732 333 804 375 καὶ
834 332 917 375 τὸν
954 333 1138 374 Φωκᾶν
1169 332 1251 387 ἤδη
1284 332 1555 386 βασιλειῶντα
1587 333 1659 376 καὶ
1683 351 1828 390 τυραν-

323 407 437 452 νίδος
481 406 732 460 ἀρξάμενον,
779 405 1045 447 ἆπονενεύκει
1085 403 1194 458 πρὸς
1232 403 1329 446 τὸν
1366 405 1577 447 Φωκᾶν
1620 406 1665 448 in
1709 406 1829 450 libris

322 477 566 520 recentibus
599 476 712 519 BCD
745 475 807 518 ita
839 480 1072 518 retractata
1105 479 1215 530 sunt,
1249 479 1296 518 ut
1323 489 1401 532 pro
1432 477 1699 520 ᾶπονενεύκει
1720 478 1830 535 πρὸς

320 549 392 591 τὸν
437 550 598 591 Φωκᾶν
649 548 851 591 vitandae
900 547 1167 603 repetitionis
1207 548 1433 591 verborum
1475 562 1606 592 causa
1645 554 1825 593 exarata

322 620 406 663 sint
437 621 546 676 πρὸς
577 622 735 663 ἐκεῖνον
767 620 977 673 ἀπονεύει;
1011 619 1146 662 altero
1169 632 1270 663 vero
1293 620 1388 663 lOCO
1412 621 1558 675 (XVII
1583 622 1622 676 7,
1641 621 1716 676 25)
1745 636 1823 679 pl'o

321 693 471 748 μόνου,
507 692 620 746 quod
651 695 824 747 propter
856 690 1116 734 antecedens
1152 692 1277 747 μόνῳ
1317 693 1407 735 viro
1448 693 1597 736 critico
1635 694 1827 750 ineptum

322 777 415 807 esse
456 764 590 807 visum
632 768 709 818 est,
753 764 795 805 in
837 762 1001 806 duobus
1041 762 1263 807 codicibus
1295 765 1605 809 recentioribus
1635 766 1823 822 positum

321 840 384 878 est
417 837 521 890 οἵου,
554 836 597 877 in
629 849 710 877 uno
743 834 900 878 rectius
933 837 1024 878 οἴου
1045 837 1072 876 1.

440 906 647 958 Quoniam
685 907 815 961 igitur
853 906 1238 951 demonstravimus
1275 909 1319 950 in
1358 908 1477 952 libris
1514 909 1824 953 recentioribus

320 993 411 1022 esse
441 983 484 1021 et
505 980 697 1021 Zonarae
730 979 861 1021 verba
894 980 1080 1034 genuina
1111 984 1277 1023 mutata
1310 984 1352 1023 et
1383 981 1586 1024 nonnulla
1618 981 1824 1025 adiuncta

319 1055 361 1093 et
392 1051 524 1093 multa
555 1051 869 1106 praetermissa,
914 1050 1064 1094 horum
1097 1051 1294 1095 codicum
1326 1053 1562 1096 auctoritas
1600 1067 1695 1096 cum
1740 1053 1825 1097 fide

319 1123 415 1165 libri
438 1122 621 1165 Parisini
643 1122 755 1164 1715
780 1136 976 1178 pugnans
1006 1127 1093 1166 tam
1126 1124 1249 1179 parvi
1282 1124 1452 1167 videtur
1484 1138 1578 1168 esse
1611 1125 1823 1181 ducenda,

317 1198 377 1249 ut,
411 1195 579 1237 etiamsi
611 1194 691 1237 soli
718 1195 954 1250 praebeant
977 1196 1109 1238 verba
1132 1197 1412 1251 congruentia
1436 1210 1532 1239 eum
1553 1197 1698 1241 verbis
1720 1198 1824 1240 scri-

317 1271 486 1322 ptorum
519 1281 545 1309 a
568 1267 736 1309 Zonara
760 1271 1058 1322 excerptorum
1090 1292 1149 1298 -—
1181 1267 1296 1322 quod
1320 1269 1534 1311 rarissime
1558 1268 1719 1312 accidit
1750 1294 1822 1324 —,

317 1352 393 1381 nos
423 1342 566 1381 tamen
599 1352 693 1381 cum
717 1338 939 1382 Dindorfio
973 1338 1167 1382 codicem
1189 1340 1431 1383 Parisinum
1463 1341 1582 1383 illum
1616 1342 1822 1397 optimum

319 1410 438 1465 sequi
463 1411 748 1461 maluerimus,
783 1410 898 1465 quod
931 1425 1014 1454 non
1047 1412 1171 1455 abest
1203 1413 1402 1467 suspicio,
1438 1413 1539 1466 quin
1570 1412 1652 1455 viri
1685 1413 1822 1455 critici

318 1483 542 1538 Byzantini
574 1496 651 1538 pro
684 1483 905 1526 vocabulis
938 1497 964 1525 a
995 1484 1164 1527 Zonara
1196 1484 1289 1540 ipso
1317 1484 1576 1539 excogitatis
1598 1484 1823 1528 usitatiora

317 1554 627 1607 revocaverint,
677 1555 830 1609 quibus
871 1556 1065 1599 Zonarae
1105 1559 1303 1599 auctores
1347 1556 1413 1598 usi
1458 1560 1592 1599 erant.
1659 1555 1822 1607 Quodsi

318 1627 362 1668 in
395 1625 562 1669 edenda
583 1627 777 1670 Zonarae
810 1627 999 1683 epitoma
1032 1626 1244 1670 codicem
1265 1626 1543 1670 Parisinum
1577 1626 1692 1670 1715
1726 1642 1821 1671 cum

319 1698 538 1741 Dindorfio
571 1699 785 1753 sequimur
818 1698 983 1742 ducem
1015 1699 1359 1754 praecipuum2
1391 1699 1465 1755 ita,
1500 1703 1545 1742 ut
1577 1699 1822 1743 testimonia

318 1771 519 1813 librorum
563 1772 796 1815 recentium
842 1785 895 1814 ex
941 1771 1092 1814 eodem
1137 1771 1287 1815 codice
1327 1771 1564 1828 archetypo
1610 1771 1821 1816 derivato-

318 1856 422 1897 rum,
457 1857 480 1886 e
513 1857 595 1898 quo
628 1843 750 1886 fluxit
783 1843 854 1886 ille
877 1844 1097 1886 Parisinus
1129 1844 1187 1897 (v.
1211 1844 1237 1886 l.
1262 1857 1298 1886 c.
1323 1858 1365 1900 p.
1390 1844 1509 1898 228),
1542 1857 1626 1886 non
1649 1858 1821 1900 sperna-

317 1928 423 1970 mus,
456 1915 491 1958 si
524 1929 651 1970 quam
685 1916 937 1972 scripturam
970 1915 1247 1972 suppeditent
1278 1915 1500 1959 meliorem
1531 1915 1682 1959 codice
1704 1915 1822 1958 Pari-

318 1987 425 2042 sino,
455 2000 583 2042 quem
615 1988 778 2042 aliquot
811 1987 917 2031 locis
950 1989 1218 2044 (praesertim
1250 1988 1294 2030 in
1325 1988 1434 2030 libro
1462 1988 1608 2031 ultimo
1632 2002 1658 2031 a
1679 1988 1821 2031 scriba

437 2153 451 2178 1
477 2155 577 2190 Tam
603 2165 727 2201 saepe
752 2155 807 2198 fit,
845 2158 891 2191 ut
917 2155 1045 2191 verba
1071 2155 1254 2191 Zonarae
1278 2156 1452 2201 repetita
1477 2155 1519 2190 in
1545 2155 1657 2191 libris
1683 2165 1820 2190 recen-

318 2215 490 2250 tioribus
525 2215 690 2251 consilio
727 2215 903 2260 quodam
940 2215 1208 2261 expellantur,
1249 2218 1294 2250 ut
1326 2216 1422 2250 satis
1457 2216 1506 2251 sit
1537 2215 1683 2251 afferre
1708 2215 1819 2250 locos

318 2275 409 2310 hos:
435 2274 532 2309 XIII
559 2275 592 2318 1,
607 2275 665 2310 22.
679 2274 735 2311 27.
763 2275 796 2319 6,
811 2274 842 2310 5.
871 2275 903 2318 7,
918 2275 951 2311 7.
978 2274 1050 2310 XV
1077 2276 1108 2319 7,
1126 2276 1157 2310 7.
1187 2275 1314 2319 19,13.
1341 2275 1434 2310 XVI
1461 2275 1565 2318 1‚31.
1591 2280 1603 2320 ξ

441 2333 457 2358 ²
482 2335 593 2371 Inter
620 2345 758 2370 omnes
784 2335 965 2371 Zonarae
992 2336 1115 2370 libros
1141 2346 1266 2371 manu
1293 2336 1474 2381 scriptos,
1502 2345 1603 2380 quos
1621 2335 1819 2377 novimus,

320 2405 410 2430 cum
437 2395 577 2431 codice
602 2394 638 2430 A
665 2398 827 2441 praeter
853 2395 1138 2431 Monacensem
1164 2395 1235 2430 325
1262 2394 1560 2440 quodammodo
1592 2394 1816 2440 comparari

319 2464 438 2499 posse
465 2455 570 2491 solos
584 2455 826 2491 Vaticanum
845 2455 913 2490 136
940 2459 980 2490 et
997 2455 1265 2490 Mutinensem
1283 2454 1322 2489 II
1339 2454 1370 2489 F
1390 2454 1434 2489 12
1459 2452 1819 2500 (v.Byz.Zeitschr.

319 2513 342 2548 l.
370 2523 402 2549 c.
427 2525 464 2559 p.
479 2514 548 2550 228
563 2525 611 2550 ss.
639 2518 678 2550 et
703 2526 741 2560 p.
759 2515 844 2559 596)
874 2515 948 2550 etsi
974 2525 1048 2550 nos
1075 2515 1150 2560 ipsi
1178 2515 1402 2559 docuimus,
1429 2515 1565 2550 tamen
1587 2523 1723 2559 neque
1744 2513 1820 2549 Va-

322 2573 498 2608 ticanum
519 2575 698 2610 codicem
718 2585 851 2620 neque
870 2574 1138 2610 Mutinensem
1156 2575 1233 2609 rati
1252 2585 1390 2609 sumus
1410 2584 1498 2610 esse
1517 2573 1818 2615 excutiendum,

323 2633 418 2677 quia
454 2636 491 2667 ot
517 2633 690 2669 Parisini
724 2634 824 2670 fides
871 2634 1048 2670 omnium
1086 2634 1281 2669 librorum
1315 2634 1438 2679 longe
1473 2634 1696 2669 certissima
1731 2643 1819 2668 esse

324 2692 485 2727 videtur
520 2697 569 2738 et,
604 2695 636 2729 si
672 2695 724 2730 ad
751 2697 944 2740 quattuor
969 2694 1093 2730 libros
1118 2693 1266 2738 BCDE,
1307 2695 1375 2739 qui
1402 2696 1565 2739 praeter
1590 2693 1819 2729 Parisinum

323 2753 583 2797 comparandi
610 2758 726 2790 erant
752 2755 804 2790 ad
830 2754 1078 2790 noscendam
1102 2754 1300 2800 originem
1319 2754 1611 2799 scripturarum
1631 2752 1818 2788 editionis

324 2810 557 2854 Wolfianae‚
593 2813 672 2848 duo
700 2814 765 2849 alii
794 2814 953 2850 codices
980 2813 1232 2857 accederent,
1265 2823 1400 2858 neque
1427 2813 1646 2858 quicquam
1672 2811 1726 2846 ad
1750 2811 1819 2847 Zo-

323 2881 450 2906 narae
476 2872 601 2907 verba
627 2874 878 2909 restituenda
901 2874 1107 2910 videretur
1126 2873 1272 2918 afferri,
1301 2874 1399 2918 quin
1419 2883 1470 2908 ex
1490 2873 1697 2907 codicibus
1716 2881 1818 2917 quos

324 2930 497 2965 diximus
514 2935 646 2977 posset
663 2933 854 2978 depromi,
882 2938 921 2969 et
939 2934 1064 2970 moles
1083 2936 1304 2979 apparatus
1324 2933 1450 2969 critici
1470 2932 1665 2968 evasisset
1683 2931 1818 2968 nimia.
