2066 3230
371 204 442 243 694
728 204 910 243 ZONAR.
937 204 1069 239 EPIT.
1095 202 1227 239 XVIII
1255 203 1310 248 12,
1336 203 1463 248 8—13,
1492 204 1524 239 1.

373 329 413 369 οἶ
447 328 636 382 πολέμιοι
675 328 731 373 εἷς
770 326 843 380 τὴν
881 330 952 380 τῆς
992 325 1161 379 Ταρσοῦ
1200 324 1378 366 πεδιάδα
1420 324 1632 379 γενόμενοι
1661 329 1745 372 τοῖς
1769 325 1864 380 Ἀρ-

336 397 525 452 9μενίοις
556 397 750 438 ἐνέπεσον
781 394 852 435 καὶ
881 397 1020 435 πᾶσαν
1053 392 1203 447 σχεδὸν
1233 392 1307 447 τὴν
1338 393 1448 435 λείαν
1480 393 1704 448 ἀπέβαλον.
1760 394 1864 436 ἔνω-

372 466 576 511 τισθέντες
609 464 653 506 δὲ
684 463 755 505 καὶ
786 462 859 517 τὴν
891 462 934 503 ἓν
956 461 1120 515 Μόψου
1144 462 1253 515 ἑστίᾳ
1277 465 1363 503 τῶν
1379 461 1602 516 Ῥωμαίων
1624 461 1867 516 ε’φέδρευσιν

314 539 359 574 10
373 535 536 588 ᾤχοντο
581 532 648 574 διὰ
692 536 763 586 τῆς
806 529 956 576 νυκτὸς
998 530 1069 571 καὶ
1113 530 1321 584 διέφυγον.
1384 531 1408 571 ὃ
1439 535 1500 584 τῷ
1536 530 1697 584 βασιλεῖ
1733 530 1866 585 λύπης

372 602 573 646 ὑπόθεσις
605 601 759 654 γέγονε,
800 599 871 640 καὶ
902 598 1113 653 ἀπογνοὺς
1153 599 1344 653 ὡρμήκει
1382 597 1491 652 πρὸς
1530 597 1576 639 τὸ
1614 598 1901 647 Βυζάντιον·5

314 675 356 710 11
372 671 453 725 ἤδη
500 669 579 724 γὰρ
623 670 769 722 ἐπέστη
814 667 884 709 καὶ
926 667 973 709 τὸ
1015 667 1277 722 μετόπωρον.
1341 666 1407 708 ὅτε
1443 666 1515 708 καὶ
1551 667 1576 708 ὁ
1611 667 1744 721 μέγας
1779 671 1865 709 τῶν

108 730 359 801 Α’Ῑξῧῗδὲοῗο
376 739 633 793 Βλαχερνῶν
666 737 943 791 ἓπυρπολήθη
976 736 1090 790 ναός,
1123 738 1242 782 ἔτους
1273 736 1539 789 ἐνισταμένου
1572 735 1722 790 Ιςφοηᾭ

314 811 359 846 12
485 806 789 860 Ἐφισταμένου
828 805 875 846 δέ
912 821 956 859 γε
992 808 1066 846 τοῦ
1105 805 1230 858 ἔαρος
1261 803 1470 858 ᾹΙανουὴλ
1506 804 1865 858 πρωτοπρόεδρον

371 875 443 916 τὸν
474 874 714 929 Κομνηνόν,
761 873 832 915 τὸν
862 877 935 915 τοῦ
967 872 1311 928 βεβασιλευκότος
1342 873 1423 927 ἤδη
1450 872 1660 914 Ἰσαακίου
1694 872 1863 927 ἀδελφι-

251 948 286 983 D
315 948 359 983 13
374 945 490 997 δοῦν,
523 943 844 998 κουροπαλάτην
874 942 1049 997 τιμήσας
1081 942 1265 996 ἐφίστησι
1295 945 1379 987 τοῖς
1407 941 1719 995 στρατεύμασιν.
1771 940 1796 982 ὁ
1819 941 1864 983 δὲ
1882 945 1928 982 10

373 1013 466 1058 νέος
495 1011 574 1066 μὲν
605 1011 825 1066 ἐτύγχανεν
857 1012 933 1065 ὤν,
965 1010 1069 1066 ἦρχε
1102 1010 1145 1052 δὲ
1167 1009 1273 1052 κατὰ
1297 1011 1506 1064 γέροντας,
1539 1010 1610 1051 καὶ
1630 1009 1866 1064 βαρβάρων

315 1085 361 1120 14
374 1080 558 1135 ἐντυχὼν
590 1084 758 1134 στρατιᾷ
787 1080 1063 1134 προσμίγνυσι
1093 1079 1165 1120 καὶ
1195 1083 1302 1132 νικᾷ.
1363 1082 1484 1119 τοῦτο
1510 1078 1666 1132 λέγεται
1686 1083 1747 1132 τῷ
1769 1078 1864 1120 Διο-

375 1150 479 1203 γένει
510 1148 678 1203 φθόνον
708 1152 883 1203 κινῆσαι,
915 1147 987 1189 καὶ
1019 1147 1086 1190 διὰ
1117 1151 1238 1189 τοῦτο
1270 1151 1342 1202 τῆς
1372 1146 1467 1200 περὶ
1498 1147 1655 1188 ἐκεῖνον
1678 1150 1867 1202 στρατιᾶς

315 1222 360 1257 15
373 1222 528 1272 μοῖραν
559 1218 638 1259 οὐκ
671 1217 884 1272 ἐλαχίστην
916 1217 1146 1258 ἀποδιελεῖν
1177 1216 1248 1258 καὶ
1270 1216 1417 1258 στεῖλαι
1438 1215 1544 1257 κατὰ
1565 1215 1739 1268 Συρίας.
1783 1214 1866 1257 εἶτα

374 1290 447 1328 τοῦ
483 1286 711 1340 Κομνηνοῦ
742 1284 844 1340 μετὰ
876 1289 961 1327 τῶν
992 1286 1356 1340 ὑπολελειμμένων
1388 1285 1616 1339 γενομένου
1648 1283 1754 1326 κατὰ
1786 1284 1867 1326 Σε-
1886 1288 1931 1324 15

375 1355 579 1410 βάστειαν,
614 1354 819 1408 Τούρκων
851 1355 1037 1409 ἀνεφάνη
1069 1354 1248 1409 πληθύς,
1280 1354 1351 1396 καὶ
1382 1353 1496 1409 ἐπῄει
1516 1353 1676 1399 τούτοις
1698 1354 1867 1400 ἐκεῖνος.

319 1424 418 1466 16οἶ
457 1423 502 1465 δὲ
541 1422 681 1478 φυγὴν
719 1422 1022 1477 ὑπεκρίθησαν,
1070 1423 1139 1464 καὶ
1185 1423 1224 1464 οἳ
1266 1422 1360 1476 περὶ
1402 1422 1473 1463 τὸν
1506 1421 1733 1476 Κομνηνόν
1774 1421 1871 1468 τοὺς

377 1541 398 1576 6
423 1541 502 1586 περὶ
528 1546 588 1576 τοῦ
614 1541 823 1586 ἐμπρησμοῦ
858 1545 918 1575 τοῦ
951 1545 1037 1575 ναοῦ
1064 1540 1137 1584 (τοῦ
1162 1540 1198 1575 ἕν
1223 1545 1272 1575 τῶ
1299 1545 1372 1575 ναῶ
1400 1540 1444 1583 Ε)
1472 1544 1542 1574 τῶν
1566 1540 1783 1584 Βλαχερνῶν
1809 1538 1871 1575 ΟΕ

376 1589 399 1624 8
422 1589 500 1634 περὶ
518 1594 577 1624 τοῦ
595 1589 787 1633 Κομνηνοῦ
804 1587 978 1633 Μανουὴλ
1002 1588 1061 1623 καὶ
1079 1589 1176 1627 ὅπως
1201 1588 1342 1633 ἐλήφθη
1370 1587 1432 1623 ΟΕ
1457 1587 1680 1632 αἰχμάλωτος
1697 1587 1758 1622 καὶ
1774 1588 1872 1626 ὅπως

375 1637 582 1683 ἐπανῆλθεν,
608 1637 705 1682 ἄγων
730 1635 791 1672 καὶ
818 1636 875 1671 τὸν
899 1636 1018 1671 ἑλόντα
1043 1636 1147 1671 αὐτὸν
1178 1637 1335 1681 Τοῡρκον
1359 1637 1546 1681 πρόσφυγα
1572 1641 1622 1680 τῷ
1646 1635 1785 1681 βασιλεῖ
1807 1634 1836 1671 C

449 1758 468 1792 1
494 1756 659 1795 πεδιάδος
676 1755 724 1800 D,
749 1756 919 1791 παιδιάδα
938 1755 977 1800 C,
1005 1766 1106 1791 corr.
1123 1754 1184 1793 Cw
1283 1756 1314 1790 1.
1330 1755 1352 1790 2
1377 1761 1446 1794 τοῖς
1471 1755 1635 1799 τούρκοις
1657 1754 1662 1798 Ι
1685 1754 1872 1799 συνέμιξαν

449 1804 489 1848 C,
518 1815 618 1839 corr.
647 1803 708 1842 Cw
806 1803 828 1839 3
854 1804 914 1839 καὶ
941 1814 1017 1839 om.
1044 1802 1074 1837 B
1171 1804 1389 1849 μοψουεστίᾳ
1415 1801 1581 1848 EwpDi,
1606 1803 1730 1847 μόψου
1757 1802 1871 1837 ἑστίαν

448 1851 528 1896 AB,
553 1853 677 1897 μόψου
703 1852 816 1891 ἑστίας
843 1851 884 1893 C,
920 1852 1044 1896 μόψου
1070 1851 1164 1886 ἕστια
1203 1854 1247 1893 (s.
1274 1861 1356 1886 acc.
1385 1853 1423 1885 et
1449 1851 1608 1896 punctis
1638 1852 1762 1885 notat.
1789 1859 1871 1884 mu-

448 1903 578 1935 tatum
605 1910 656 1935 ex
682 1899 830 1944 ἒστίσας)
857 1899 905 1943 D,
933 1910 969 1934 v.
997 1899 1049 1933 ad
1075 1898 1167 1934 XVI
1193 1899 1249 1942 25,
1277 1899 1299 1933 3
1435 1904 1506 1943 τῷν
1533 1897 1618 1939 (sie)
1644 1896 1678 1932 A
1811 1897 1872 1942 ἐφ-

448 1948 608 1992 έδρευσιν
629 1946 796 1993 prDi,
822 1945 1087 1992 ε’φεδρεὺουῖσιν
1104 1945 1140 1980 Α
1236 1947 1258 1980 6
1286 1949 1375 1992 post
1391 1946 1456 1991 γὰρ
1476 1946 1566 1980 add.
1585 1945 1644 1980 καὶ
1663 1944 1698 1979 D
1794 1958 1874 1990 μετ-

449 1995 605 2039 ώπωρον
631 1995 727 2041 Ewp
893 1995 914 2030 7
942 1995 1055 2040 ,mpod
1085 1993 1120 2028 A
1148 1993 1306 2039 Scylitz.
1333 2005 1370 2039 p.
1397 1993 1477 2038 685,
1502 1993 1534 2038 6,
1573 1993 1872 2038 ἓξακισχιλιοστοῦ

450 2043 724 2088 (ἕξασχιλιοστοῦ
742 2042 844 2088 w*p)
857 2047 1150 2077 πεντακοσιοστοῢ
1171 2041 1276 2086 (πεντ.
1297 2052 1371 2076 om.
1387 2041 1435 2083 D,
1465 2055 1524 2085 ,ςφ
1542 2040 1586 2085 C)
1605 2041 1872 2086 ἓβδομηκοστοῦ

450 2091 577 2136 ὀγδόου
596 2089 755 2135 prDi
839 2091 862 2126 8
885 2090 1181 2134 πρωτοπρόεδρος
1207 2089 1242 2124 D
1332 2090 1373 2123 11
1401 2088 1445 2134 δὴ
1473 2088 1503 2122 Β
1591 2089 1635 2123 12
1660 2087 1720 2123 καὶ
1747 2099 1820 2123 om.
1836 2087 1872 2122 D

498 2138 556 2173 τὸν
582 2139 743 2184 διογένην
769 2138 804 2172 Ι)
920 2138 964 2172 16
990 2140 1080 2183 post
1105 2137 1166 2172 καὶ
1193 2137 1282 2172 add.
1311 2137 1338 2171 τ’
1365 2137 1524 2182 punctis
1550 2138 1734 2171 notatum
1759 2135 1796 2170 D

453 2185 497 2221 17
524 2185 642 2232 φυγὴν
667 2184 836 2232 prDz'.
863 2191 987 2231 φυγεῖν
1012 2184 1048 2220 Α

343 2303 431 2340 9ab
457 2303 657 2340 Armeniis
685 2305 792 2340 omni
818 2305 905 2341 fere
932 2304 1085 2350 praeda
1111 2304 1270 2350 spoliati
1297 2306 1400 2348 sunt,
1428 2303 1657 2348 auditisque
1677 2302 1874 2338 Romano-

378 2362 467 2388 rum
500 2352 552 2387 ad
580 2352 894 2398 Mopsuhestiam
929 2352 1095 2396 insidiis,
1133 2354 1258 2387 noctu
1291 2352 1366 2387 iter
1400 2351 1573 2397 ingressi
1612 2351 1872 2396 diffugerunt,

320 2398 366 2433 10
380 2410 485 2445 quae
509 2410 574 2436 res
592 2401 681 2446 regi
700 2411 824 2436 eausa
843 2401 1036 2436 maeroris
1058 2400 1145 2442 fuit,
1173 2403 1217 2435 ut
1242 2400 1365 2435 rebus
1392 2399 1614 2444 desperatis
1632 2397 1872 2443 Byzantium

319 2446 363 2480 11
379 2447 546 2492 rediret3
573 2448 654 2482 iam
681 2448 787 2483 enim
805 2451 1024 2486 autumnus
1041 2447 1230 2483 instabat.
1281 2446 1384 2482 Tum
1406 2446 1687 2481 Blachernium
1711 2455 1874 2491 quoque

380 2505 573 2540 magnum
610 2495 803 2541 templum
842 2495 1122 2542 conflagravit,
1165 2505 1273 2530 anno
1312 2494 1363 2529 ab
1403 2495 1501 2530 orbe
1540 2493 1700 2529 condito
1740 2493 1873 2528 sexies

379 2542 586 2578 millesimo
614 2543 938 2588 quingentesimo
965 2542 1265 2588 septuagesimo
1294 2545 1451 2577 octavo.

321 2589 366 2624 12
497 2590 678 2625 Instante
706 2600 802 2626 vere
828 2590 1055 2626 Manuelem
1082 2589 1419 2636 protoproedrum
1445 2589 1704 2633 Comnenum,
1743 2587 1874 2623 Isaaei

379 2637 489 2683 regis
529 2647 581 2672 ex
618 2638 745 2672 fra-tre
782 2643 983 2683 nepotem,
1027 2637 1302 2683 europalatem
1345 2637 1601 2682 designatum
1644 2636 1873 2682 legionibus

322 2685 366 2720 13
380 2685 586 2732 praefecit,
616 2685 684 2730 qui
714 2686 898 2730 quamvis
917 2685 1156 2721 adulescens
1175 2695 1266 2720 cum
1283 2685 1398 2720 senili
1417 2684 1632 2730 prudentia
1651 2683 1873 2719 exereitum

321 2732 367 2767 14
379 2735 553 2779 regeret,
591 2732 788 2767 barbaros
815 2733 921 2768 vicit.
973 2732 1242 2775 Quamobrem
1269 2731 1475 2778 Diogenes
1506 2731 1660 2766 invidia
1692 2732 1734 2765 in
1763 2731 1874 2765 illum

380 2785 597 2826 permotus,
630 2782 746 2825 parte
771 2790 853 2814 non
879 2780 1042 2815 minima
1069 2780 1276 2825 copiarum
1303 2780 1504 2825 adempta,
1531 2789 1623 2814 eum
1648 2779 1689 2812 in
1714 2778 1871 2823 Syriam

321 2827 366 2863 15
381 2828 497 2863 misit.
547 2827 647 2863 Inde
666 2826 870 2863 Comneno
898 2837 988 2862 eum
1013 2828 1177 2873 reliquis
1195 2826 1419 2863 Sebastiam
1445 2827 1627 2872 profecto
1646 2825 1870 2861 Tureorum

322 2875 367 2910 16
380 2875 594 2912 multitudo
621 2885 664 2911 se
682 2874 866 2920 ostendit,
894 2875 962 2921 qui
980 2875 1144 2911 barbari
1163 2875 1349 2911 simulata
1366 2875 1478 2921 fuga,
1506 2874 1571 2910 illo
1590 2876 1870 2919 persequente,
