1968 3302
4 3059 7 3062 ν
0 2883 14 3052 “vamum-»1⁴
8 2866 11 2867 ,
15 2854 18 2855 ¹
2 2843 6 2846 ·

8 1949 38 1973 ’ὦ
8 1636 48 1937 ὟᾏΜἎΨᾟἈἈ
0 1534 43 1609 if<-
23 1509 35 1517 Δ
19 1398 25 1414 ’“

653 232 899 277 TVLIANVS
925 229 1210 274 AVGVSTVS.
1638 231 1682 272 51

181 364 257 406 καί
289 379 400 410 τινας
436 366 521 404 τῶν
559 360 629 403 ὕπ’
663 361 791 403 αὐτὸν
827 362 1065 415 ταξιαρχῶν
1102 358 1304 401 ὑπελθὼν
1343 356 1393 401 δι’
1429 359 1600 400 ἐκείνων
1637 357 1684 399 τὸ

182 431 476 487 στρατιωτικὸν
506 431 773 485 παρεκίνησε,
805 430 876 472 καὶ
907 428 1060 471 συστὰν
1091 429 1256 470 ἀνεῖπεν
1277 427 1405 469 αὐτὸν
1427 427 1684 481 Αὔγουστον.

181 501 265 544 εἶτα
298 501 486 556 ξιφήρεις
517 500 750 545 ἐπιστάντες
781 499 909 552 αὐτῷ,
957 498 1020 544 ὡς
1052 497 1184 552 δῆθεν
1213 497 1273 551 μὴ
1307 497 1573 550 προσιεμένῳ
1612 495 1687 550 τὴν
1701 501 1745 536 12

181 575 254 625 τῆς
284 570 492 625 βασιλείας
525 569 765 622 ἀνάρρησιν,
799 567 996 622 ἠπείλουν
1029 566 1359 620 διαχειρίσασθαι
1386 564 1526 619 αὐτόν,
1560 565 1598 606 εἶ
1624 564 1684 618 μὴ

146 639 382 681 ὅπείθοιτο.
446 638 558 679 οὕτω
593 637 638 678 δὲ
670 637 773 690 τάχα
807 636 878 677 καὶ
909 636 1030 676 ἄκων
1061 639 1110 689 τῇ
1141 638 1215 675 τοῦ
1253 637 1549 688 στρατιωτικοῦ
1580 633 1685 686 πλή-
1702 639 1746 674 13

182 709 291 753 θους
333 707 504 754 ὑπείξας
548 706 678 760 ὁρμῇ,
725 705 972 759 προσήκατο
1015 702 1090 758 τὴν
1134 703 1280 758 ἀρχήν.
1344 703 1602 756 ζητουμένου
1642 701 1687 742 δὲ
1702 707 1747 742 14

185 775 455 830 διαδήματος,
489 771 539 815 ἵν’
569 774 716 815 αι’»τίκα
748 774 884 826 τούτῳ
918 772 1170 827 ταινιωθείη,
1204 772 1361 818 ἐκεῖνος
1390 771 1469 825 μὲν
1498 770 1558 825 μὴ
1582 771 1688 825 ἔχειν

184 845 421 899 ἐξώμνυτο·
470 847 594 884 τινῶν
627 843 671 883 δὲ
703 842 866 896 κόσμον
899 842 1127 882 αἰτούντων
1160 840 1392 894 γυναικεῖόν
1422 855 1524 893 τινα,
1557 839 1606 880 ἵν’
1641 838 1786 880 ἒκΡΙῙ
1801 843 1893 880 21A

183 913 332 955 τούτου
365 911 629 967 σχεδιασθείη
665 911 864 965 διάδημα,
897 911 1167 965 παρῃτήσατο
1189 914 1310 951 τοῦτο
1333 909 1356 950 ὁ
1380 907 1605 954 Ἰουλιανὸς
1627 908 1689 953 ὡς

126 986 172 1022 10
185 982 379 1023 ἀπαίσιον
411 980 574 1022 οἰωνόν.
639 979 726 1020 ἐπεὶ
758 980 805 1020 δέ
835 995 893 1025 τις
929 983 1014 1020 τῶν
1052 978 1290 1032 ταξιάρχων
1327 977 1508 1032 χρύσεον
1544 976 1688 1031 ἐφόρει
1703 982 1747 1018 15

185 1050 397 1104 στρεπτόν,
430 1049 576 1095 λίθους
609 1049 755 1103 ἔχοντα
787 1048 1082 1102 χρυσοδέτους,
1115 1051 1262 1088 τοῦτον
1293 1047 1490 1101 λαβόντες
1511 1050 1560 1101 τῇ
1582 1045 1687 1087 ἐκεί-

184 1135 260 1161 νου
291 1119 600 1173 προσήρμοσαν
631 1117 807 1171 κεφαλῇ.
871 1117 894 1158 ὁ
928 1117 973 1157 δὲ
999 1115 1229 1157 Πεντάδιον
1251 1115 1322 1156 τὸν
1353 1115 1582 1169 μάγιστρον
1603 1117 1688 1155 τῶν
1705 1121 1748 1156 16

184 1187 414 1242 βασιλικῶν
455 1187 616 1235 τάξεων
661 1186 736 1227 σὺν
779 1186 933 1240 ἑτέροις
977 1185 1184 1227 ἀπέστειλε
1227 1184 1336 1238 πρὸς
1380 1183 1687 1236 Κωνστάντιον,

185 1256 410 1302 ἐπιστείλας
448 1256 565 1309 αὒττῤ
602 1254 674 1295 καὶ
713 1255 1069 1308 ἀπολογούμενος,
1117 1254 1179 1300 ὡς
1217 1254 1296 1308 οὐχ
1335 1253 1448 1294 ἑκὼν
1486 1251 1688 1306 προήχθη

130 1331 172 1366 15
185 1324 294 1379 πρὸς
331 1324 405 1379 τὴν
442 1328 514 1378 τῆς
550 1324 759 1378 βασιλείας
790 1323 1032 1378 ἀνάρρησιν,
1081 1323 1270 1377 βιασθεὶς
1302 1319 1339 1363 δ’
1372 1321 1456 1363 ὑπὸ
1489 1335 1689 1375 στρατιω-

185 1397 271 1435 τῶν
300 1393 360 1448 μὴ
393 1393 669 1448 βουλομένων
701 1392 998 1446 στρατεύεσθαι
1033 1390 1113 1432 ὑπὸ
1146 1390 1341 1445 Καίσαρι,
1375 1389 1462 1431 ἀλλ’
1495 1388 1580 1431 ὑπὸ
1610 1389 1689 1443 βα-

186 1554 232 1589 12
257 1554 312 1590 οἶα
337 1557 386 1599 τῷ
414 1554 651 1598 Κωνσταντίῳ
678 1552 868 1588 ἐπέστειλεν
891 1552 1081 1591 Ἰουλιανός
1108 1550 1137 1588 C

259 1714 279 1748 1
306 1713 424 1749 αὐτῶν
449 1712 491 1757 Ε,
519 1724 556 1748 V.
582 1712 679 1748 XIII
707 1713 740 1757 8,
767 1712 824 1748 23.
853 1712 886 1756 9,
915 1712 970 1748 10.
998 1712 1053 1747 12.
1081 1710 1173 1747 XIV
1198 1710 1231 1756 4,
1258 1711 1292 1746 8.
1318 1709 1375 1755 28,
1403 1709 1425 1746 3
1453 1711 1526 1746 eet.
1632 1723 1690 1744 τα-

259 1763 417 1807 ξιαρχῶν
431 1760 578 1807 Apr,
606 1761 806 1806 ταξιάρχων
820 1759 887 1805 Di,
916 1771 952 1796 V.
972 1760 990 1795 I
1008 1771 1044 1806 p.
1062 1760 1141 1805 196,
1162 1760 1217 1795 19.
1244 1758 1340 1794 XIII
1361 1758 1416 1803 13,
1432 1758 1464 1794 9.
1491 1757 1583 1794 XIV
1609 1757 1642 1802 4,
1657 1758 1690 1792 8.

260 1810 330 1845 Est
355 1810 481 1855 igitur
507 1809 690 1844 Zonarae
718 1813 756 1845 et
787 1810 974 1853 ταξίαρχος
1001 1812 1040 1844 et
1073 1808 1275 1852 ταξιάρχης.
1316 1806 1360 1842 V.
1387 1806 1440 1841 ad
1466 1806 1558 1841 XIV
1586 1806 1619 1850 7,
1645 1805 1691 1840 26

307 1858 455 1892 ἐκείνων
482 1855 668 1903 RSwpDi,
694 1857 828 1891 ἐκεῖνον
855 1856 890 1891 Α
987 1856 1010 1892 2
1036 1861 1163 1891 συστᾶν
1189 1855 1275 1900 (Sic)
1302 1854 1371 1889 ΑΕ
1474 1854 1497 1889 4
1523 1855 1691 1899 διαχειρί-

261 1906 388 1941 σασθαι
416 1904 456 1950 C,
483 1905 742 1950 διαχρήσασθαι
769 1905 800 1940 Ε
938 1906 960 1939 9
986 1905 1119 1940 τούτων
1145 1903 1247 1949 pr
1385 1907 1486 1937 τοῦτο
1514 1905 1553 1937 et
1578 1902 1691 1937 τούτω

262 1964 333 2000 per
360 1953 523 1999 dittogr.
550 1953 579 1989 C
726 1954 771 1988 10
796 1968 843 1992 τις
869 1958 940 1988 τῶν
966 1953 1167 1997 ταξιάρχων
1193 1952 1409 1996 (ταξιαρχῶν
1435 1950 1515 1991 ΒΕ)
1541 1951 1692 1995 χρύσεον

260 2001 342 2046 AR,
368 2002 517 2047 χρύσεόν
543 2015 592 2040 τις
619 2005 689 2036 τῶν
715 2003 916 2046 ταξιαρχῶν
942 2001 1043 2046 pr
1146 2000 1190 2035 12
1214 2000 1487 2045 προςήρμουσαν
1512 1998 1559 2042 D,
1590 2009 1691 2033 corr.

262 2049 341 2093 Dw,
368 2050 618 2094 προςόρμησαν
632 2050 718 2091 (sie)
735 2049 768 2084 A
868 2050 912 2084 13
938 2048 995 2084 τὸν
1013 2053 1107 2084 ante
1132 2061 1261 2083 κωνστ.
1289 2047 1381 2082 add.
1404 2046 1434 2081 E
1534 2046 1579 2081 15
1604 2047 1693 2091 πρὸς

260 2096 464 2143 ABspr,
490 2098 538 2136 εἷς
564 2097 608 2141 R,
635 2107 672 2132 v,
699 2097 796 2132 XIII
822 2097 920 2142 9,19
1071 2099 1163 2143 post
1187 2095 1256 2131 ὕπὸ
1282 2095 1373 2130 add.
1400 2099 1471 2130 τῶν
1497 2092 1693 2140 DEwpDz'

262 2145 349 2190 (sed.
375 2145 482 2181 idem
508 2144 744 2180 Dindorfius
772 2150 843 2180 τῶν
869 2145 957 2180 vult
985 2145 1112 2180 omitti
1138 2144 1216 2180 vol.
1244 2143 1278 2179 V
1305 2154 1342 2189 p.
1369 2143 1455 2186 240)

190 2312 280 2338 cum
315 2302 626 2348 conspirassent,
665 2302 889 2338 salutarent
922 2311 1015 2338 eum
1042 2299 1287 2347 Augustum.
1338 2299 1442 2335 Tum
1477 2301 1692 2345 postquam
1708 2298 1753 2334 12

190 2360 282 2386 cum
307 2349 456 2396 gladiis
487 2353 748 2386 accesserunt
781 2350 834 2385 ad
868 2360 961 2385 eum
1003 2350 1119 2395 quasi
1158 2359 1240 2384 non
1280 2352 1544 2394 accepturum
1582 2347 1693 2392 regis

189 2398 516 2444 appellationem,
556 2398 817 2433 minabantur
844 2408 887 2433 se
914 2399 1171 2443 perfossuros
1197 2407 1286 2432 esse
1314 2406 1417 2440 eum,
1455 2396 1487 2430 si
1514 2405 1597 2430 non
1626 2394 1692 2429 ob-

131 2456 137 2463 ·
190 2449 446 2492 temperaret.
498 2445 563 2482 Sic
589 2449 724 2481 autem
754 2448 925 2481 fortasse
953 2446 1073 2480 etiam
1100 2445 1264 2489 invitus,
1292 2444 1497 2479 exercitus
1517 2442 1753 2480 multitu-13

191 2494 295 2530 dinis
322 2504 413 2529 cum
433 2495 618 2530 cessisset
637 2495 816 2540 impetui,
844 2494 1002 2539 accepit
1020 2493 1244 2538 imperium.
1296 2491 1395 2527 Cum
1415 2494 1549 2526 autem
1571 2499 1692 2535 quae·
1708 2491 1753 2526 14

190 2546 348 2578 reretur
363 2542 563 2585 diadema,
582 2552 662 2587 quo
682 2542 785 2577 illico
802 2547 1081 2584 coronaretur,
1100 2541 1164 2575 ille
1184 2550 1227 2575 se
1246 2550 1326 2575 non
1347 2539 1498 2574 habere
1517 2538 1691 2582 iurabat,

190 2590 262 2626 sed
288 2589 493 2625 nonnullis
521 2594 708 2625 ornatum
736 2590 1036 2636 postulantibus
1062 2588 1299 2623 muliebrem
1327 2586 1542 2632 quendam,
1569 2588 1614 2621 ut
1641 2595 1692 2621 ex

191 2638 266 2673 hoc
293 2638 406 2673 fieret
432 2637 631 2682 diadema,
668 2638 911 2684 deprecatus
939 2642 999 2673 est
1027 2636 1219 2679 Iulianus,
1251 2639 1298 2671 ut
1324 2635 1546 2670 infaustum
1574 2643 1691 2669 omen

192 2686 426 2721 evitaretur.
479 2685 576 2722 Cum
605 2691 738 2721 autem
767 2696 873 2722 unus
901 2685 951 2720 de
976 2685 1148 2720 tribunis
1174 2693 1344 2718 aureum
1365 2684 1488 2718 ferret
1506 2685 1691 2727 torquem
1709 2683 1754 2719 15

192 2733 395 2780 lapidibus
411 2738 597 2768 ornatum
614 2743 715 2769 auro
732 2733 1017 2777 circumclusis,
1037 2733 1144 2767 hunc
1160 2732 1264 2766 illius
1279 2730 1694 2766 accommodaverunt

193 2782 325 2827 capiti.
377 2780 480 2817 Tum
508 2781 573 2816 ille
599 2781 839 2817 Pentadium
869 2782 1108 2826 magistrum
1137 2780 1343 2825 regiarum
1371 2778 1579 2824 legionum
1601 2787 1692 2812 cum
1710 2780 1754 2815 16

192 2829 281 2864 aliis
307 2830 413 2864 misit
443 2828 495 2864 ad
523 2828 801 2865 Constantium
835 2830 977 2865 litteris
1010 2828 1126 2871 datis,
1161 2827 1309 2872 quibus
1336 2837 1379 2862 se
1406 2828 1614 2872 purgaret,
1651 2835 1694 2860 se

191 2887 274 2913 non
306 2887 382 2913 sua
413 2880 557 2923 sponte
590 2887 679 2914 esse
711 2878 927 2924 impulsum
960 2876 1013 2911 ad
1045 2876 1154 2922 regis
1186 2874 1500 2921 appellationem
1533 2874 1605 2909 sed
1632 2883 1694 2908 co-

190 2928 327 2965 aetum
362 2935 450 2962 esse
482 2935 506 2961 a
538 2925 730 2963 militibus
764 2925 996 2963 nolentibus
1024 2923 1227 2972 stipendia
1253 2923 1390 2960 facere
1416 2922 1492 2958 sub
1519 2921 1694 2959 Caesare
