2054 3282
359 205 431 243 404
730 206 908 245 ZONAR.
937 207 1067 245 EPIT.
1094 207 1185 246 XVI
1211 210 1243 255 4,
1269 208 1398 254 36-5,
1426 210 1481 248 10.

359 328 514 383 μάχων
554 330 783 383 σταλέντας,
827 330 1047 376 κάκείνους
1078 330 1103 371 ὁ
1133 330 1310 384 Βάρόας
1339 332 1472 374 πείθει
1502 336 1574 388 τῆς
1606 333 1754 376 ἑαυτοῦ
1787 350 1851 389 γε-

301 402 347 438 37
360 398 506 438 νέσθαι
538 399 720 452 γνώμης.
783 399 827 439 ἕν
859 402 960 451 γοῦν
984 403 1046 452 τῷ
1066 402 1151 440 τῶν
1173 400 1304 453 ἁγίων
1325 400 1571 443 ἀποστόλων
1592 407 1684 456 ναῷ
1704 403 1852 458 ἀθροι-

363 466 531 512 σθέντες
569 467 715 520 ἄγουσι
752 466 823 507 καὶ
858 466 929 507 τὸν
969 467 1192 520 ἱερώτατον
1217 467 1411 522 Ἰγνάτιον
1447 469 1494 510 ἔκ
1527 474 1599 525 τῆς
1629 471 1854 526 ὑπερορίας

361 533 430 574 καὶ
462 538 674 575 ποιοῦνται
706 538 851 575 τοῦτον
882 534 966 575 ὑπὸ
997 535 1254 588 καθαίρεσιν.
1317 537 1387 578 καὶ
1417 541 1543 579 ταῦτα
1574 538 1652 593 μὲν
1683 537 1772 580 ὧδέ
1794 555 1852 594 πῃ

361 603 615 656 συμβέβηκε.
1868 614 1891 649 5

319 671 346 712 5
491 670 550 711 Τὸ
583 668 620 711 ὃ
654 671 780 716 ἐθνος
800 674 885 712 τῶν
902 671 977 711 Ἡ
946 688 1006 717 ως
1027 672 1248 714 Σκυθικὸν
1280 674 1444 715 ὄντῶν
1473 674 1566 728 περὶ
1597 675 1668 717 τὸν
1692 675 1856 730 Ταῦρον

361 739 502 779 ἐθνῶν
534 739 668 792 στόλῳ
699 739 747 779 τὰ
779 743 852 780 τοῦ
879 739 937 779 Γ
895 740 1025 786 υςεη
1028 756 1078 780 ου
1109 741 1264 782 πόντου
1295 743 1512 797 κατέτρεχε
1543 759 1611 784 και
1641 744 1746 798 αὐτῇ
1768 744 1854 785 Βυ-

325 807 513 854 ἓζαντίόι
554 807 705 847 ἐπιέναι
746 807 964 861 ὁιεμελέτα.
1027 806 1113 849 ἀλλ’
1148 810 1226 850 οὐκ
1266 810 1322 855 εἷς
1359 811 1483 864 ἔργον
1519 812 1633 866 ἤχθη
1667 813 1779 866 σφίσι
1809 812 1855 854 τὸ

359 875 589 929 βούλευμα,
630 876 882 929 κωλυσάσης
913 880 1033 917 τοῦτο
1065 881 1136 931 τῆς
1166 879 1368 930 προνοίας
1398 883 1470 933 τῆς
1501 879 1682 933 ἄνωθεν,
1727 882 1752 935 ἢ
1785 880 1854 922 καὶ

361 943 541 989 ἄκοντας
578 943 730 989 αὐτοὺς
767 944 1021 997 ἀπράκτους,
1064 945 1223 998 μᾶλλον
1257 946 1301 986 δὲ
1332 946 1402 987 καὶ
1433 947 1551 988 θείου
1582 949 1855 1002 πειραθέντας
1872 954 1914 989 10

314 1012 604 1065 Βμηνίματος,
638 1013 833 1053 ἀπελθεῖν
864 1013 1148 1067 ᾠκονόμησεν.

325 1087 348 1121 3
475 1080 596 1121 Ἀλλὰ
634 1080 704 1121 καὶ
742 1081 782 1121 οἱ
813 1081 859 1122 ἔκ
892 1080 1063 1136 Κρήτης
1089 1082 1309 1136 Ἁγαρηνοὶ
1340 1082 1412 1128 τὰς
1443 1084 1673 1131 Κυκλάδας
1703 1086 1856 1140 νήσους

325 1148 432 1190 4καὶ
465 1148 512 1188 τὰ
543 1149 725 1202 παράλια
758 1149 978 1203 ἐληίζοντο.
1040 1150 1110 1191 καὶ
1142 1150 1282 1191 κλόνοι
1316 1151 1360 1192 δὲ
1392 1153 1669 1206 σφοδρότατοι
1689 1158 1760 1208 τῆς
1782 1159 1857 1209 γῆς

363 1217 690 1271 συμβεβήκασιν,
729 1216 792 1258 ὧν
823 1218 846 1258 ὁ
879 1218 1218 1272 φρικωδέστατος
1249 1219 1354 1260 κατὰ
1385 1219 1459 1274 τὴν
1490 1222 1653 1276 ἡμέραν
1682 1227 1754 1277 τῆς
1783 1227 1856 1264 τοῦ

325 1293 347 1329 5
364 1291 556 1340 σωτῆρος
577 1287 702 1340 ημῶν
723 1286 796 1340 τὴν
819 1303 895 1341 γην
916 1288 1144 1328 συνέσεισεν
1166 1288 1334 1341 ἅναλήψ
1337 1304 1430 1334 εως.
1491 1290 1650 1331 τούτων
1673 1290 1710 1331 δ’
1733 1291 1857 1332 οὐδὲν
1872 1295 1916 1330 15

363 1358 449 1395 τῶν
492 1355 736 1408 ἵππηλάτων
780 1355 962 1408 ἀγώνων
1005 1356 1194 1410 dmyyaye
1232 1355 1303 1396 τὸν
1340 1356 1511 1410 ᾹῙιχαηλ
1549 1358 1619 1398 καὶ
1655 1363 1728 1413 τῆς
1763 1359 1977 1413 neQaeDIV
1993 1371 2036 1406 16

362 1422 535 1468 τούτους
567 1423 768 1477 σπουόης,
802 1424 845 1464 ἕν
875 1428 925 1477 τῇ
953 1423 1058 1464 κατὰ
1080 1424 1126 1464 τὸ
1148 1424 1304 1465 Στενὸν
1324 1426 1550 1479 τοποθεσίᾳ
1571 1442 1619 1480 τῃ
1641 1430 1714 1467 τοῦ
1737 1427 1856 1481 ἁγίου

151 1490 595 1545 Ἦ111131Μάμαντος
633 1491 872 1546 καλουμένη
914 1492 1042 1532 αυτοῦ
1082 1493 1241 1533 εκείνου
1281 1493 1612 1547 αὖτουργοῦντος
1649 1494 1696 1535 τὰ
1730 1495 1854 1550 ἱππη-

360 1621 382 1655 6
406 1620 486 1665 περὶ
512 1625 581 1655 τῶν
603 1622 693 1659 Ῥῶς
720 1621 805 1666 (ῥώς
824 1620 866 1663 C)
895 1620 957 1656 ΟΕ
1056 1622 1101 1656 12
1125 1622 1204 1667 περὶ
1230 1627 1300 1657 τῶν
1318 1622 1358 1657 ἐκ
1377 1623 1519 1669 Κρήτης
1547 1624 1596 1665 (ἐν
1615 1629 1655 1669 τῆ
1672 1625 1785 1670 κρήτη
1809 1625 1855 1667 Ε)

355 1668 555 1714 Ἀγαρηνῶν
581 1668 644 1704 CE

431 1789 448 1823 1
476 1789 582 1823 πείτει
611 1788 786 1834 (punctis
804 1792 1001 1830 notatum)
1026 1789 1285 1834 D,C01··1.Dw
1383 1791 1600 1826 καθικέσθαι
1621 1791 1667 1834 D,
1693 1792 1852 1837 γενέσθαι

431 1847 533 1871 corr.
559 1836 628 1874 Dw
773 1836 795 1870 3
821 1837 949 1881 ἄπησιν
976 1838 1151 1882 (punctis
1178 1838 1377 1881 notatum)
1404 1838 1452 1882 D,
1478 1839 1621 1883 ἄγουσιν
1646 1839 1779 1878 DwBC

476 1884 517 1918 ἐκ
550 1898 576 1919 τ.
603 1885 791 1929 υπεροριάς
819 1898 877 1919 και
910 1899 938 1919 τ.
971 1886 1069 1919 θεῖον
1109 1885 1308 1929 (ἱερώτατον
1335 1885 1416 1927 I)w)
1455 1887 1604 1930 ι’γνάτιον
1643 1888 1721 1932 (ιγν.
1749 1887 1793 1932 C)
1821 1888 1852 1923 Ο

429 1931 454 1966 4
477 1936 555 1970 πῶς
570 1932 666 1977 Ewp
753 1932 775 1967 6
800 1931 873 1976 ῥὼς
888 1931 1053 1977 Ewle'‚
1079 1932 1153 1977 ρῶν
1167 1932 1203 1966 D
1290 1933 1348 1967 τὸν
1366 1935 1455 1974 (om.
1474 1933 1522 1977 D)
1541 1939 1667 1978 ταῦρον
1685 1935 1852 1980 prDi,

431 1984 503 2014 τῶν
529 1980 668 2024 ταύρων
692 1978 726 2014 A
861 1980 882 2015 7
909 1984 998 2024 post
1024 1980 1111 2025 αὐτῆ
1137 1981 1229 2015 add.
1255 1995 1294 2026 τῃ
1324 1980 1449 2016 01)Βὶ
1583 1982 1628 2017 10
1651 1983 1853 2027 ἀπράκτους

431 2037 507 2062 om⁵
527 2026 555 2063 C
653 2041 712 2062 και
734 2037 809 2062 om.
828 2027 863 2061 D
964 2027 1007 2061 13
1026 2033 1084 2073 τῆς
1102 2033 1164 2073 γῆς
1183 2029 1415 2073 σφοδρότατοι
1437 2028 1472 2062 D
1572 2030 1626 2064 14.
1648 2030 1692 2065 15
1709 2030 1771 2076 τὴν
1788 2036 1852 2076 γῆν

430 2075 606 2110 συνέσεισε
633 2078 723 2120 post
750 2075 1037 2119 φρικωδέστατος
1063 2075 1160 2121 pr
1284 2076 1327 2110 16
1352 2076 1508 2121 ἀπήγαγε
1534 2091 1561 2111 τ.
1586 2077 1718 2123 μιχαὴλ
1744 2092 1770 2113 τ.
1798 2080 1853 2112 ἱπ-

429 2123 596 2167 πηλάτων
622 2123 880 2167 (ἶππηλατικῶν
906 2122 957 2166 D)
982 2123 1132 2168 ἀγώνων
1159 2123 1190 2158 Ο
1291 2125 1334 2158 18
1359 2124 1629 2169 αὐτουργοῦντες
1656 2125 1685 2160 C

297 2255 342 2291 37
357 2265 469 2291 suam
498 2256 736 2291 sententiam
761 2255 1012 2291 accederent.
1063 2255 1193 2301 Igitui
1219 2257 1258 2291 in
1286 2255 1426 2291 aedem
1446 2259 1676 2291 sanctorum
1696 2261 1852 2303 aposto—

358 2304 487 2338 lorum
514 2305 752 2349 congregati
780 2302 816 2339 S.
844 2303 1004 2349 Ignatio
1029 2284 1106 2337 abo
1112 2304 1233 2338 exilio
1268 2304 1434 2338 reducto
1469 2303 1704 2348 dignitatem
1738 2305 1852 2340 abro—

357 2355 467 2396 gant.
517 2350 652 2396 Atque
679 2351 778 2386 haee
804 2351 855 2385 ad
884 2351 990 2385 hune
1016 2351 1101 2386 fere
1127 2351 1290 2386 modunl
1317 2356 1407 2386 acta
1433 2356 1538 2386 sunt.

474 2398 506 2433 5.
561 2398 678 2434 Russi
698 2401 844 2442 autem,
863 2408 965 2454 gens
983 2397 1059 2443 Se)
1067 2399 1170 2433 thica
1190 2398 1311 2433 Tauri
1334 2399 1483 2440 accola,
1504 2400 1629 2434 classe
1650 2400 1849 2435 Euxinum

357 2450 525 2491 pontum
563 2447 749 2491 aggressi
788 2447 828 2480 in
867 2447 996 2491 ipsum
1028 2446 1267 2491 Byzantium
1306 2456 1449 2491 agmm
1484 2449 1674 2492 impetum
1715 2448 1850 2483 faeere

320 2492 549 2539 2eogit..ant
598 2493 739 2539 Neque
772 2504 870 2528 vero
902 2493 1111 2528 consilium
1141 2495 1189 2529 iis
1218 2495 1419 2538 suecessit,
1461 2494 1598 2529 divina
1637 2495 1852 2539 prudentia

356 2541 602 2586 impeditum,
631 2551 735 2586 quae
762 2541 905 2585 effecit,
932 2545 976 2576 ut
994 2542 1108 2576 inviti
1127 2541 1190 2576 vel
1217 2542 1350 2587 potius
1376 2542 1475 2576 iram
1502 2543 1677 2576 numinis
1696 2544 1851 2588 experti

356 2589 477 2623 rebus
504 2589 662 2624 infectis
689 2588 896 2624 discedere
921 2592 1176 2634 cogerentur.

320 2636 342 2670 3
475 2635 553 2671 Sed
581 2639 620 2671 et
647 2635 827 2681 Agareni
867 2634 1077 2672 Cretenses
1104 2636 1300 2681 Cycladas
1338 2637 1489 2672 insulas
1528 2639 1566 2671 et
1599 2648 1708 2672 oram
1736 2639 1850 2672 mari-

319 2683 491 2718 4timam
530 2684 846 2729 praedabantur.
896 2684 1023 2718 Terra
1061 2694 1224 2729 quoque
1263 2684 1610 2720 vehementissime
1643 2695 1850 2729 concussa,

355 2731 388 2765 is
414 2734 546 2766 motus
571 2735 705 2766 terrae
735 2732 810 2766 suit
827 2732 1003 2766 maxime
1021 2732 1256 2775 horrendus,
1284 2733 1351 2776 qui
1379 2733 1418 2766 in
1444 2733 1547 2767 diem
1567 2733 1851 2777 assumptionis

319 2778 341 2812 5
356 2780 574 2814 servatoris
596 2779 721 2814 nostri
747 2779 896 2814 incidit.
946 2779 1086 2824 Neque
1107 2789 1202 2814 vero
1223 2780 1363 2814 horum
1383 2781 1598 2824 quiequam
1618 2780 1849 2815 Michaelem

356 2825 406 2859 ab
426 2827 680 2870 equestribus
698 2827 984 2862 certaminibus
1002 2836 1223 2871 eorumque
1241 2827 1373 2862 studio
1394 2827 1576 2869 abduxit,
1603 2837 1707 2872 quae
1726 2831 1850 2862 certa-

356 2873 463 2908 mina
482 2874 565 2919 ipse
585 2874 625 2909 in
639 2873 749 2910 Steni
768 2875 947 2920 regione,
966 2884 1071 2920 quae
1085 2873 1123 2910 S.
1138 2874 1348 2910 Mamantis
1367 2874 1602 2921 appellatur,
1622 2875 1849 2911 exercebat.
