2054 3282
81 0 113 7 r
179 0 292 21 ²0⁷
383 3 386 5 ·

0 0 92 161 f&
187 22 216 50 ji
243 22 255 31 V:
274 23 290 35 :-

21 278 29 288 7
62 270 67 282 f

214 374 351 413 σματα
372 362 445 414 τῆς
466 357 704 413 ἐξηγήσεως
725 362 797 413 τῆς
813 358 932 405 θείας
949 362 1129 413 γραφῆς,
1151 359 1178 400 ἃ
1195 357 1220 399 ὁ
1236 359 1421 413 χρυσοῦς
1436 355 1511 412 τὴν
1528 356 1712 411 γλῶτταν

213 428 507 484 συνεγράψατο
532 427 744 482 Ἰωάννης,
778 428 910 470 ἐκεΐσέ
938 443 1022 469 που
1054 427 1324 481 ἀποκείμενα.

327 498 382 542 Ὁ
413 498 461 541 δέ
491 514 536 553 γε
556 496 748 554 βασιλεὺς
768 495 1085 542 Κωνσταντῒνος
1105 495 1212 538 κατὰ
1233 495 1499 550 Βουλγάρων
1520 495 1710 550 ἒξεστρά-
1725 496 1748 532 3

213 584 341 615 τευσε,
383 571 457 610 τοῦ
496 566 736 621 Καρὸάμου
778 569 852 607 τοῦ
890 565 1044 613 ἔθνους
1084 565 1429 620 ἀρχηγετοῦντος·
1471 568 1627 619 μικρᾶς
1667 564 1713 606 ὁὲ

178 636 455 692 ὖπροσβολῆς
486 635 711 690 γενομένης
741 634 902 689 ἀμφοῖν
932 638 1018 676 τοῖν
1049 634 1276 676 ἀντιθέτοιν
1305 637 1452 688 μεροῖν
1478 633 1603 675 δειλία
1626 633 1711 675 ἐνέ-

214 721 364 761 σκηψε.
425 704 497 747 καὶ
526 704 551 746 ὁ
581 703 659 758 μὲν
694 702 886 758 βασιλεὺς
925 703 1194 752 ε’πανέζευξεν
1229 703 1287 749 εἷς
1316 702 1391 757 τὴν
1419 701 1711 756 μεγαλόπολιν,
1725 701 1748 737 4

214 775 255 816 οἱ
285 774 332 817 δὲ
351 773 592 828 Βούλγαροι
623 773 680 819 εἷς
709 771 758 813 τὰ
790 772 878 827 ἤθη
910 771 959 813 τὰ
991 772 1165 814 ἑαυτῶν.
1227 770 1330 813 ἀλλὰ
1361 770 1433 813 καὶ
1462 770 1569 813 κατὰ
1585 770 1748 826 Ἆρά-5
1774 771 1804 807 Ρ
1813 769 1975 808 ΙΙ118Α

213 844 307 899 βων
337 843 529 898 ὁρμήσας
559 841 685 884 οὐδέν
714 857 750 882 τι
779 840 908 895 λόγου
939 841 1056 889 ἄξιον
1087 842 1224 895 ἤνυσε.

334 909 637 966 Παρακληθεὶς
676 909 722 952 δὲ
759 908 843 951 ὑπὸ
874 913 947 964 τῆς
976 909 1137 964 μητρὸς
1167 909 1238 951 καὶ
1268 912 1354 951 τῶν
1385 909 1429 950 ἒν
1459 909 1559 951 τέλει
1589 911 1712 951 τινῶν
1725 909 1748 944 6

157 983 202 1019 10
214 979 340 1027 αὖθις
370 979 511 1034 ἀνάγει
541 979 693 1034 ταύτην
723 979 780 1026 εἷς
810 978 859 1020 τὰ
890 978 1074 1033 βασίλεια
1100 978 1172 1020 καὶ
1193 979 1332 1032 ἑαυτῷ
1353 977 1712 1032 συνευφημεῖσθαι

212 1053 481 1104 παραχωρεῖ·
514 1048 586 1091 καὶ
615 1048 749 1089 πάντα
779 1047 858 1102 μὲν
888 1046 937 1089 τὰ
969 1050 1054 1088 τῶν
1084 1046 1286 1101 θεμάτων
1308 1046 1495 1100 τάγματα
1518 1046 1748 1094 ἕδέξαντοῖ

212 1117 287 1173 τὴν
316 1122 389 1174 τῆς
409 1117 596 1173 Εἰρήνης
627 1115 752 1163 αὖθις
782 1116 1023 1171 ἀνάρρησιν,
1057 1117 1097 1157 οἱ
1128 1115 1174 1157 ὁὲ
1203 1120 1277 1157 τοῦ
1309 1116 1495 1170 θέματος
1515 1118 1600 1156 τῶν
1615 1114 1710 1168 Ἀρ-

211 1190 426 1242 μενιακῶν
468 1186 711 1228 ἀντέπιπτόν
756 1201 798 1227 τε
840 1184 912 1226 καὶ
949 1185 1190 1234 ἐστασίαζον
1228 1184 1299 1226 καὶ
1330 1184 1609 1226 ἐπεκαλοῦντο
1639 1182 1712 1225 τὸν

211 1255 364 1310 πρῴην
395 1255 549 1305 αὐτῶν,
582 1254 644 1301 ὡς
665 1255 831 1309 εἴρηται,
863 1254 1199 1308 στρατηγήσαντα
1215 1253 1397 1302 Ἀλέξων
1416 1251 1489 1294 τὸν
1510 1251 1710 1307 ΙΙΙωσηλέ.

155 1326 200 1363 15
212 1324 328 1379 ἔφθη
362 1323 442 1378 γὰρ
473 1323 498 1365 ὁ
528 1322 720 1378 βασιλεὺς
751 1322 912 1364 ἐκεῖθεν
941 1322 1325 1377 μεταπεμψάμενος
1341 1321 1412 1363 καὶ
1432 1321 1608 1376 τιμήσας
1628 1322 1747 1362 nez-8

55 1390 114 1427 ῘῙῙ
128 1391 367 1447 363τρίκιον
402 1391 484 1447 εἶχε
520 1389 621 1446 μεθ’
654 1393 817 1445 ἑαυτοῦ,
862 1391 1010 1446 φήμης
1053 1390 1357 1445 ἐπικρατούσης
1391 1390 1553 1444 μέλλειν
1590 1390 1709 1444 βασι-

35 1456 40 1460 ’
210 1462 350 1504 λεῦσαι
370 1459 443 1503 τὸν
462 1460 609 1515 ἄνδρα.
672 1459 739 1502 διὰ
761 1459 914 1515 ταύτην
934 1460 1070 1501 τοίνυν
1090 1459 1162 1501 καὶ
1187 1459 1247 1501 ὅτι
1277 1458 1394 1514 παρὰ
1425 1462 1511 1500 τῶν
1542 1473 1707 1500 στασια-
1723 1459 1746 1494 9

719 231 876 273 IRENE
901 230 1210 272 RESTITVTA.
1641 232 1712 271 293

208 1600 233 1637 3
256 1600 470 1646 ε’κστρατεῒαι
503 1599 701 1644 (ἔκστρατία
724 1598 769 1644 Ε)
806 1603 866 1634 τοῢ
899 1600 989 1640 (om.
1008 1598 1054 1639 Ε)
1082 1599 1349 1634 Κωνσταντίνου
1373 1597 1462 1633 κατὰ
1487 1597 1709 1643 Βουλγάρων

209 1648 270 1684 καὶ
297 1653 368 1684 τῶν
393 1647 497 1689 (κατὰ
523 1647 569 1691 Ε)
591 1647 750 1693 Ἀράβων
776 1645 839 1683 ΟΕ
939 1646 961 1682 9
986 1647 1036 1681 ὅτι
1063 1646 1168 1686 αὖθις
1193 1646 1345 1692 ἀνήγαγε
1371 1645 1432 1691 τὴν
1455 1646 1590 1690 μητέρα
1616 1645 1708 1687 (ταύ-

209 1710 273 1742 την
299 1696 344 1738 Ε)
370 1696 419 1735 εἰς
445 1694 486 1731 τὰ
509 1695 666 1741 βασίλεια
692 1695 799 1740 ἤγουν
826 1694 875 1736 (¹?)
901 1694 964 1740 τὴν
989 1694 1124 1740 μητέρα
1150 1694 1310 1740 (ἤγουν-
1319 1694 1456 1739 μητέρα
1481 1704 1557 1728 om.
1577 1692 1622 1737 C)
1647 1692 1708 1728 καὶ

209 1744 448 1790 εῧφημεῒσθαι
473 1742 583 1789 αὐτὴν
606 1743 880 1788 παρεχώρησεν·
919 1743 956 1777 οἱ
978 1741 1018 1777 δὲ
1039 1742 1258 1787 Ἀρμενιακοὶ
1285 1741 1506 1787 (ἅρμενιακοὶ
1531 1740 1576 1784 C)
1602 1740 1709 1780 αὖθις

209 1791 428 1834 ἐστασίαζον·
453 1791 514 1826 καὶ
540 1791 620 1836 περὶ
645 1796 706 1827 τοῦ
731 1790 894 1836 Α’Ῑωσηλέ
919 1789 982 1826 ΟΕ

282 1921 301 1955 1
330 1925 400 1956 τῶν
423 1919 626 1965 ἐξηγήσεων
651 1918 749 1965 pr
877 1919 900 1954 5
925 1918 988 1964 τὴν
1013 1922 1054 1954 et
1079 1923 1151 1954 τοῖν
1176 1928 1249 1964 per
1274 1918 1438 1964 dittogr.
1467 1918 1498 1953 E
1622 1917 1643 1953 7
1670 1916 1710 1952 τὰ

283 1969 357 2014 ἤθη
382 1967 517 2004 ἑαυτῶν
543 1967 647 2013 Ewp,
678 1966 720 2003 τὰ
744 1967 878 2002 ἑαυτῶν
905 1967 978 2012 ἤθη
1005 1966 1036 2001 Β
1225 1966 1270 2001 10
1293 1966 1399 2005 αὖθις
1425 1964 1562 2011 Apr
1589 1964 1634 2000 L.
1661 1964 1708 2001 G.

282 2027 320 2062 p.
350 2016 428 2059 198,
456 2015 488 2058 l,
511 2015 616 2050 πάλιν
641 2014 672 2049 Β
888 2014 932 2049 12
957 2014 1184 2059 ἀρμενιακῶν
1211 2025 1312 2049 corr.
1339 2024 1390 2049 ex
1416 2014 1646 2058 ἆρμενιακῶν
1672 2012 1707 2047 D

283 2063 328 2099 13
352 2062 424 2109 τὸν]
451 2068 521 2098 τῶν
540 2062 569 2098 C
668 2062 712 2097 14
736 2061 884 2107 εἴρηται]
911 2062 983 2097 XV
1003 2062 1058 2104 11,
1075 2061 1122 2097 24
1221 2061 1266 2097 15
1291 2064 1380 2107 post
1407 2061 1473 2106 γὰρ
1493 2061 1586 2096 add.
1603 2060 1709 2096 αὐτὸν

281 2111 380 2156 pr
480 2111 535 2146 16.
560 2110 604 2146 17
628 2110 830 2156 βασιλεῦσαι
857 2110 915 2145 τὸν
940 2110 1053 2155 ἄνδρα
1078 2108 1124 2154 Α,
1150 2109 1347 2155 βασιλεύειν
1375 2108 1433 2144 τὸν
1458 2109 1570 2154 ἄνδρα
1597 2109 1706 2154 Ewp‚

281 2158 386 2196 αὐτὸν
403 2163 463 2205 τῆς
479 2158 657 2204 βασιλείας
673 2157 902 2204 ἐπιβήσεσθαι
922 2157 970 2202 D,
996 2163 1056 2204 τῆς
1072 2157 1248 2204 βασιλείας
1265 2156 1370 2193 αὐτὸν
1386 2157 1620 2203 ἐπιβήσεσθαι
1644 2155 1708 2192 ΒΟ

211 2299 291 2336 que
316 2293 495 2326 cremata
520 2299 609 2325 esse
634 2290 821 2325 feruntur
846 2298 895 2324 eo
922 2289 1011 2324 loco
1037 2289 1114 2325 sita
1141 2288 1430 2324 commentaria
1448 2287 1649 2333 quaedam
1668 2287 1709 2323 in

210 2348 347 2374 sacras
373 2337 526 2374 litteras
552 2337 716 2373 Ioannis
743 2336 1028 2382 Cbrysostomi.

330 2385 416 2421 Rex
443 2384 732 2421 Constantinus
746 2384 945 2429 Bulgaris‚
973 2394 1144 2429 quorum
1173 2384 1360 2430 princeps
1385 2387 1468 2418 tum
1485 2381 1746 2419 cardamus3

211 2437 310 2478 erat,
335 2433 484 2468 belluni
507 2432 658 2477 intulit3
685 2432 763 2468 levi
782 2437 917 2467 autem
938 2442 1077 2478 pugna
1097 2432 1308 2467 commissa
1334 2435 1465 2467 terror
1490 2435 1710 2475 utrumque

212 2481 434 2516 exercitum
462 2481 620 2515 invasit,
672 2480 814 2526 Itaque
840 2490 913 2515 rex
940 2480 980 2515 in
999 2490 1189 2525 magnam
1217 2479 1359 2514 urbem
1386 2478 1515 2522 rediit,
1542 2477 1707 2523 Bulgari
1723 2476 1746 2512 4

212 2529 253 2564 in
279 2538 375 2564 suas
399 2527 528 2564 sedes.
578 2526 658 2564 Sed
684 2531 724 2563 et
750 2532 891 2563 contra
906 2526 1062 2563 Arabes
1091 2527 1298 2573 profectus
1324 2526 1420 2562 nihil
1447 2524 1746 2562 memorabileo

212 2576 350 2622 gessit.

331 2622 498 2659 Matrem
517 2623 568 2658 ab
588 2623 675 2669 ipsa
693 2627 732 2658 et
747 2622 988 2668 quibusdam
1008 2632 1058 2657 ex
1075 2622 1318 2668 primoribus
1333 2624 1471 2657 oratus
1497 2622 1538 2656 in
1554 2621 1707 2667 regiam
1724 2619 1746 2654 6

212 2670 376 2706 reduxit
401 2674 441 2707 et
465 2681 548 2706 una
563 2680 699 2706 secum
720 2670 915 2706 celebrari
943 2680 1086 2716 passus
1112 2675 1183 2705 est.
1234 2669 1378 2715 ltaque
1397 2679 1534 2705 omnes
1549 2669 1707 2714 provin·
1724 2668 1746 2704 7

213 2719 366 2754 ciarum
392 2718 428 2754 le
463 2718 574 2754 ‘ones
601 2719 784 2754 iteratam
812 2717 950 2754 Irenes
978 2717 1335 2763 proclamationem
1361 2717 1622 2759 admiserunt,
1650 2726 1709 2751 so-

213 2765 260 2802 lis
286 2764 433 2802 Armon
451 2765 535 2801 acis
563 2775 633 2811 por
660 2765 898 2801 seditionem
914 2765 1227 2801 adversantibus
1254 2769 1294 2800 et
1317 2763 1504 2799 Alexium
1520 2763 1707 2799 Moselem

213 2813 368 2858 ducem,
394 2816 440 2849 ut
453 2813 602 2849 dictum
631 2817 701 2856 est,
729 2813 882 2859 pridem
898 2823 1014 2848 suum
1030 2812 1340 2856 arcessentibus‚
1367 2822 1486 2858 quem
1512 2821 1585 2847 rex
1615 2810 1747 2847 antess

213 2860 307 2897 inde
332 2865 568 2898 revocatum
607 2864 646 2896 et
672 2861 830 2907 patricii
859 2860 1057 2907 (lignitate
1090 2864 1274 2896 ornatum
1303 2859 1413 2906 apud
1451 2869 1494 2895 so
1520 2859 1708 2903 habebat,

213 2908 323 2945 fama
349 2909 556 2946 obtinente
581 2908 713 2944 virum
738 2918 911 2955 regnum
951 2919 1039 2945 esse
1065 2907 1320 2955 adepturum.
1370 2907 1458 2944 Hae
1495 2907 1621 2955 igitur
1658 2906 1746 2944 de9
