2054 3282
367 254 672 299 METHomvs
698 253 884 299 srvpm
910 250 1221 299 CALVM‘NIAM
1247 249 1500 296 REFV'TAT.
1610 249 1681 295 38²5

187 383 361 439 αἰσχρὸν
391 385 566 439 χρυσίου
598 383 711 426 δόσει
739 383 897 426 πολλοῦ
929 382 1262 437 ὗποφθείραντες
1294 385 1578 436 κατηγορῆσαι
1608 396 1689 422 πε-

185 453 350 495 πείκασι
386 456 460 494 τοῦ
497 452 692 506 ἀοιδίμου
724 452 884 494 ἐκείνου
916 451 1073 505 ἀνδρὸς
1101 451 1163 498 ὡς
1193 450 1520 506 συμφθαρέντος
1551 450 1682 504 αὐτῷ.

186 521 258 563 καὶ
287 525 360 575 τῆς
390 521 643 575 κατηγορίας
673 521 714 561 οῖ
741 521 998 574 προῦχοντες
1027 524 1100 574 τῆς
1125 519 1357 574 συγκλήτου
1378 523 1575 573 παρῆσαν
1595 517 1681 566 ἕξε-
1695 521 1743 557 24

186 590 338 631 τασταί.
399 588 470 630 καὶ
500 593 692 643 παρῆκτο
723 588 770 630 τὸ
802 589 971 642 γύναιον
1001 588 1122 642 λέγον
1153 588 1231 630 ὅσα
1262 587 1379 642 παρὰ
1409 591 1495 630 τῶν
1516 587 1684 642 ἀσεβῶν
1696 590 1742 627 25

152 657 360 700 ὅέκείνων
397 660 677 711 συκοφαντῶν
713 658 1010 711 προκατήχητο
1046 657 1117 698 καὶ
1156 657 1213 703 εἷς
1250 656 1485 710 πρόσωπον
1515 656 1684 711 ἐλέγχον

188 726 321 781 δῆθεν
350 725 422 767 τὸν
453 726 582 779 ἅγιον.
643 725 668 767 ὁ
701 725 746 766 δὲ
776 726 882 771 τέως
911 725 990 779 μὲν
1026 726 1202 780 ἡσυχίαν
1239 725 1354 780 ἦγεν·
1399 725 1461 771 ὡς
1499 724 1545 767 δὲ
1581 740 1682 766 σκυ-
1696 729 1742 765 26

186 794 424 848 ’θρωπάζον
454 794 569 848 ἑώρα
602 798 674 848 τῆς
704 794 926 848 ἐκκλησίας
956 793 1003 836 τὸ
1033 794 1261 848 πλήρωμα,
1294 793 1366 836 καὶ
1395 793 1480 848 πρὸ
1505 796 1590 835 τῶν
1611 793 1683 835 ἅλ-

187 863 276 905 λων
304 861 376 904 τὸν
405 861 633 916 μάγιστρον
663 861 888 917 ΛΙανουήλ,
921 862 1128 903 ἀνίσταται
1157 863 1248 916 μέν,
1282 863 1387 916 αἴρει
1418 859 1456 903 δ’
1490 859 1553 904 ἐπ’
1587 862 1685 916 ὄψει

187 931 357 973 πάντων
387 934 474 977 ταῖς
503 930 620 985 χερσὶ
650 930 696 973 τὸ
727 931 967 985 κράσπεδον
997 935 1069 985 τῆς
1098 931 1323 986 περιβολῆς
1354 930 1423 972 καὶ
1449 931 1690 985 ᾶπογυμνοῒ

131 1000 263 1055 ῙΟτὴν
299 1000 428 1042 αἰδῶ·
474 1000 499 1054 ἡ
534 999 579 1041 δὲ
615 998 667 1054 ἦν
705 999 1000 1054 κατεψυγμένη
1037 999 1170 1053 πάντῃ
1215 999 1286 1041 καὶ
1328 998 1556 1054 μαρασμὸν
1599 998 1684 1040 ἀπό
1697 1004 1743 1040 27

187 1084 296 1115 τινος
339 1068 614 1123 συμβάματος
657 1068 930 1122 ὑπομείνασα,
976 1067 1038 1113 ὡς
1071 1067 1198 1122 δῆλον
1233 1067 1334 1108 εἶναι
1373 1067 1432 1122 μὴ
1476 1067 1728 1110 δύνασθαιΟ

188 1137 340 1192 ταύτην
381 1136 490 1190 πρὸς
533 1135 758 1190 ἀφροδίσια
799 1136 988 1190 ἐνεργεῖν.
1050 1140 1171 1178 τοῦτο
1209 1140 1294 1182 τοῖς
1329 1136 1407 1190 μὲν
1444 1135 1685 1190 ὀρῦόφροσι
1697 1141 1744 1177 28

188 1210 406 1261 χαρμονῆς
448 1204 520 1246 καὶ
562 1205 762 1259 θάμβους
805 1205 964 1259 ἐγένετο
1007 1205 1148 1258 αἴτιον,
1191 1209 1276 1251 τοῖς
1314 1204 1359 1246 δὲ
1403 1205 1686 1259 συκοφάνταις

189 1274 388 1329 αἰσχύνης
417 1273 488 1315 καὶ
525 1274 712 1327 ἀθυμίας
747 1273 916 1328 πολλῆς.
979 1273 1042 1320 ὡς
1074 1273 1110 1315 δ’
1144 1274 1338 1328 ἠρωτᾶτο
1370 1274 1395 1315 ὅ
1426 1274 1543 1328 ἅγιος
1581 1273 1685 1315 ὅθεν
1697 1279 1744 1315 29

131 1342 214 1385 156
245 1346 330 1384 τῶν
366 1342 540 1384 αἰδοίων
577 1343 694 1396 αὐτῷ
729 1343 971 1397 συμβέβηκε
1013 1341 1255 1396 μαρασμός,
1299 1341 1324 1383 ὁ
1356 1341 1515 1388 αἰδοῖος
1551 1342 1686 1388 ὅντως

189 1411 346 1457 ἐκεῖνος
375 1410 613 1465 κἐστάλην”
643 1409 730 1451 εἶπε
759 1409 888 1452 “nors
918 1410 1025 1452 κατά
1046 1426 1132 1451 τινα
1155 1411 1297 1465 χρείαν
1318 1411 1375 1456 εἰς
1391 1410 1572 1465 Ῥώμην,
1604 1410 1685 1452 κάν

189 1479 313 1534 ταύτῃ
353 1478 532 1533 διάγοντι
567 1478 759 1532 πύρωσίν
795 1494 869 1533 μοι
907 1483 979 1533 τῆς
1015 1478 1174 1532 σαρκὸς
1205 1478 1229 1520 ὁ
1262 1478 1427 1532 δαίμων
1470 1479 1684 1533 ἐπήνεγκε,

189 1547 260 1590 καὶ
295 1546 348 1603 ἦν
383 1546 431 1589 τὸ
466 1547 609 1593 πάθος
646 1546 932 1601 σφοδρότερον
968 1547 1039 1589 καὶ
1069 1548 1096 1602 ἡ
1127 1551 1201 1589 τοῦ
1241 1548 1400 1602 ἔρωτος
1443 1547 1523 1589 οὐκ
1567 1547 1687 1602 ἔληγε

263 1671 280 1707 1
308 1670 454 1717 αἰσχρὸν
480 1681 556 1707 om.
571 1670 670 1718 pr
766 1671 790 1707 2
814 1671 903 1718 αὐτῇ
921 1670 1088 1718 Ewap
1185 1671 1210 1707 3
1233 1671 1447 1717 προύχοντες
1469 1669 1686 1716 AsstDi,

260 1719 474 1765 προῦχοντες
500 1729 537 1766 p,
564 1729 601 1755 v.
617 1719 670 1754 ad
683 1718 755 1755 XV
771 1719 826 1764 12,
843 1719 886 1756 17
982 1719 1007 1755 4
1031 1719 1143 1765 λέγων
1161 1718 1210 1766 p*
1307 1720 1331 1755 5
1355 1719 1503 1755 ἐκείνων
1516 1718 1685 1765 prDi‚

261 1767 377 1813 ἐκείνη
392 1766 428 1802 Α
507 1767 529 1802 6
545 1767 811 1812 σκυθρωπάζον
823 1765 991 1813 prDi,
1006 1767 1283 1812 σκυθρωπάζων
1297 1766 1371 1802 AD
1452 1767 1474 1802 7
1488 1767 1585 1812 ἕῶρα
1598 1767 1686 1809 (Sic)

262 1814 309 1859 A,
338 1814 434 1860 ἕωρα
459 1816 503 1857 (s.
529 1817 627 1857 aec.)
653 1814 685 1850 E
787 1815 821 1851 8.
847 1814 870 1850 9
894 1815 969 1860 μέν,
996 1816 1085 1860 αἴρει
1112 1814 1152 1851 δὲ
1177 1821 1249 1854 ταῖς
1273 1815 1393 1860 χερσὶν
1415 1814 1468 1850 ἐπ’
1494 1815 1577 1860 ὄψει
1602 1815 1686 1850 πάν-

262 1876 334 1898 των
358 1861 401 1907 B,
427 1862 488 1897 καὶ
513 1868 585 1902 ταῖς
610 1862 728 1908 χερσὶν
751 1862 805 1898 ἐπ’
833 1864 916 1908 ὄψει
941 1862 1085 1898 πάντων
1109 1864 1199 1908 αἴρει
1226 1862 1294 1899 CD
1460 1862 1483 1897 9
1510 1866 1599 1908 post
1627 1867 1687 1908 τῆς

263 1909 355 1946 add.
383 1910 515 1949 οἰκείας
541 1910 573 1946 Ο
720 1910 764 1945 10
787 1909 878 1946 αι’δώ
905 1910 990 1955 (sic)
1018 1910 1053 1946 A
1189 1910 1440 1957 κατεψυγμένα
1464 1911 1576 1946 πάντα
1602 1909 1638 1944 D

265 1959 320 1994 10.
349 1958 391 1993 11
418 1957 488 1993 ἀπό
511 1971 603 1997 τινος
627 1958 854 2003 συμβάματος
879 1969 955 1994 om.
983 1958 1014 1994 O
1041 1961 1082 1994 et
1113 1959 1180 1995 Wo
1206 1959 1272 1994 lat.
1443 1958 1488 1993 12
1513 1958 1686 2003 θεόφρσσι

264 2006 373 2052 Ewp,
399 2010 509 2041 recte
525 2006 811 2042 sentientibus:
831 2006 898 2042 Wo
914 2006 979 2041 lat.
1080 2006 1123 2041 14
1146 2007 1258 2041 πόθεν
1271 2005 1307 2041 D
1408 2005 1452 2041 15
1469 2006 1491 2040 ὁ
1509 2005 1633 2052 prius]
1651 2006 1691 2041 αῖ

264 2053 330 2090 vel
343 2054 380 2089 οἱ
393 2052 422 2089 C
500 2053 596 2098 αὐτῷ
611 2051 779 2122 Βνέὒί,
795 2052 880 2089 αὐτὸ
892 2052 928 2089 A
1005 2053 1345 2100 αἰδοίων-αἰδοῖος]
1362 2065 1399 2089 v.
1414 2054 1467 2089 ad
1481 2053 1578 2089 XIII
1590 2053 1625 2098 ὃ,
1640 2053 1687 2088 29

311 2101 514 2147 συμβέβηκε
540 2111 615 2137 om.
642 2111 676 2135 w
704 2111 729 2147 p
755 2101 892 2137 invitis
917 2100 989 2137 AR
1109 2101 1152 2137 17
1177 2101 1340 2147 πήρωσιν
1366 2101 1414 2147 D,
1441 2112 1543 2138 corr.
1570 2100 1639 2139 Dw

267 2150 312 2186 18
336 2150 576 2195 σφοδρότατον
603 2147 759 2195 prDi

194 2272 349 2306 uestem
375 2278 526 2314 magno
553 2278 653 2304 auro
681 2272 912 2315 corruptam
938 2268 1225 2313 subornarunt,
1253 2278 1359 2314 quae
1385 2278 1428 2305 se
1454 2272 1686 2315 corruptam

196 2327 284 2353 esse
309 2316 362 2352 ab
388 2317 540 2351 incluto
566 2317 632 2352 illo
652 2317 739 2352 viro
760 2321 1009 2362 quereretur.
1062 2316 1157 2352 Eius
1189 2317 1458 2352 accusationis
1485 2317 1687 2362 principes
1700 2315 1747 2351 24

197 2369 362 2400 senatus
380 2365 631 2410 quaesitores
651 2365 782 2409 fuere3
807 2365 933 2400 astitit
951 2364 1186 2400 muliercula
1212 2374 1343 2410 cuque
1370 2364 1482 2408 dixit,
1510 2374 1616 2409 quae
1635 2365 1686 2399 ab
1700 2363 1747 2399 25

197 2413 328 2459 impiis
355 2412 430 2447 illis
455 2412 715 2458 sycophantia
741 2412 886 2447 edocta
912 2412 1056 2455 fuerat,
1096 2413 1309 2458 virumque
1340 2415 1524 2447 sanctum
1551 2422 1687 2447 coram

198 2460 239 2496 iu
266 2470 311 2495 os
336 2460 483 2506 arguit.
533 2458 586 2494 At
612 2459 675 2494 iile
701 2459 753 2495 ad
780 2464 938 2505 tempus
965 2460 1136 2505 quietus,
1164 2469 1254 2495 cum
1282 2459 1477 2495 ecclesiae
1503 2459 1748 2505 frequen-26

198 2509 295 2543 tiam
325 2508 476 2543 tristem
504 2507 660 2543 videret
698 2517 746 2543 ac
772 2517 869 2553 prae
896 2508 1039 2543 ceteris
1065 2507 1301 2552 magistrum
1330 2506 1567 2550 Manufflem,
1606 2517 1688 2542 sur-

199 2556 261 2601 git
285 2559 326 2590 et
349 2555 390 2590 in
417 2557 636 2601 conspectu
663 2555 840 2590 omnium
873 2555 1031 2590 fimbria
1057 2556 1181 2590 vestis
1207 2556 1291 2590 suis
1316 2555 1504 2590 manibus
1529 2555 1689 2590 sublata

201 2602 393 2649 pudenda
419 2601 583 2648 detegit,
611 2612 717 2648 quae
745 2603 908 2638 omnino
935 2606 1052 2638 erant
1079 2602 1294 2648 frig-efacta
1321 2605 1361 2638 et
1386 2602 1562 2648 quodam
1590 2612 1689 2638 casu
1702 2602 1748 2638 27

201 2650 507 2694 contabuerant,
533 2654 579 2685 ut
604 2651 701 2685 satis
727 2655 944 2696 appareret
964 2660 1013 2685 ea
1040 2650 1197 2685 inutilia
1222 2660 1310 2685 esse
1336 2649 1389 2685 ad
1410 2650 1468 2686 rei
1488 2659 1689 2685 venereae

200 2708 330 2734 usum.
379 2697 437 2733 Ea
462 2708 527 2733 res
552 2703 662 2734 recte
687 2698 954 2733 sentientibus
988 2698 1165 2733 laetitiae
1196 2702 1236 2733 et
1270 2698 1425 2743 stupori
1458 2698 1545 2742 suit,
1577 2698 1749 2743 syon-28

202 2745 363 2792 pitaniis
389 2745 534 2791 pudori
561 2748 601 2781 et
623 2745 895 2791 desperationi
921 2755 1107 2790 magnae.
1158 2745 1256 2781 Cum
1277 2751 1412 2780 autem
1437 2745 1498 2780 vir
1524 2751 1689 2781 sanctus
1703 2745 1750 2781 29

201 2796 429 2839 rogaretur,
454 2793 564 2829 unde
586 2793 766 2829 verenda
793 2793 1107 2837 contabuissent,
1135 2793 1197 2828 vir
1222 2792 1287 2828 ille
1314 2802 1459 2829 revera
1485 2792 1691 2828 verendus

202 2840 256 2877 ad
288 2840 394 2877 hunc
425 2840 587 2877 modum
614 2841 841 2887 respondit:
881 2841 1124 2877 “Profectus
1149 2840 1369 2887 aliquando
1407 2850 1496 2876 sum
1523 2840 1690 2876 Romam

202 2898 255 2925 ne
287 2889 356 2925 otii
398 2887 608 2925 cuiusdam
651 2889 890 2926 conficiendi
933 2898 1078 2933 causa3
1121 2889 1175 2925 ibi
1218 2888 1383 2935 degenti
1421 2888 1516 2924 mihi
1559 2889 1691 2924 earnis

204 2937 216 2973 i
275 2937 560 2973 cmmstionem
585 2936 719 2974 intulit
745 2936 929 2983 daemon,
955 2942 995 2974 et
1022 2937 1098 2975 fuit
1123 2935 1294 2974 affectus
1319 2935 1384 2973 ille
1403 2936 1690 2984 vehementior,

276 3006 434 3038 zonarae
453 3006 606 3046 amorne
626 3006 687 3040 111.
1441 2995 1488 3036 25
