2054 3282
342 238 412 275 268
732 235 912 274 ZONAR.
941 237 1070 274 EPIT.
1098 236 1169 273 XV
1194 235 1227 279 5,
1254 232 1381 278 20-6‚
1408 232 1441 269 8.

343 361 443 403 ὀστᾶ
473 362 544 403 καὶ
576 359 626 403 δι’
661 363 809 416 ἑαυτῆς
840 361 1078 413 ἀπενεγκεῖν
1100 357 1203 400 αὐτὰ
1226 357 1296 399 καὶ
1318 357 1439 412 ῥῖψαι
1460 355 1516 401 εἷς
1536 354 1585 396 τὰ
1611 354 1833 410 Πελαγίου,

282 426 325 461 21
343 431 447 472 ἔνθα
484 431 722 484 ἕρρίπτοντο
749 430 789 471 οἳ
809 429 1057 482 κατάκριτοι.
1120 426 1293 481 ἁμίλλης
1325 425 1370 467 δὲ
1401 424 1650 479 τελουμένης
1680 426 1834 479 ἳππων,

341 498 412 540 τὸν
437 498 721 553 Ἀρτάβασδον
752 497 822 538 καὶ
853 496 949 542 τοὺς
979 495 1133 541 παῖδας
1165 496 1293 536 αὐτοῦ
1331 495 1374 536 ἒν
1409 494 1530 548 μέσῳ
1566 498 1627 547 τῷ
1665 494 1835 549 θεάτρῳ

74 562 256 599 W11188
282 563 328 598 22
343 567 555 621 διαγαγὼν
591 566 904 620 ἐθριάμβευσεν.
967 563 1068 605 ἀλλὰ
1106 563 1192 618 μὴν
1227 563 1298 604 καὶ
1328 562 1399 604 τὸν
1430 562 1689 616 πατριάρχην
1713 562 1834 604 Ἀνα-

341 636 505 677 στάσιον
537 635 620 676 ἀπὸ
646 638 718 675 τοῦ
741 633 932 674 Διιππίου
955 633 1199 687 εἰσαχθῆναι
1231 632 1429 677 κελεύσας
1460 631 1548 684 ὄνῳ
1581 629 1871 685 ἒφεζόμενον5

341 704 639 757 ἀντιστρόφως,
683 699 732 743 ἵν’
775 702 857 756 ὁρᾷ
893 701 1002 755 πρὸς
1046 701 1191 755 οὐράν,
1237 701 1396 755 ἀτίμως
1439 700 1551 741 οὕτω
1595 698 1666 741 καὶ
1710 699 1836 742 αὐτὸν

341 770 620 823 ἐθριάμβευσε
650 768 854 822 πρότερον
887 767 1103 822 δημοσίως
1123 767 1348 821 τυφθέντα,
1382 767 1489 809 ὥστε
1509 767 1583 822 τὴν
1603 767 1837 823 πρόρρησιν

281 837 327 871 23
339 842 412 879 τοῦ
445 838 637 891 ἀοιδίμου
665 836 925 890 πατριάρχου
947 836 991 876 Γ
986 840 1172 890 ερμανοῦ
1194 837 1250 882 εἷς
1272 837 1395 889 ἔργον
1417 837 1599 891 ἐκβῆναι.
1663 837 1837 879 ὄπισθεν

128 905 160 940 Ρ
168 906 205 941 Π
217 904 324 942 108Α
341 906 420 960 γάρ
450 922 550 947 ποτε
579 910 652 946 τοῦ
685 906 906 959 εἰρημένου
927 905 1186 959 πατριάρχου
1209 904 1452 959 βαδίζοντος
1473 909 1546 946 τοῦ
1567 905 1835 947 Ἀναστασίου

340 974 411 1016 καὶ
440 975 700 1028 πατήσαντος
729 973 776 1015 τὸ
808 974 967 1015 ἐκείνου
1007 973 1258 1028 ὠμόφορον,
1304 973 1499 1027 στραφεὶς
1530 974 1555 1015 ὁ
1586 973 1697 1028 ἱερὸς
1728 974 1772 1015 Γ
1766 991 1834 1029 ερ-
1850 973 1897 1008 10

281 1041 326 1077 24
339 1042 474 1097 μανὸς
513 1044 595 1096 ἔφη
633 1042 722 1097 “fich
764 1043 934 1084 σπεῦδε·
978 1041 1024 1083 τὸ
1057 1042 1247 1083 Διίππιόν
1285 1058 1329 1083 σε
1368 1042 1624 1097 ἕκδέχεται.”
1685 1044 1734 1084 ὃν
1764 1043 1836 1085 καὶ

338 1111 441 1165 μετὰ
473 1111 546 1166 τὴν
578 1112 723 1165 ἄτιμον
760 1110 1028 1165 περιαγωγὴν
1067 1111 1128 1157 ὡς
1167 1111 1392 1165 ὁμόφρονά
1433 1112 1472 1152 οἳ
1507 1116 1579 1166 τῆς
1615 1112 1836 1167 ἐκκλησίας

341 1178 465 1226 αὖθις
495 1184 660 1234 κρατεῖν
691 1179 762 1221 καὶ
793 1180 986 1234 ἱερᾶσθαι
1016 1180 1368 1234 παρακεχώρηκε.

299 1243 325 1285 6
462 1248 557 1290 Τῶν
581 1248 778 1303 Ἀράβων
811 1248 855 1290 δὲ
889 1248 1209 1302 διαφερομένων
1240 1248 1430 1302 ἀλλήλοις
1461 1247 1532 1289 καὶ
1566 1248 1722 1303 μάχαις
1762 1250 1835 1304 ἒμ-

340 1316 502 1371 ςουλίοις
523 1317 863 1371 ἀσχολουμένων,
887 1317 1028 1363 ἀδείας
1048 1316 1282 1371 λαβόμενος
1300 1317 1324 1358 ὁ
1340 1316 1642 1371 Κοπρώνυμος
1663 1318 1836 1372 ἕκστρα-
1851 1317 1896 1352 15

304 1385 443 1427 2τεύει
480 1385 586 1427 κατὰ
624 1385 784 1439 Συρίας
826 1385 898 1427 καὶ
940 1386 1142 1440 λαμβάνει
1177 1385 1251 1440 τὴν
1287 1385 1331 1425 Γ
1326 1386 1602 1439 ερμανίκειαν.
1665 1391 1837 1441 σεισμοῦ

342 1454 387 1495 δὲ
424 1454 650 1508 γενομένου
691 1453 796 1495 κατὰ
829 1454 1108 1509 Παλαιστίνην
1145 1454 1216 1495 καὶ
1246 1454 1409 1508 Συρίαν
1439 1455 1646 1508 μεγίστου,
1689 1455 1838 1497 πολλαὶ

342 1522 413 1564 καὶ
456 1523 668 1577 ἐκκλησίαι
704 1522 775 1564 καὶ
811 1526 1035 1577 μοναστῶν
1073 1523 1300 1564 κατέπεσον
1337 1523 1577 1577 καταγώγια
1611 1523 1682 1564 καὶ
1714 1523 1837 1565 οἶκίαι

306 1590 413 1633 3καὶ
443 1591 645 1646 μυριάδες
675 1591 923 1646 ἀνθρώπων
945 1592 1178 1634 ἀπώλοντο.
1241 1590 1343 1634 ἀλλὰ
1365 1591 1436 1634 καὶ
1458 1591 1504 1634 ἔκ
1527 1591 1667 1635 νόσων
1688 1591 1836 1647 φθορὰ

342 1733 387 1768 16
413 1734 609 1780 σημείωσαι
636 1732 671 1769 Α

414 1865 433 1900 1
459 1865 654 1911 ἐπενεγκεῖν
681 1866 716 1900 D
847 1866 951 1911 ῥῖψαι
976 1864 1095 1910 BSDi‚
1122 1866 1224 1911 ῥίψαι
1252 1864 1387 1911 Apr
1519 1865 1542 1900 2
1568 1868 1659 1911 posi:
1684 1867 1720 1901 οἵ
1743 1865 1835 1901 add.

411 1913 568 1958 πολέμιοι
587 1914 647 1948 καὶ
665 1913 897 1959 ECwawp
996 1914 1018 1948 5
1043 1914 1196 1958 ἀχθῆναι
1215 1914 1249 1948 D
1348 1915 1370 1949 7
1395 1913 1652 1959 ἐθριάμβευσεν
1669 1911 1835 1959 EwpDi‚

413 1972 450 1996 V.
478 1961 530 1995 ad
555 1961 652 1996 XIII
681 1962 711 2005 1,
738 1961 759 1997 5
905 1961 927 1996 8
952 1962 1051 2007 ἁγίου
1079 1961 1146 1997 CD
1291 1966 1467 2006 γερμανοῢ
1492 1961 1710 2006 πατριάρχου
1736 1961 1766 1997 C

413 2009 460 2043 10
485 2010 680 2054 ωμοφόρον
707 2011 750 2051 (s.
778 2010 887 2055 spir.)
914 2009 962 2054 D,
989 2009 1198 2054 ὠμοφόριον
1224 2009 1391 2054 Ewap
1562 2009 1606 2045 17
1632 2012 1722 2055 post
1747 2008 1838 2045 κατὰ

414 2056 506 2092 add.
532 2056 594 2103 τὴν
620 2057 716 2103 Ewp
816 2057 860 2092 18
885 2057 946 2093 καὶ
971 2059 1063 2103 post
1086 2057 1208 2092 πολλαὶ
1236 2068 1309 2093 om.
1337 2057 1368 2091 B

342 2197 404 2232 sui
427 2207 517 2232 ossa
542 2197 670 2242 ipsam
698 2197 844 2233 afferre
870 2200 909 2233 et
934 2198 1118 2243 proicere
1150 2198 1190 2232 in
1216 2197 1439 2242 Pelagium,
1475 2208 1554 2242 quo
1582 2197 1838 2232 condemnati

282 2239 324 2274 21
343 2245 634 2280 abiciebantur.
674 2244 772 2280 Cum
790 2245 874 2280 ludi
894 2248 1101 2290 equestres
1116 2248 1347 2290 agerentur,
1376 2243 1650 2280 Artabasdum
1669 2245 1838 2290 eiusque

282 2287 328 2322 22
343 2292 443 2327 filios
478 2302 550 2338 per
591 2293 766 2327 medium
801 2293 1001 2328 theatrum
1033 2293 1302 2339 ignominiose
1344 2292 1626 2327 traduxerunt.
1677 2291 1757 2328 Sed
1799 2294 1838 2327 et

342 2338 600 2375 Anasta-sium
620 2341 891 2385 patriarcham
911 2351 934 2375 a
952 2340 1114 2386 Diippio
1143 2341 1256 2375 asino
1283 2340 1534 2383 insidentem,
1562 2340 1667 2374 facie
1693 2350 1837 2374 versus

343 2387 514 2422 caudam
552 2398 759 2431 conversa,
800 2388 1019 2423 adductum
1046 2389 1314 2433 ignominiose
1341 2388 1491 2433 pariter
1517 2387 1699 2422 traduxit
1724 2387 1836 2432 prius

343 2435 503 2480 publice
545 2435 822 2481 verberatum3
865 2436 921 2471 sie
964 2436 1060 2471 clari
1102 2436 1357 2481 patriarchae
1385 2434 1575 2470 Germani
1613 2434 1835 2480 praedictio

283 2477 328 2511 23
343 2482 430 2527 ipsa
456 2493 499 2517 re
526 2486 585 2518 est
612 2484 884 2528 comprobata.
935 2483 1037 2519 Nam
1073 2493 1162 2518 eum
1198 2482 1416 2528 aliquando
1451 2492 1541 2517 eum
1578 2492 1601 2516 a
1635 2484 1751 2527 tergo
1779 2492 1837 2517 se·

344 2532 536 2574 queretur
547 2529 783 2566 Anastasius
799 2532 967 2576 eiusque
982 2531 1188 2566 humerale
1203 2530 1375 2575 pedibus
1391 2530 1595 2571 calcasset,
1616 2539 1837 2565 conversus

343 2580 506 2612 sanctus
534 2577 761 2613 Germanus
787 2578 906 2614 “Noli
918 2578 940 2591 ³³
963 2579 1094 2623 inquit
1119 2579 1361 2621 “festinare3
1400 2577 1606 2622 Diippium
1632 2580 1671 2612 te
1697 2587 1837 2622 exspe-

283 2619 330 2654 24
344 2624 460 2659 ctat.”
509 2625 610 2659 Eum
636 2628 727 2671 post
753 2626 1047 2671 ignominosam
1074 2626 1178 2660 illam
1207 2625 1602 2669 circumductionem,
1633 2627 1679 2659 ut
1705 2634 1837 2659 assen-

344 2681 473 2707 sorem
501 2683 630 2716 suum,
659 2673 804 2708 iterum
825 2674 1035 2708 eeclesiam
1061 2676 1200 2708 tenere
1219 2673 1425 2717 sacrisque
1453 2673 1612 2717 operari
1629 2673 1837 2707 concessit.

462 2719 494 2754 6.
522 2718 725 2755 Arabibus
751 2721 856 2756 inter
882 2731 925 2756 se
952 2721 1281 2756 dissentientibus
1308 2724 1347 2755 et
1374 2720 1477 2755 bello
1506 2719 1694 2755 intestino
1723 2724 1839 2754 occu-

344 2766 458 2810 patis,
499 2766 779 2813 Copronymus
817 2771 979 2812 arrepta
1019 2769 1231 2803 occasione
1270 2767 1413 2812 Syriae
1452 2767 1600 2802 bellum
1638 2767 1760 2801 infert
1799 2770 1839 2802 et

308 2809 330 2844 2
346 2811 639 2848 Germaniciam
668 2816 783 2860 capit.
834 2815 880 2850 In
901 2815 1130 2851 Palaestina
1156 2818 1195 2850 et
1221 2814 1338 2860 Syria
1368 2815 1541 2850 maximo
1569 2817 1702 2850 terrae
1726 2817 1840 2849 motu

345 2860 493 2895 multae
508 2862 702 2897 ecclesiae
729 2866 768 2897 et
782 2864 1026 2898 monasteria
1053 2867 1092 2898 et
1107 2863 1229 2898 aedes
1244 2864 1485 2898 corruerunt
1498 2862 1706 2906 multaque
1730 2861 1840 2896 milia

309 2904 548 2943 3hominum
582 2910 800 2956 perierunt,
842 2921 923 2946 non
957 2911 1075 2947 ruina
1101 2913 1269 2956 tantum,
1302 2910 1370 2946 sed
1399 2913 1439 2946 et
1464 2909 1690 2956 pestilentia
1716 2909 1758 2943 in
1784 2907 1839 2945 Si·
