2054 3282
371 239 441 276 298
781 234 960 275 ZONAR.
989 235 1118 273 EPIT.
1146 233 1218 272 XV
1246 234 1300 279 13,
1326 234 1455 272 6—17.

320 360 507 402 Βσθῶσι
538 360 608 402 καὶ
638 360 962 414 κατασχεθέντες
1002 358 1251 411 ἀπόλωνται,
1297 358 1544 405 σπεύσαντες
1581 359 1781 414 συνέσχον
1818 359 1862 401 ἐν

369 435 430 483 τῷ
465 430 652 482 παλατίῳ
690 428 760 469 τὸν
791 428 960 482 βασιλέα
992 427 1063 468 καὶ
1093 427 1187 480 περὶ
1218 427 1337 480 ὥραν
1369 427 1538 482 ἒννάτην
1568 427 1664 475 τοὺς
1695 427 1859 483 ὀφθαλ-

368 498 476 551 μοὺς
507 499 635 539 αὐτοῦ
668 496 863 551 ὠμότατοι
897 496 1170 549 ἕξορύττουσι,
1202 496 1509 550 προνοούμενοι
1539 496 1598 551 μὴ
1630 497 1763 551 μόνον
1787 501 1860 539 τοῦ

334 565 513 619 Ίφωτὸς
538 566 788 620 στερηθῆναι
810 564 949 618 αὐτόν,
982 564 1083 606 ἀλλὰ
1116 564 1187 606 καὶ
1218 565 1345 619 αὐτῆς
1375 569 1447 619 τῆς
1478 566 1602 620 ζωῆς.
1665 566 1732 607 ὅτε
1763 581 1860 607 συν-

369 634 443 688 έβη
476 635 542 688 ἐφ’
576 635 737 688 ἡμέρας
768 632 1045 675 ἑπτακαίδεκα
1076 632 1136 687 μὴ
1169 632 1334 687 λάμψαι
1364 633 1435 675 τὸν
1456 633 1584 688 ἥλιον,
1617 631 1703 675 ἀλλ’
1726 633 1896 688 ἀλαμ-5

367 706 455 748 πεῖς
490 701 590 743 εἶναι
626 703 696 743 καὶ
734 702 959 748 σκοτώὸεις
996 701 1069 748 τὰς
1106 701 1268 756 ἡμέρας
1306 702 1477 756 ἐκείνας,
1522 703 1601 744 οὐκ
1646 701 1740 744 οῖόα
1783 703 1860 744 εἴτε

367 771 548 825 τυχαίως
579 771 690 812 οὕτω
724 770 890 824 συμβὰν
921 771 996 812 εἴτε
1028 770 1096 811 καὶ
1130 769 1195 812 διὰ
1232 770 1306 825 τὴν
1338 774 1411 812 τοῦ
1443 770 1760 812 Κωνσταντίνου
1790 771 1859 812 τύ-

367 838 542 893 φλωσιν,
587 839 648 885 (ὃς
690 843 911 894 τηνικαῦτα
955 843 1040 885 τοῖς
1071 839 1317 892 ἀνθρώποις
1349 838 1497 893 ἐδόκει,
1543 839 1608 881 οἷα
1640 844 1712 894 τῆς
1742 839 1861 886 θείας

366 908 567 960 προνοίας
597 908 881 962 νεμεσησάσης
911 912 972 962 τῷ
1001 908 1142 962 πάθει,
1176 908 1238 954 ὡς
1269 908 1316 949 ἐκ
1347 907 1506 963 μητρὸς
1537 909 1594 955 εἰς
1624 907 1715 950 υἱὸν
1743 924 1858 962 γενο-

330 976 353 1012 8
364 976 493 1030 μένῳ.
551 976 622 1017 καὶ
644 977 668 1018 ό
687 976 766 1030 μὲν
787 977 899 1018 οὕτω
921 975 1017 1022 τοὺς
1039 975 1292 1031 ὀφθαλμοὺς
1313 977 1596 1030 ἒξωρώρυκτο
1618 973 1707 1018 κατ’
1731 976 1860 1031 αὐτὴν
1877 979 1921 1014 10

365 1043 438 1098 τὴν
470 1046 632 1099 ἡμέραν
662 1043 764 1087 καθ’
798 1047 849 1099 ἣν
887 1045 1043 1091 ἐκεῖνος
1079 1045 1150 1086 τὸν
1186 1046 1303 1087 θεῖον
1340 1045 1468 1087 αὐτοῦ
1500 1045 1753 1100 Νικηφόρον
1789 1045 1908 1087 καὶΙ)
1929 1049 2054 1086 ΙΙΙ364

154 1112 230 1149 PII
243 1112 351 1150 ῙΞΟΑ
364 1112 435 1155 τὸν
458 1113 644 1168 Μωσηλὲ
670 1114 929 1168 ἓξετύφλωσε
950 1114 1019 1155 καὶ
1041 1117 1126 1156 τῶν
1146 1114 1318 1166 λοιπῶν,
1351 1114 1413 1160 ὡς
1434 1115 1598 1169 εἴρηται,
1629 1114 1703 1161 τὰς
1723 1114 1858 1168 γλώσ-

329 1182 351 1217 9
365 1197 441 1228 σας
484 1183 672 1237 ἀπέτεμε,
717 1184 836 1225 πέντε
877 1182 1032 1237 μεταξὺ
1070 1182 1426 1237 παρεληλυθότων
1463 1183 1673 1225 ἐνιαυτῶν.
1749 1184 1774 1238 ἡ
1814 1183 1859 1226 δὲ

364 1249 525 1305 Εἰρήνη
557 1251 628 1292 καὶ
659 1250 783 1297 αὖθις
813 1256 885 1306 τῆς
915 1252 1149 1306 μοναρχίας
1180 1251 1406 1306 ἐπείληπτο.

307 1320 352 1356 10
484 1319 569 1361 Καὶ
601 1320 644 1361 ἔν
664 1324 714 1374 τῇ
734 1320 996 1374 πρεσβυτέρᾳ
1013 1320 1156 1375 Ῥώμῃ
1179 1324 1253 1362 τοῦ
1274 1320 1393 1361 πάπα
1416 1320 1622 1367 θανόντος
1637 1319 1857 1374 Ἀὂριανοῢ
1875 1324 1919 1362 15

307 1390 344 1425 11
363 1387 490 1429 Λέων
527 1389 849 1443 κεχειροτόνητο,
894 1388 1001 1443 ἀνὴρ
1039 1389 1197 1435 αἰδοῖος
1235 1388 1304 1430 καὶ
1336 1389 1588 1442 τιμιώτατος.
1652 1390 1692 1431 οῖ
1723 1389 1768 1431 δὲ
1798 1394 1860 1444 τῷ

365 1456 534 1499 θανόντι
567 1457 776 1512 Ἀδριανῷ
817 1458 1102 1512 προσήκοντες
1145 1458 1356 1499 στασιάσαι
1398 1457 1469 1499 τὸν
1511 1457 1614 1499 λαὸν
1656 1459 1859 1513 ἠρέθισαν

367 1586 411 1621 15
434 1586 514 1630 περὶ
539 1592 599 1622 τοῦ
625 1589 717 1628 (om.
732 1586 775 1630 C)
801 1587 952 1626 Λέοντος
975 1587 1074 1623 πάπα
1095 1587 1237 1632 Ῥώμης
1262 1587 1322 1622 καὶ
1347 1588 1444 1626 ὅπως
1469 1589 1506 1622 οἶ
1529 1587 1682 1632 Φράγγοι
1699 1588 1759 1624 καὶ
1775 1589 1858 1623 πότε

366 1634 412 1678 (Ε
438 1643 539 1669 corr.
567 1645 617 1670 ex
644 1635 754 1678 ὅπως)
792 1640 853 1680 τῆς
882 1636 1022 1675 Ἰταλίας
1054 1634 1159 1682 αὐτῆς
1197 1636 1289 1681 (om.
1316 1634 1359 1680 C)
1398 1634 1459 1671 καὶ
1490 1640 1549 1682 τῆς
1580 1635 1719 1682 Ῥώμης
1750 1636 1857 1682 αὐτῆς

365 1683 456 1724 (om.
482 1682 529 1725 E)
554 1682 761 1728 ἐκυρίευσαν
787 1682 850 1719 CE

437 1789 451 1823 1
482 1789 681 1826 ἀπόλωνται
707 1789 875 1836 prDi,
901 1791 1100 1826 ἀπώλονται
1127 1789 1206 1835 ΑΒ,
1231 1791 1438 1826 ἀπώλωνται
1466 1791 1496 1825 Ε
1609 1791 1640 1826 1.
1668 1791 1690 1826 2
1715 1790 1773 1826 τὸν
1797 1793 1857 1838 βα-

435 1837 531 1873 σιλέα
556 1837 594 1872 ἐν
619 1844 670 1882 τῷ
694 1838 852 1883 παλατίῳ
879 1839 987 1882 Ewp,
1014 1838 1072 1874 τὸν
1095 1838 1241 1884 βασιλέα
1265 1839 1346 1883 περὶ
1370 1837 1457 1874 αὐτὰ
1482 1838 1522 1874 τὰ
1546 1839 1704 1884 βασίλεια
1730 1838 1762 1874 Ο

434 1884 457 1919 2
481 1885 604 1929 ἐνάτην
630 1884 734 1930 ΒΒὶ,
762 1897 799 1921 v.
827 1886 877 1920 ad
905 1886 976 1921 XV
1001 1887 1034 1930 3,
1061 1887 1084 1922 8
1188 1886 1210 1921 3
1234 1887 1525 1932 προμηθούμενοι
1553 1885 1627 1929 BC,
1652 1887 1857 1931 προθυμού-

432 1946 528 1977 μενοι
554 1933 589 1967 D
722 1933 771 1979 μὴ
798 1932 944 1979 AEwp,
970 1934 1049 1979 οὐχὶ
1075 1934 1119 1977 R,
1146 1934 1188 1969 οὐ
1215 1934 1250 1968 D
1387 1934 1411 1968 4
1435 1940 1597 1979 στερῆσαι
1623 1934 1654 1969 O
1771 1934 1857 1978 ἀλλ’,

435 1982 581 2016 omisso
607 1981 678 2025 καὶ,
707 1982 802 2027 Ewp
889 1981 922 2016 4.
949 1982 971 2017 5
996 1983 1051 2016 ὅτε
1068 1982 1127 2016 καὶ
1144 1981 1202 2027 ἐφ’
1222 1982 1353 2026 ἡμέρας
1375 1982 1535 2027 (ἡμέραις
1548 1982 1598 2023 D)
1625 1982 1858 2017 ἑπτακαίδεκα

433 2028 599 2063 συνέπεσε
625 2028 656 2064 Ο
754 2029 776 2065 5
801 2029 874 2064 ἀλλ’
903 2040 978 2064 om.
1005 2029 1047 2072 O,
1076 2030 1167 2064 add.
1196 2029 1263 2066 Dw
1370 2030 1392 2065 6
1419 2033 1512 2064 aute
1538 2029 1622 2065 εἶναι
1649 2029 1740 2065 add.
1767 2029 1800 2065 δ’
1825 2029 1856 2066 Ο

480 2076 559 2120 εἴτε]
586 2077 618 2111 εἰ
643 2076 674 2111 Β
835 2078 856 2113 7
883 2078 1014 2122 τυχέως
1041 2077 1087 2121 D,
1116 2087 1217 2112 corr.
1248 2077 1315 2115 Dw
1472 2078 1584 2116 οὕτως
1608 2076 1640 2111 Β
1797 2078 1858 2113 καὶ

435 2134 511 2158 om.
539 2124 570 2159 Ο
693 2124 716 2159 9
741 2126 985 2170 νεμησαμένης
1011 2125 1041 2159 Ε
1187 2125 1232 2160 10
1256 2125 1496 2170 ἐξωρώρυκτο
1522 2125 1603 2168 AR,
1630 2125 1857 2169 ἒξορώρυκτο

433 2170 548 2215 BEW,
573 2171 756 2216 ἒξώρυκτο
781 2172 828 2217 p*
927 2172 972 2207 12
995 2172 1141 2218 εἴρηται]
1161 2172 1232 2208 XV
1259 2172 1315 2215 12,
1335 2172 1379 2207 12
1478 2173 1522 2207 13
1547 2173 1807 2217 διεληλυθότων
1825 2172 1856 2209 Ο

484 2218 527 2254 14
552 2220 613 2255 καὶ
640 2230 715 2255 om.
743 2219 774 2256 Ο
873 2220 918 2255 16
943 2226 993 2265 τῷ
1021 2231 1094 2256 om.
1123 2220 1158 2254 D
1260 2221 1302 2255 17
1327 2220 1495 2265 ἀὸριανοῦ
1522 2220 1568 2265 D,
1597 2230 1698 2256 corr.
1725 2219 1793 2259 Dw

362 2348 414 2373 ne
440 2349 553 2373 mora
579 2339 816 2384 interposita
843 2339 1048 2384 dilatoque
1076 2340 1256 2375 facinore
1284 2339 1521 2384 deprehensi
1549 2340 1738 2384 perirent,
1769 2340 1857 2382 regi

363 2386 437 2420 sub
472 2386 610 2421 horam
643 2397 789 2422 nonam
824 2387 956 2422 subito
990 2388 1030 2422 in
1059 2387 1207 2432 palatio
1237 2387 1373 2422 oculos
1401 2386 1673 2421 crudelissime
1699 2389 1857 2430 eruunt,

327 2429 493 2478 ''lparati
532 2444 612 2469 non
652 2434 801 2470 lumine
838 2438 1005 2478 tant-um,
1045 2435 1115 2469 sed
1150 2435 1232 2469 vita
1265 2435 1382 2469 etiam
1417 2434 1504 2479 ipsa
1530 2435 1704 2478 privare.
1754 2433 1857 2468 Tum

362 2480 519 2524 accidit,
550 2486 595 2516 ut
622 2482 679 2516 sol
707 2492 779 2527 per
805 2482 890 2517 dies
918 2482 1188 2526 septendecim
1216 2492 1296 2516 non
1325 2481 1564 2526 splenderet,
1597 2481 1668 2516 sed
1696 2481 1856 2516 obscuri

362 2532 402 2562 ct
427 2529 630 2564 tenebrosi
657 2533 790 2564 esseut
817 2529 902 2564 dies
927 2530 993 2573 illi,
1028 2529 1136 2574 quod
1163 2529 1271 2563 haud
1299 2530 1380 2563 seio
1408 2529 1628 2563 fortuitone
1654 2529 1857 2571 acciderit,

362 2586 414 2610 an
448 2576 498 2610 ob
526 2575 833 2612 Constantinum
866 2582 1140 2620 excaecatum,
1179 2581 1224 2611 ut
1258 2580 1341 2611 tum
1373 2576 1601 2610 hominibus
1629 2576 1855 2619 videbatur,

363 2623 478 2666 quasi
511 2623 651 2658 divina
684 2625 940 2669 providentia
971 2624 1126 2659 cladem
1153 2624 1259 2658 illam
1287 2626 1546 2658 aversaretur
1573 2623 1652 2658 filio
1679 2634 1704 2658 a
1729 2626 1857 2658 matre

326 2667 523 2705 &illatam
573 2671 686 2706 Oculi
706 2673 740 2707 ei
761 2672 817 2707 ita
844 2673 947 2707 eruti
967 2675 1060 2707 sunt
1083 2671 1223 2706 eodem
1246 2671 1321 2713 die,
1349 2681 1428 2715 quo
1448 2671 1512 2706 ille
1532 2675 1719 2716 patruum
1740 2681 1857 2706 suum

363 2717 630 2762 Nicephorum
665 2724 704 2754 et
735 2719 920 2755 Moselem
955 2723 1198 2754 excaecarat
1231 2722 1270 2753 et
1300 2718 1476 2763 reliquis,
1513 2722 1559 2753 ut
1598 2718 1747 2752 dictum
1787 2722 1856 2762 est,

327 2761 523 2808 {Ninguas
556 2767 822 2811 praeciderat,
863 2768 980 2802 annis
1011 2767 1169 2802 interim
1201 2767 1380 2811 quinque
1407 2766 1564 2811 elapsis.
1615 2765 1731 2800 Irene
1758 2776 1856 2800 vero

363 2811 497 2847 denuo
524 2814 735 2858 imperium
763 2818 982 2850 consecuta
1009 2818 1078 2849 ost.

304 2857 350 2890 10
481 2858 672 2904 Adriano,
712 2863 861 2897 veteris
894 2862 1045 2897 Romae
1085 2872 1203 2907 papa,
1241 2865 1400 2896 mortuo
1435 2860 1518 2895 Leo
1554 2860 1746 2895 suffectus
1786 2863 1858 2902 est,

305 2905 347 2942 11
364 2906 426 2941 vir
464 2909 714 2945 reverendus
753 2912 792 2946 et
830 2909 1094 2955 honorabilis3
1133 2909 1204 2946 sed
1229 2907 1399 2944 Adriani
1430 2908 1610 2944 defuncti
1640 2908 1858 2943 necessarii
