<?xml version="1.0" encoding="UTF-8"?>
<!DOCTYPE html PUBLIC "-//W3C//DTD XHTML 1.0 Transitional//EN"
    "http://www.w3.org/TR/xhtml1/DTD/xhtml1-transitional.dtd">
<html xmlns="http://www.w3.org/1999/xhtml" xml:lang="en" lang="en">
 <head>
  <title>
</title>
<meta http-equiv="Content-Type" content="text/html;charset=utf-8" />
  <meta name='ocr-system' content='tesseract 3.04.00' />
  <meta name='ocr-capabilities' content='ocr_page ocr_carea ocr_par ocr_line ocrx_word'/>
</head>
<body>
  <div class='ocr_page' id='page_1' title='image "./corpusscriptorum31niebuoft/corpusscriptorum31niebuoft_0353.png"; bbox 0 0 2054 3282; ppageno 0'>
   <div class='ocr_carea' id='block_1_1' title="bbox 382 220 1760 262">
    <p class='ocr_par' dir='ltr' id='par_1_1' title="bbox 382 220 1760 262">
     <span class='ocr_line' id='line_1_1' title="bbox 382 220 1760 262; baseline 0.001 -3"><span class='ocrx_word' id='word_1_1' title='bbox 382 220 543 262; x_wconf 88' lang='lat' dir='ltr'><strong>LEONI</strong></span> <span class='ocrx_word' id='word_1_2' title='bbox 566 223 668 261; x_wconf 87' lang='lat' dir='ltr'><strong><em>PER</em></strong></span> <span class='ocrx_word' id='word_1_3' title='bbox 693 222 1018 261; x_wconf 77' lang='lat' dir='ltr'>THEODOTVM</span> <span class='ocrx_word' id='word_1_4' title='bbox 1042 221 1259 260; x_wconf 81' lang='lat' dir='ltr'>REGNVM</span> <span class='ocrx_word' id='word_1_5' title='bbox 1283 220 1633 260; x_wconf 86' lang='lat' dir='ltr'><strong>PRAEDICTVM.</strong></span> <span class='ocrx_word' id='word_1_6' title='bbox 1689 222 1760 260; x_wconf 82' lang='lat'><strong><em>327</em></strong></span> 
     </span>
    </p>
   </div>
   <div class='ocr_carea' id='block_1_2' title="bbox 47 343 1820 1499">
    <p class='ocr_par' dir='ltr' id='par_1_2' title="bbox 47 343 1820 1499">
     <span class='ocr_line' id='line_1_2' title="bbox 266 343 1759 402; baseline -0.002 -14"><span class='ocrx_word' id='word_1_7' title='bbox 266 344 434 399; x_wconf 82' lang='grc' dir='ltr'><strong><em>γύναιον</em></strong></span> <span class='ocrx_word' id='word_1_8' title='bbox 475 346 643 401; x_wconf 80' lang='grc' dir='ltr'><strong><em>εἰρήκει,</em></strong></span> <span class='ocrx_word' id='word_1_9' title='bbox 690 346 911 402; x_wconf 79' lang='grc' dir='ltr'><em>φωράσας,</em></span> <span class='ocrx_word' id='word_1_10' title='bbox 957 345 1041 400; x_wconf 80' lang='grc' dir='ltr'><strong><em>ἰδίᾳ</em></strong></span> <span class='ocrx_word' id='word_1_11' title='bbox 1086 345 1157 387; x_wconf 84' lang='grc' dir='ltr'><strong><em>τὸν</em></strong></span> <span class='ocrx_word' id='word_1_12' title='bbox 1202 344 1337 398; x_wconf 82' lang='grc' dir='ltr'><strong><em>ἄνδρα</em></strong></span> <span class='ocrx_word' id='word_1_13' title='bbox 1380 343 1645 399; x_wconf 80' lang='grc' dir='ltr'><strong><em>παραλαβὼν</em></strong></span> <span class='ocrx_word' id='word_1_14' title='bbox 1687 343 1759 386; x_wconf 81' lang='grc' dir='ltr'><strong><em>καὶ</em></strong></span> 
     </span>
     <span class='ocr_line' id='line_1_3' title="bbox 264 412 1758 469; baseline -0.001 -15"><span class='ocrx_word' id='word_1_15' title='bbox 264 413 415 460; x_wconf 84' lang='grc' dir='ltr'><strong><em>πίστεις</em></strong></span> <span class='ocrx_word' id='word_1_16' title='bbox 435 415 640 462; x_wconf 86' lang='grc' dir='ltr'><strong><em>δεδωκώς</em></strong></span> <span class='ocrx_word' id='word_1_17' title='bbox 659 431 702 457; x_wconf 89' lang='grc' dir='ltr'><strong><em>τε</em></strong></span> <span class='ocrx_word' id='word_1_18' title='bbox 722 414 793 457; x_wconf 81' lang='grc' dir='ltr'><strong><em>καὶ</em></strong></span> <span class='ocrx_word' id='word_1_19' title='bbox 821 415 1018 469; x_wconf 79' lang='grc' dir='ltr'><strong><em>εἰληφώς,</em></strong></span> <span class='ocrx_word' id='word_1_20' title='bbox 1049 413 1284 468; x_wconf 86' lang='grc' dir='ltr'><strong><em>προμηνύει</em></strong></span> <span class='ocrx_word' id='word_1_21' title='bbox 1303 412 1378 468; x_wconf 82' lang='grc' dir='ltr'><strong><em>τὴν</em></strong></span> <span class='ocrx_word' id='word_1_22' title='bbox 1397 413 1607 467; x_wconf 81' lang='grc' dir='ltr'><strong><em>βασιλείαν</em></strong></span> <span class='ocrx_word' id='word_1_23' title='bbox 1629 412 1758 466; x_wconf 80' lang='grc' dir='ltr'><strong><em>αὐτῷ,</em></strong></span> 
     </span>
     <span class='ocr_line' id='line_1_4' title="bbox 265 480 1802 538; baseline -0.002 -13"><span class='ocrx_word' id='word_1_24' title='bbox 265 483 328 530; x_wconf 86' lang='grc' dir='ltr'><strong><em>ὥς</em></strong></span> <span class='ocrx_word' id='word_1_25' title='bbox 358 483 404 532; x_wconf 83' lang='grc' dir='ltr'><strong><em>ἒξ</em></strong></span> <span class='ocrx_word' id='word_1_26' title='bbox 433 484 646 531; x_wconf 79' lang='grc' dir='ltr'><strong><em>ἐπιπνοίας</em></strong></span> <span class='ocrx_word' id='word_1_27' title='bbox 675 484 891 538; x_wconf 84' lang='grc' dir='ltr'><strong><em>θειοτέρας</em></strong></span> <span class='ocrx_word' id='word_1_28' title='bbox 921 482 1051 537; x_wconf 82' lang='grc' dir='ltr'><strong><em>αὐτὴν</em></strong></span> <span class='ocrx_word' id='word_1_29' title='bbox 1080 482 1271 537; x_wconf 75' lang='grc' dir='ltr'><strong><em>μυηθεὶς,</em></strong></span> <span class='ocrx_word' id='word_1_30' title='bbox 1315 480 1387 523; x_wconf 83' lang='grc' dir='ltr'><strong><em>καὶ</em></strong></span> <span class='ocrx_word' id='word_1_31' title='bbox 1423 482 1509 536; x_wconf 82' lang='grc' dir='ltr'><em>ᾔτει</em></span> <span class='ocrx_word' id='word_1_32' title='bbox 1549 480 1653 535; x_wconf 86' lang='grc' dir='ltr'><strong><em>μετὰ</em></strong></span> <span class='ocrx_word' id='word_1_33' title='bbox 1683 480 1758 535; x_wconf 85' lang='grc' dir='ltr'><strong><em>τὴν</em></strong></span> <span class='ocrx_word' id='word_1_34' title='bbox 1773 484 1802 522; x_wconf 92' lang='lat' dir='ltr'>C</span> 
     </span>
     <span class='ocr_line' id='line_1_5' title="bbox 264 548 1819 606; baseline -0.003 -12"><span class='ocrx_word' id='word_1_35' title='bbox 264 552 435 606; x_wconf 85' lang='grc' dir='ltr'><strong><em>ἔκβασιν</em></strong></span> <span class='ocrx_word' id='word_1_36' title='bbox 464 553 678 594; x_wconf 82' lang='grc' dir='ltr'><strong><em>κείσεσθαί</em></strong></span> <span class='ocrx_word' id='word_1_37' title='bbox 705 553 746 594; x_wconf 85' lang='grc' dir='ltr'><strong><em>οἰ</em></strong></span> <span class='ocrx_word' id='word_1_38' title='bbox 774 550 931 606; x_wconf 87' lang='grc' dir='ltr'><strong><em>μισθὸν</em></strong></span> <span class='ocrx_word' id='word_1_39' title='bbox 961 555 1034 606; x_wconf 91' lang='grc' dir='ltr'><strong><em>τῆς</em></strong></span> <span class='ocrx_word' id='word_1_40' title='bbox 1056 551 1350 605; x_wconf 85' lang='grc' dir='ltr'><strong><em>προρρήσεως.</em></strong></span> <span class='ocrx_word' id='word_1_41' title='bbox 1413 548 1536 595; x_wconf 89' lang='grc' dir='ltr'><strong><em>οὗτος</em></strong></span> <span class='ocrx_word' id='word_1_42' title='bbox 1557 549 1582 591; x_wconf 84' lang='grc' dir='ltr'>ὁ</span> <span class='ocrx_word' id='word_1_43' title='bbox 1603 549 1759 603; x_wconf 84' lang='grc' dir='ltr'><strong><em>τρόπος</em></strong></span> <span class='ocrx_word' id='word_1_44' title='bbox 1775 554 1819 589; x_wconf 91' lang='grc'><strong><em>10</em></strong></span> 
     </span>
     <span class='ocr_line' id='line_1_6' title="bbox 227 617 1760 675; baseline -0.002 -13"><span class='ocrx_word' id='word_1_45' title='bbox 227 624 250 661; x_wconf 85' lang='grc'>5</span> <span class='ocrx_word' id='word_1_46' title='bbox 264 620 462 675; x_wconf 79' lang='grc' dir='ltr'><strong><em>ἐγνώρισε</em></strong></span> <span class='ocrx_word' id='word_1_47' title='bbox 491 620 562 662; x_wconf 81' lang='grc' dir='ltr'><strong><em>καὶ</em></strong></span> <span class='ocrx_word' id='word_1_48' title='bbox 592 621 782 675; x_wconf 82' lang='grc' dir='ltr'><strong><em>ᾠκείωσε</em></strong></span> <span class='ocrx_word' id='word_1_49' title='bbox 811 624 873 674; x_wconf 81' lang='grc' dir='ltr'><strong><em>τῷ</em></strong></span> <span class='ocrx_word' id='word_1_50' title='bbox 903 619 1052 661; x_wconf 83' lang='grc' dir='ltr'><strong><em>Λέοντι</em></strong></span> <span class='ocrx_word' id='word_1_51' title='bbox 1081 618 1153 660; x_wconf 87' lang='grc' dir='ltr'><strong><em>τὸν</em></strong></span> <span class='ocrx_word' id='word_1_52' title='bbox 1189 617 1414 672; x_wconf 82' lang='grc' dir='ltr'><strong><em>Θεόδοτον,</em></strong></span> <span class='ocrx_word' id='word_1_53' title='bbox 1449 618 1521 660; x_wconf 86' lang='grc' dir='ltr'><strong><em>καὶ</em></strong></span> <span class='ocrx_word' id='word_1_54' title='bbox 1552 619 1671 672; x_wconf 83' lang='grc' dir='ltr'><strong><em>ἔσχεν</em></strong></span> <span class='ocrx_word' id='word_1_55' title='bbox 1702 618 1760 664; x_wconf 83' lang='grc' dir='ltr'><strong><em>εἰς</em></strong></span> 
     </span>
     <span class='ocr_line' id='line_1_7' title="bbox 262 685 1760 744; baseline -0.002 -14"><span class='ocrx_word' id='word_1_56' title='bbox 262 689 506 744; x_wconf 82' lang='grc' dir='ltr'><strong><em>ἀντάμειψιν</em></strong></span> <span class='ocrx_word' id='word_1_57' title='bbox 548 693 620 743; x_wconf 90' lang='grc' dir='ltr'><strong><em>τῆς</em></strong></span> <span class='ocrx_word' id='word_1_58' title='bbox 662 689 943 743; x_wconf 88' lang='grc' dir='ltr'><strong><em>προρρήσεως</em></strong></span> <span class='ocrx_word' id='word_1_59' title='bbox 983 686 1087 742; x_wconf 86' lang='grc' dir='ltr'><strong><em>μετὰ</em></strong></span> <span class='ocrx_word' id='word_1_60' title='bbox 1130 686 1201 728; x_wconf 89' lang='grc' dir='ltr'><strong><em>τὸν</em></strong></span> <span class='ocrx_word' id='word_1_61' title='bbox 1245 686 1358 741; x_wconf 82' lang='grc' dir='ltr'><strong><em>ἱερὸν</em></strong></span> <span class='ocrx_word' id='word_1_62' title='bbox 1395 685 1651 741; x_wconf 77' lang='grc' dir='ltr'><strong><em>Νικηφόρον</em></strong></span> <span class='ocrx_word' id='word_1_63' title='bbox 1688 685 1760 727; x_wconf 88' lang='grc' dir='ltr'><strong><em>τὸν</em></strong></span> 
     </span>
     <span class='ocr_line' id='line_1_8' title="bbox 260 754 1760 812; baseline -0.003 -13"><span class='ocrx_word' id='word_1_64' title='bbox 260 757 422 811; x_wconf 85' lang='grc' dir='ltr'><strong><em>θρόνον</em></strong></span> <span class='ocrx_word' id='word_1_65' title='bbox 451 762 524 812; x_wconf 89' lang='grc' dir='ltr'><strong><em>τῆς</em></strong></span> <span class='ocrx_word' id='word_1_66' title='bbox 555 756 1051 807; x_wconf 82' lang='grc' dir='ltr'><strong><em>Κωνσταντινουπόλεως.</em></strong></span> <span class='ocrx_word' id='word_1_67' title='bbox 1115 754 1154 798; x_wconf 85' lang='grc' dir='ltr'><em>ὦ</em></span> <span class='ocrx_word' id='word_1_68' title='bbox 1185 756 1291 797; x_wconf 85' lang='grc' dir='ltr'><strong><em>θεοῦ</em></strong></span> <span class='ocrx_word' id='word_1_69' title='bbox 1325 756 1543 810; x_wconf 88' lang='grc' dir='ltr'><strong><em>κριμάτων</em></strong></span> <span class='ocrx_word' id='word_1_70' title='bbox 1574 755 1760 809; x_wconf 83' lang='grc' dir='ltr'><strong><em>ἄβυσσος</em></strong></span> 
     </span>
     <span class='ocr_line' id='line_1_9' title="bbox 261 825 932 881; baseline -0.003 -13"><span class='ocrx_word' id='word_1_71' title='bbox 261 825 566 881; x_wconf 80' lang='grc' dir='ltr'><strong><em>ἇκατάληπτος·</em></strong></span> <span class='ocrx_word' id='word_1_72' title='bbox 597 825 701 880; x_wconf 86' lang='grc' dir='ltr'><strong><em>μετὰ</em></strong></span> <span class='ocrx_word' id='word_1_73' title='bbox 731 825 818 867; x_wconf 89' lang='grc' dir='ltr'><strong><em>τίνα</em></strong></span> <span class='ocrx_word' id='word_1_74' title='bbox 849 825 907 871; x_wconf 91' lang='grc' dir='ltr'><strong><em>τίς</em></strong></span> <span class='ocrx_word' id='word_1_75' title='bbox 917 841 932 874; x_wconf 85' lang='grc'><strong><em>,·</em></strong></span> 
     </span>
     <span class='ocr_line' id='line_1_10' title="bbox 371 891 1812 948; baseline -0.004 -12"><span class='ocrx_word' id='word_1_76' title='bbox 371 894 485 948; x_wconf 83' lang='grc' dir='ltr'><strong><em>Ἄρτι</em></strong></span> <span class='ocrx_word' id='word_1_77' title='bbox 522 891 559 936; x_wconf 85' lang='grc' dir='ltr'><strong><em>δ’</em></strong></span> <span class='ocrx_word' id='word_1_78' title='bbox 592 894 775 943; x_wconf 85' lang='grc' dir='ltr'><strong><em>ἀναξίως</em></strong></span> <span class='ocrx_word' id='word_1_79' title='bbox 816 897 889 948; x_wconf 88' lang='grc' dir='ltr'><strong><em>τῆς</em></strong></span> <span class='ocrx_word' id='word_1_80' title='bbox 932 894 1046 947; x_wconf 82' lang='grc' dir='ltr'><strong><em>ἱερᾶς</em></strong></span> <span class='ocrx_word' id='word_1_81' title='bbox 1087 893 1306 947; x_wconf 75' lang='grc' dir='ltr'><strong><em>καθέδρας</em></strong></span> <span class='ocrx_word' id='word_1_82' title='bbox 1343 891 1490 948; x_wconf 79' lang='grc' dir='ltr'><strong><em>ἐπιβὰς</em></strong></span> <span class='ocrx_word' id='word_1_83' title='bbox 1523 892 1548 934; x_wconf 84' lang='grc' dir='ltr'>ὁ</span> <span class='ocrx_word' id='word_1_84' title='bbox 1579 891 1812 940; x_wconf 82' lang='grc' dir='ltr'><strong><em>ἀνόσιος,11</em></strong></span> 
     </span>
     <span class='ocr_line' id='line_1_11' title="bbox 205 961 1760 1018; baseline 0.001 -17"><span class='ocrx_word' id='word_1_85' title='bbox 205 966 248 1002; x_wconf 90' lang='grc'><strong><em>10</em></strong></span> <span class='ocrx_word' id='word_1_86' title='bbox 261 962 348 1004; x_wconf 75' lang='grc' dir='ltr'><strong><em>ἐπεὶ</em></strong></span> <span class='ocrx_word' id='word_1_87' title='bbox 379 963 598 1018; x_wconf 86' lang='grc' dir='ltr'><strong><em>σύμπνουν</em></strong></span> <span class='ocrx_word' id='word_1_88' title='bbox 627 962 698 1004; x_wconf 84' lang='grc' dir='ltr'><strong><em>καὶ</em></strong></span> <span class='ocrx_word' id='word_1_89' title='bbox 728 962 800 1004; x_wconf 88' lang='grc' dir='ltr'><strong><em>τὸν</em></strong></span> <span class='ocrx_word' id='word_1_90' title='bbox 824 965 1057 1016; x_wconf 84' lang='grc' dir='ltr'><strong><em>κρατοῦντα</em></strong></span> <span class='ocrx_word' id='word_1_91' title='bbox 1086 962 1295 1016; x_wconf 79' lang='grc' dir='ltr'><strong><em>ἐκέκτητο,</em></strong></span> <span class='ocrx_word' id='word_1_92' title='bbox 1326 961 1760 1015; x_wconf 87' lang='grc' dir='ltr'><strong><em>πεπαρρησιασμένως</em></strong></span> 
     </span>
     <span class='ocr_line' id='line_1_12' title="bbox 261 1028 1820 1086; baseline -0.003 -13"><span class='ocrx_word' id='word_1_93' title='bbox 261 1030 336 1086; x_wconf 88' lang='grc' dir='ltr'><strong><em>τὴν</em></strong></span> <span class='ocrx_word' id='word_1_94' title='bbox 378 1032 484 1073; x_wconf 83' lang='grc' dir='ltr'><strong><em>κατὰ</em></strong></span> <span class='ocrx_word' id='word_1_95' title='bbox 527 1035 613 1073; x_wconf 86' lang='grc' dir='ltr'><strong><em>τῶν</em></strong></span> <span class='ocrx_word' id='word_1_96' title='bbox 657 1031 789 1085; x_wconf 80' lang='grc' dir='ltr'><strong><em>ἁγίων</em></strong></span> <span class='ocrx_word' id='word_1_97' title='bbox 832 1030 1010 1072; x_wconf 83' lang='grc' dir='ltr'><strong><em>εἰκόνων</em></strong></span> <span class='ocrx_word' id='word_1_98' title='bbox 1052 1030 1209 1084; x_wconf 83' lang='grc' dir='ltr'><strong><em>τόλμαν</em></strong></span> <span class='ocrx_word' id='word_1_99' title='bbox 1251 1030 1556 1084; x_wconf 85' lang='grc' dir='ltr'><strong><em>μετεχειρίζετο.</em></strong></span> <span class='ocrx_word' id='word_1_100' title='bbox 1625 1028 1697 1070; x_wconf 83' lang='grc' dir='ltr'><strong><em>καὶ</em></strong></span> <span class='ocrx_word' id='word_1_101' title='bbox 1734 1029 1820 1070; x_wconf 80' lang='grc'><strong><em>612</em></strong></span> 
     </span>
     <span class='ocr_line' id='line_1_13' title="bbox 261 1098 1758 1154; baseline -0.003 -12"><span class='ocrx_word' id='word_1_102' title='bbox 261 1099 388 1142; x_wconf 83' lang='grc' dir='ltr'><strong><em>Λέων</em></strong></span> <span class='ocrx_word' id='word_1_103' title='bbox 420 1100 466 1142; x_wconf 84' lang='grc' dir='ltr'><strong><em>δὲ</em></strong></span> <span class='ocrx_word' id='word_1_104' title='bbox 497 1100 559 1146; x_wconf 88' lang='grc' dir='ltr'><strong><em>ὡς</em></strong></span> <span class='ocrx_word' id='word_1_105' title='bbox 589 1100 742 1154; x_wconf 89' lang='grc' dir='ltr'><strong><em>θηρίον</em></strong></span> <span class='ocrx_word' id='word_1_106' title='bbox 772 1103 857 1145; x_wconf 83' lang='grc' dir='ltr'><strong><em>τοῖς</em></strong></span> <span class='ocrx_word' id='word_1_107' title='bbox 886 1098 960 1145; x_wconf 86' lang='grc' dir='ltr'><strong><em>τὰς</em></strong></span> <span class='ocrx_word' id='word_1_108' title='bbox 991 1098 1141 1144; x_wconf 84' lang='grc' dir='ltr'><strong><em>σεπτάς</em></strong></span> <span class='ocrx_word' id='word_1_109' title='bbox 1172 1099 1479 1153; x_wconf 79' lang='grc' dir='ltr'><strong><em>στηλογραφίας</em></strong></span> <span class='ocrx_word' id='word_1_110' title='bbox 1510 1101 1630 1152; x_wconf 88' lang='grc' dir='ltr'><strong><em>τιμᾶν</em></strong></span> <span class='ocrx_word' id='word_1_111' title='bbox 1663 1098 1758 1139; x_wconf 77' lang='grc' dir='ltr'><strong><em>ἑθέ-</em></strong></span> 
     </span>
     <span class='ocr_line' id='line_1_14' title="bbox 259 1165 1819 1223; baseline -0.003 -13"><span class='ocrx_word' id='word_1_112' title='bbox 259 1168 376 1210; x_wconf 82' lang='grc' dir='ltr'><strong><em>λουσι</em></strong></span> <span class='ocrx_word' id='word_1_113' title='bbox 405 1169 700 1223; x_wconf 84' lang='grc' dir='ltr'><strong><em>προσεφέρετο.</em></strong></span> <span class='ocrx_word' id='word_1_114' title='bbox 762 1167 945 1222; x_wconf 86' lang='grc' dir='ltr'><strong><em>ἠγρίαινε</em></strong></span> <span class='ocrx_word' id='word_1_115' title='bbox 977 1166 1057 1221; x_wconf 81' lang='grc' dir='ltr'><strong><em>γὰρ</em></strong></span> <span class='ocrx_word' id='word_1_116' title='bbox 1087 1171 1234 1208; x_wconf 86' lang='grc' dir='ltr'><strong><em>τοῦτον</em></strong></span> <span class='ocrx_word' id='word_1_117' title='bbox 1265 1167 1391 1213; x_wconf 84' lang='grc' dir='ltr'><strong><em>αὐτός</em></strong></span> <span class='ocrx_word' id='word_1_118' title='bbox 1421 1182 1463 1208; x_wconf 91' lang='grc' dir='ltr'><strong><em>τε</em></strong></span> <span class='ocrx_word' id='word_1_119' title='bbox 1494 1166 1518 1207; x_wconf 83' lang='grc' dir='ltr'>ὁ</span> <span class='ocrx_word' id='word_1_120' title='bbox 1550 1165 1759 1211; x_wconf 81' lang='grc' dir='ltr'><strong><em>Θεόδοτος</em></strong></span> <span class='ocrx_word' id='word_1_121' title='bbox 1773 1170 1819 1206; x_wconf 87' lang='grc'><strong><em>13</em></strong></span> 
     </span>
     <span class='ocr_line' id='line_1_15' title="bbox 259 1235 1808 1292; baseline -0.002 -14"><span class='ocrx_word' id='word_1_122' title='bbox 259 1236 331 1279; x_wconf 83' lang='grc' dir='ltr'><strong><em>καὶ</em></strong></span> <span class='ocrx_word' id='word_1_123' title='bbox 362 1237 387 1279; x_wconf 87' lang='grc' dir='ltr'>ὁ</span> <span class='ocrx_word' id='word_1_124' title='bbox 417 1240 502 1278; x_wconf 86' lang='grc' dir='ltr'><strong><em>τῶν</em></strong></span> <span class='ocrx_word' id='word_1_125' title='bbox 531 1241 594 1291; x_wconf 80' lang='grc' dir='ltr'><strong><em>τῷ</em></strong></span> <span class='ocrx_word' id='word_1_126' title='bbox 623 1236 828 1292; x_wconf 78' lang='grc' dir='ltr'><strong><em>βασιλικῷ</em></strong></span> <span class='ocrx_word' id='word_1_127' title='bbox 859 1239 1027 1277; x_wconf 85' lang='grc' dir='ltr'><strong><em>κοιτῶνι</em></strong></span> <span class='ocrx_word' id='word_1_128' title='bbox 1057 1235 1398 1290; x_wconf 83' lang='grc' dir='ltr'><strong><em>κεκληρωμένων</em></strong></span> <span class='ocrx_word' id='word_1_129' title='bbox 1435 1238 1658 1289; x_wconf 84' lang='grc' dir='ltr'><strong><em>τηνικαῦτα</em></strong></span> <span class='ocrx_word' id='word_1_130' title='bbox 1695 1235 1808 1275; x_wconf 87' lang='grc' dir='ltr'><strong><em>ὢνῙ)</em></strong></span> 
     </span>
     <span class='ocr_line' id='line_1_16' title="bbox 202 1302 1757 1360; baseline -0.003 -13"><span class='ocrx_word' id='word_1_131' title='bbox 202 1307 246 1343; x_wconf 86' lang='grc'><strong><em>15</em></strong></span> <span class='ocrx_word' id='word_1_132' title='bbox 259 1306 527 1360; x_wconf 81' lang='grc' dir='ltr'><strong><em>χορολέκτης,</em></strong></span> <span class='ocrx_word' id='word_1_133' title='bbox 571 1306 621 1347; x_wconf 88' lang='grc' dir='ltr'><strong><em>ὃν</em></strong></span> <span class='ocrx_word' id='word_1_134' title='bbox 662 1304 975 1359; x_wconf 80' lang='grc' dir='ltr'><strong><em>πρωτοψάλτην</em></strong></span> <span class='ocrx_word' id='word_1_135' title='bbox 1018 1304 1157 1346; x_wconf 81' lang='grc' dir='ltr'><strong><em>καλεῖν</em></strong></span> <span class='ocrx_word' id='word_1_136' title='bbox 1199 1303 1435 1358; x_wconf 82' lang='grc' dir='ltr'><strong><em>παρέλαβεν</em></strong></span> <span class='ocrx_word' id='word_1_137' title='bbox 1478 1304 1503 1358; x_wconf 85' lang='grc' dir='ltr'>ἡ</span> <span class='ocrx_word' id='word_1_138' title='bbox 1544 1302 1757 1357; x_wconf 84' lang='grc' dir='ltr'><strong><em>συνήθεια.</em></strong></span> 
     </span>
     <span class='ocr_line' id='line_1_17' title="bbox 260 1371 1818 1429; baseline -0.003 -13"><span class='ocrx_word' id='word_1_139' title='bbox 260 1373 383 1421; x_wconf 86' lang='grc' dir='ltr'><strong><em>οὗτος</em></strong></span> <span class='ocrx_word' id='word_1_140' title='bbox 413 1374 494 1429; x_wconf 87' lang='grc' dir='ltr'><strong><em>γὰρ</em></strong></span> <span class='ocrx_word' id='word_1_141' title='bbox 524 1378 597 1429; x_wconf 88' lang='grc' dir='ltr'><strong><em>τῆς</em></strong></span> <span class='ocrx_word' id='word_1_142' title='bbox 633 1377 720 1415; x_wconf 89' lang='grc' dir='ltr'><strong><em>τῶν</em></strong></span> <span class='ocrx_word' id='word_1_143' title='bbox 755 1373 1049 1427; x_wconf 87' lang='grc' dir='ltr'><strong><em>εἰκονομάχων</em></strong></span> <span class='ocrx_word' id='word_1_144' title='bbox 1088 1373 1290 1426; x_wconf 81' lang='grc' dir='ltr'><strong><em>αἱρέσεως</em></strong></span> <span class='ocrx_word' id='word_1_145' title='bbox 1326 1371 1400 1426; x_wconf 83' lang='grc' dir='ltr'><strong><em>τὴν</em></strong></span> <span class='ocrx_word' id='word_1_146' title='bbox 1435 1371 1620 1424; x_wconf 80' lang='grc' dir='ltr'><strong><em>θολερὰν</em></strong></span> <span class='ocrx_word' id='word_1_147' title='bbox 1656 1371 1756 1413; x_wconf 79' lang='grc' dir='ltr'><strong><em>ἀνα·</em></strong></span> <span class='ocrx_word' id='word_1_148' title='bbox 1773 1375 1818 1411; x_wconf 89' lang='grc'><strong><em>14</em></strong></span> 
     </span>
     <span class='ocr_line' id='line_1_18' title="bbox 47 1437 1758 1499; baseline -0.002 -15"><span class='ocrx_word' id='word_1_149' title='bbox 47 1447 84 1484; x_wconf 96' lang='lat' dir='ltr'><strong>D</strong></span> <span class='ocrx_word' id='word_1_150' title='bbox 103 1448 161 1484; x_wconf 91' lang='lat'><strong><em>111</em></strong></span> <span class='ocrx_word' id='word_1_151' title='bbox 175 1448 246 1485; x_wconf 78' lang='lat'><strong><em>385</em></strong></span> <span class='ocrx_word' id='word_1_152' title='bbox 258 1443 418 1499; x_wconf 86' lang='grc' dir='ltr'><strong><em>τροπὴν</em></strong></span> <span class='ocrx_word' id='word_1_153' title='bbox 460 1444 518 1490; x_wconf 85' lang='grc' dir='ltr'><strong><em>εἷς</em></strong></span> <span class='ocrx_word' id='word_1_154' title='bbox 554 1442 687 1497; x_wconf 87' lang='grc' dir='ltr'><strong><em>κόρον</em></strong></span> <span class='ocrx_word' id='word_1_155' title='bbox 723 1441 834 1484; x_wconf 89' lang='grc' dir='ltr'><strong><em>πιὼν</em></strong></span> <span class='ocrx_word' id='word_1_156' title='bbox 872 1442 1042 1496; x_wconf 79' lang='grc' dir='ltr'><strong><em>ἠρέθιζε</em></strong></span> <span class='ocrx_word' id='word_1_157' title='bbox 1079 1441 1151 1484; x_wconf 88' lang='grc' dir='ltr'><strong><em>τὸν</em></strong></span> <span class='ocrx_word' id='word_1_158' title='bbox 1187 1441 1358 1496; x_wconf 81' lang='grc' dir='ltr'><strong><em>βασιλέα</em></strong></span> <span class='ocrx_word' id='word_1_159' title='bbox 1388 1440 1655 1495; x_wconf 76' lang='grc' dir='ltr'><strong><em>πανταχόθεν</em></strong></span> <span class='ocrx_word' id='word_1_160' title='bbox 1685 1437 1758 1485; x_wconf 86' lang='grc' dir='ltr'><strong><em>τὰς</em></strong></span> 
     </span>
    </p>
   </div>
   <div class='ocr_carea' id='block_1_3' title="bbox 0 0 72 1068">
    <p class='ocr_par' dir='ltr' id='par_1_3' title="bbox 0 0 72 1068">
     <span class='ocr_line' id='line_1_19' title="bbox 0 0 72 1068; baseline 0 0"><span class='ocrx_word' id='word_1_161' title='bbox 0 0 72 1068; x_wconf 95' lang='lat' dir='ltr'><strong><em> </em></strong></span> 
     </span>
    </p>
   </div>
   <div class='ocr_carea' id='block_1_4' title="bbox 0 1557 1759 1833">
    <p class='ocr_par' dir='ltr' id='par_1_4' title="bbox 0 1557 1759 1833">
     <span class='ocr_line' id='line_1_20' title="bbox 7 1557 1759 1668; baseline -0.003 -35"><span class='ocrx_word' id='word_1_162' title='bbox 7 1557 30 1668; x_wconf 54' lang='grc' dir='ltr'><em>ἓ</em></span> <span class='ocrx_word' id='word_1_163' title='bbox 259 1597 305 1633; x_wconf 92' lang='grc'><strong><em>13</em></strong></span> <span class='ocrx_word' id='word_1_164' title='bbox 327 1596 409 1642; x_wconf 82' lang='grc' dir='ltr'><strong><em>περὶ</em></strong></span> <span class='ocrx_word' id='word_1_165' title='bbox 434 1601 494 1632; x_wconf 87' lang='grc' dir='ltr'><strong><em>τοῦ</em></strong></span> <span class='ocrx_word' id='word_1_166' title='bbox 518 1596 778 1642; x_wconf 79' lang='grc' dir='ltr'><strong><em>πρωτοψάλτου</em></strong></span> <span class='ocrx_word' id='word_1_167' title='bbox 804 1595 865 1631; x_wconf 82' lang='grc' dir='ltr'><strong><em>καὶ</em></strong></span> <span class='ocrx_word' id='word_1_168' title='bbox 890 1596 989 1635; x_wconf 86' lang='grc' dir='ltr'><strong><em>ὅπως</em></strong></span> <span class='ocrx_word' id='word_1_169' title='bbox 1014 1595 1159 1641; x_wconf 80' lang='grc' dir='ltr'><strong><em>ἠρέθιζε</em></strong></span> <span class='ocrx_word' id='word_1_170' title='bbox 1179 1595 1350 1641; x_wconf 75' lang='grc' dir='ltr'><strong><em>(ἦρέθησε</em></strong></span> <span class='ocrx_word' id='word_1_171' title='bbox 1369 1594 1415 1639; x_wconf 89' lang='grc' dir='ltr'><strong><em>Ε)</em></strong></span> <span class='ocrx_word' id='word_1_172' title='bbox 1435 1594 1492 1630; x_wconf 84' lang='grc' dir='ltr'><strong><em>τὸν</em></strong></span> <span class='ocrx_word' id='word_1_173' title='bbox 1507 1594 1651 1641; x_wconf 79' lang='grc' dir='ltr'><strong><em>βασιλέα</em></strong></span> <span class='ocrx_word' id='word_1_174' title='bbox 1668 1593 1759 1629; x_wconf 86' lang='grc' dir='ltr'><strong><em>κατὰ</em></strong></span> 
     </span>
     <span class='ocr_line' id='line_1_21' title="bbox 0 1643 729 1716; baseline -0.003 -35"><span class='ocrx_word' id='word_1_175' title='bbox 0 1662 23 1716; x_wconf 45' lang='grc' dir='ltr'><strong>ἒ</strong></span> <span class='ocrx_word' id='word_1_176' title='bbox 258 1649 328 1681; x_wconf 84' lang='grc' dir='ltr'><strong><em>τῶν</em></strong></span> <span class='ocrx_word' id='word_1_177' title='bbox 353 1645 464 1691; x_wconf 82' lang='grc' dir='ltr'><strong><em>ἁγίων</em></strong></span> <span class='ocrx_word' id='word_1_178' title='bbox 489 1645 640 1680; x_wconf 80' lang='grc' dir='ltr'><strong><em>εἰκόνων</em></strong></span> <span class='ocrx_word' id='word_1_179' title='bbox 666 1643 729 1680; x_wconf 83' lang='lat' dir='ltr'><strong><em>OE</em></strong></span> 
     </span>
     <span class='ocr_line' id='line_1_22' title="bbox 330 1785 1759 1833; baseline -0.003 -9"><span class='ocrx_word' id='word_1_180' title='bbox 330 1787 354 1824; x_wconf 87' lang='grc'>4</span> <span class='ocrx_word' id='word_1_181' title='bbox 377 1789 522 1824; x_wconf 79' lang='grc' dir='ltr'><strong><em>κεῖσθαί</em></strong></span> <span class='ocrx_word' id='word_1_182' title='bbox 543 1787 580 1823; x_wconf 95' lang='lat' dir='ltr'>D</span> <span class='ocrx_word' id='word_1_183' title='bbox 746 1787 956 1833; x_wconf 85' lang='grc' dir='ltr'><strong><em>προρήσεως</em></strong></span> <span class='ocrx_word' id='word_1_184' title='bbox 983 1788 1069 1830; x_wconf 85' lang='lat' dir='ltr'><strong>(sie)</strong></span> <span class='ocrx_word' id='word_1_185' title='bbox 1095 1785 1131 1821; x_wconf 91' lang='lat' dir='ltr'>A</span> <span class='ocrx_word' id='word_1_186' title='bbox 1297 1786 1318 1822; x_wconf 82' lang='grc'>5</span> <span class='ocrx_word' id='word_1_187' title='bbox 1344 1786 1513 1832; x_wconf 78' lang='grc' dir='ltr'><strong><em>ἐγνώρισε</em></strong></span> <span class='ocrx_word' id='word_1_188' title='bbox 1538 1786 1598 1822; x_wconf 82' lang='grc' dir='ltr'><strong><em>καὶ</em></strong></span> <span class='ocrx_word' id='word_1_189' title='bbox 1625 1796 1699 1820; x_wconf 88' lang='lat' dir='ltr'><strong><em>om.</em></strong></span> <span class='ocrx_word' id='word_1_190' title='bbox 1728 1785 1759 1820; x_wconf 87' lang='lat' dir='ltr'>E</span> 
     </span>
    </p>
   </div>
   <div class='ocr_carea' id='block_1_5' title="bbox 330 1833 1760 2216">
    <p class='ocr_par' dir='ltr' id='par_1_5' title="bbox 330 1833 1760 2216">
     <span class='ocr_line' id='line_1_23' title="bbox 332 1833 1758 1881; baseline -0.002 -10"><span class='ocrx_word' id='word_1_191' title='bbox 332 1836 364 1872; x_wconf 83' lang='grc'><strong><em>7.</em></strong></span> <span class='ocrx_word' id='word_1_192' title='bbox 383 1836 406 1872; x_wconf 90' lang='grc'>8</span> <span class='ocrx_word' id='word_1_193' title='bbox 430 1835 461 1871; x_wconf 88' lang='grc' dir='ltr'><strong><em>ὦ</em></strong></span> <span class='ocrx_word' id='word_1_194' title='bbox 488 1836 533 1878; x_wconf 89' lang='grc' dir='ltr'><strong><em>(ὢ</em></strong></span> <span class='ocrx_word' id='word_1_195' title='bbox 551 1834 621 1877; x_wconf 83' lang='lat' dir='ltr'><strong><em>Di)</em></strong></span> <span class='ocrx_word' id='word_1_196' title='bbox 647 1835 734 1871; x_wconf 88' lang='grc' dir='ltr'><strong><em>θεοῦ</em></strong></span> <span class='ocrx_word' id='word_1_197' title='bbox 759 1835 943 1880; x_wconf 84' lang='grc' dir='ltr'><strong><em>κριμάτων</em></strong></span> <span class='ocrx_word' id='word_1_198' title='bbox 972 1836 1126 1881; x_wconf 83' lang='grc' dir='ltr'><strong><em>ἄβυσσος</em></strong></span> <span class='ocrx_word' id='word_1_199' title='bbox 1151 1834 1395 1879; x_wconf 81' lang='grc' dir='ltr'><strong><em>ἀκατάληπτος</em></strong></span> <span class='ocrx_word' id='word_1_200' title='bbox 1413 1833 1553 1872; x_wconf 74' lang='lat' dir='ltr'>AEDw</span> <span class='ocrx_word' id='word_1_201' title='bbox 1587 1834 1653 1869; x_wconf 90' lang='lat' dir='ltr'><strong><em>Wo</em></strong></span> <span class='ocrx_word' id='word_1_202' title='bbox 1681 1834 1758 1876; x_wconf 68' lang='lat' dir='ltr'><strong>lat„</strong></span> 
     </span>
     <span class='ocr_line' id='line_1_24' title="bbox 331 1881 1759 1929; baseline -0.002 -10"><span class='ocrx_word' id='word_1_203' title='bbox 331 1883 363 1919; x_wconf 86' lang='grc' dir='ltr'><strong><em>ὦ</em></strong></span> <span class='ocrx_word' id='word_1_204' title='bbox 389 1883 434 1926; x_wconf 85' lang='grc' dir='ltr'><strong><em>(ὢ</em></strong></span> <span class='ocrx_word' id='word_1_205' title='bbox 452 1887 502 1926; x_wconf 82' lang='lat' dir='ltr'><strong><em>w)</em></strong></span> <span class='ocrx_word' id='word_1_206' title='bbox 528 1883 711 1928; x_wconf 75' lang='grc' dir='ltr'><strong><em>κριμιίτων</em></strong></span> <span class='ocrx_word' id='word_1_207' title='bbox 731 1883 897 1929; x_wconf 82' lang='grc' dir='ltr'><strong><em>ἀρρήτων</em></strong></span> <span class='ocrx_word' id='word_1_208' title='bbox 916 1888 976 1929; x_wconf 85' lang='grc' dir='ltr'><strong><em>τῆς</em></strong></span> <span class='ocrx_word' id='word_1_209' title='bbox 993 1883 1093 1921; x_wconf 82' lang='grc' dir='ltr'><strong><em>θείας</em></strong></span> <span class='ocrx_word' id='word_1_210' title='bbox 1108 1883 1274 1927; x_wconf 87' lang='grc' dir='ltr'><strong><em>προνοίας</em></strong></span> <span class='ocrx_word' id='word_1_211' title='bbox 1293 1882 1411 1928; x_wconf 81' lang='lat' dir='ltr'><strong><em>pr3</em></strong></span> <span class='ocrx_word' id='word_1_212' title='bbox 1439 1893 1475 1917; x_wconf 86' lang='lat' dir='ltr'><strong><em>V.</em></strong></span> <span class='ocrx_word' id='word_1_213' title='bbox 1495 1882 1547 1916; x_wconf 80' lang='lat' dir='ltr'><strong>ad</strong></span> <span class='ocrx_word' id='word_1_214' title='bbox 1566 1893 1603 1927; x_wconf 90' lang='lat' dir='ltr'><strong><em>p.</em></strong></span> <span class='ocrx_word' id='word_1_215' title='bbox 1630 1881 1711 1924; x_wconf 79' lang='lat'><strong><em>252,</em></strong></span> <span class='ocrx_word' id='word_1_216' title='bbox 1737 1882 1759 1916; x_wconf 86' lang='lat'><strong>7</strong></span> 
     </span>
     <span class='ocr_line' id='line_1_25' title="bbox 331 1929 1759 1977; baseline -0.002 -10"><span class='ocrx_word' id='word_1_217' title='bbox 331 1932 354 1967; x_wconf 87' lang='lat'>9</span> <span class='ocrx_word' id='word_1_218' title='bbox 379 1931 419 1966; x_wconf 82' lang='grc' dir='ltr'><strong><em>δὲ</em></strong></span> <span class='ocrx_word' id='word_1_219' title='bbox 444 1931 541 1977; x_wconf 80' lang='lat' dir='ltr'><strong>pr</strong></span> <span class='ocrx_word' id='word_1_220' title='bbox 630 1931 675 1966; x_wconf 91' lang='lat'><strong><em>10</em></strong></span> <span class='ocrx_word' id='word_1_221' title='bbox 699 1936 879 1976; x_wconf 84' lang='grc' dir='ltr'><strong><em>συμπνοῦν</em></strong></span> <span class='ocrx_word' id='word_1_222' title='bbox 905 1930 952 1976; x_wconf 74' lang='grc' dir='ltr'><strong><em>Ρ*</em></strong></span> <span class='ocrx_word' id='word_1_223' title='bbox 978 1931 1116 1966; x_wconf 79' lang='lat' dir='ltr'><strong>invitis</strong></span> <span class='ocrx_word' id='word_1_224' title='bbox 1140 1929 1250 1965; x_wconf 87' lang='lat' dir='ltr'><strong><em>ARw</em></strong></span> <span class='ocrx_word' id='word_1_225' title='bbox 1333 1929 1686 1975; x_wconf 83' lang='grc' dir='ltr'><strong><em>πεπαρρησιασμένος</em></strong></span> <span class='ocrx_word' id='word_1_226' title='bbox 1711 1929 1759 1975; x_wconf 85' lang='lat' dir='ltr'><strong><em>p*</em></strong></span> 
     </span>
     <span class='ocr_line' id='line_1_26' title="bbox 331 1977 1671 2024; baseline -0.002 -9"><span class='ocrx_word' id='word_1_227' title='bbox 331 1979 468 2015; x_wconf 80' lang='lat' dir='ltr'><strong>invitis</strong></span> <span class='ocrx_word' id='word_1_228' title='bbox 494 1977 601 2014; x_wconf 81' lang='lat' dir='ltr'><strong><em>ARW</em></strong></span> <span class='ocrx_word' id='word_1_229' title='bbox 699 1979 741 2014; x_wconf 85' lang='grc'><strong><em>11</em></strong></span> <span class='ocrx_word' id='word_1_230' title='bbox 767 1977 858 2015; x_wconf 83' lang='grc' dir='ltr'><strong><em>κατὰ</em></strong></span> <span class='ocrx_word' id='word_1_231' title='bbox 884 1989 959 2014; x_wconf 87' lang='lat' dir='ltr'><strong><em>om.</em></strong></span> <span class='ocrx_word' id='word_1_232' title='bbox 984 1977 1032 2023; x_wconf 86' lang='lat' dir='ltr'><strong><em>D,</em></strong></span> <span class='ocrx_word' id='word_1_233' title='bbox 1059 1978 1188 2024; x_wconf 80' lang='lat' dir='ltr'>suppl.</span> <span class='ocrx_word' id='word_1_234' title='bbox 1216 1977 1285 2016; x_wconf 84' lang='lat' dir='ltr'><strong><em>Dw</em></strong></span> <span class='ocrx_word' id='word_1_235' title='bbox 1382 1979 1608 2023; x_wconf 79' lang='grc' dir='ltr'><strong><em>διεχειρίζετο</em></strong></span> <span class='ocrx_word' id='word_1_236' title='bbox 1635 1977 1671 2012; x_wconf 95' lang='lat' dir='ltr'>D</span> 
     </span>
     <span class='ocr_line' id='line_1_27' title="bbox 333 2025 1759 2072; baseline -0.002 -10"><span class='ocrx_word' id='word_1_237' title='bbox 333 2027 377 2062; x_wconf 79' lang='lat'><strong><em>12</em></strong></span> <span class='ocrx_word' id='word_1_238' title='bbox 402 2025 673 2072; x_wconf 81' lang='grc' dir='ltr'><strong><em>στηλογραφίας]</em></strong></span> <span class='ocrx_word' id='word_1_239' title='bbox 699 2026 836 2066; x_wconf 77' lang='grc' dir='ltr'><strong><em>εἰκόνας</em></strong></span> <span class='ocrx_word' id='word_1_240' title='bbox 863 2025 903 2070; x_wconf 89' lang='lat' dir='ltr'><strong><em>C,</em></strong></span> <span class='ocrx_word' id='word_1_241' title='bbox 931 2025 1002 2062; x_wconf 82' lang='lat' dir='ltr'><strong>sed</strong></span> <span class='ocrx_word' id='word_1_242' title='bbox 1031 2039 1085 2071; x_wconf 84' lang='grc' dir='ltr'><strong><em>γρ.</em></strong></span> <span class='ocrx_word' id='word_1_243' title='bbox 1112 2026 1370 2071; x_wconf 79' lang='grc' dir='ltr'><strong><em>στηλογραφίας</em></strong></span> <span class='ocrx_word' id='word_1_244' title='bbox 1397 2025 1461 2064; x_wconf 84' lang='lat' dir='ltr'><strong><em>Cm</em></strong></span> <span class='ocrx_word' id='word_1_245' title='bbox 1552 2026 1596 2061; x_wconf 92' lang='lat'><strong><em>13</em></strong></span> <span class='ocrx_word' id='word_1_246' title='bbox 1622 2039 1657 2059; x_wconf 89' lang='grc' dir='ltr'><strong><em>τε</em></strong></span> <span class='ocrx_word' id='word_1_247' title='bbox 1683 2035 1759 2060; x_wconf 86' lang='lat' dir='ltr'><strong><em>om.</em></strong></span> 
     </span>
     <span class='ocr_line' id='line_1_28' title="bbox 333 2073 1760 2121; baseline -0.002 -11"><span class='ocrx_word' id='word_1_248' title='bbox 333 2075 428 2121; x_wconf 84' lang='lat' dir='ltr'><strong><em>Ewp</em></strong></span> <span class='ocrx_word' id='word_1_249' title='bbox 527 2074 572 2110; x_wconf 84' lang='lat'><strong><em>15</em></strong></span> <span class='ocrx_word' id='word_1_250' title='bbox 598 2076 688 2120; x_wconf 78' lang='lat' dir='ltr'><strong>post</strong></span> <span class='ocrx_word' id='word_1_251' title='bbox 711 2074 925 2119; x_wconf 80' lang='grc' dir='ltr'><strong><em>χορολέκτης</em></strong></span> <span class='ocrx_word' id='word_1_252' title='bbox 951 2073 1044 2109; x_wconf 83' lang='lat' dir='ltr'><strong>add.</strong></span> <span class='ocrx_word' id='word_1_253' title='bbox 1070 2074 1091 2119; x_wconf 90' lang='grc' dir='ltr'><em>ἢ</em></span> <span class='ocrx_word' id='word_1_254' title='bbox 1117 2073 1300 2119; x_wconf 84' lang='grc' dir='ltr'><strong><em>χοράρχης</em></strong></span> <span class='ocrx_word' id='word_1_255' title='bbox 1327 2073 1424 2119; x_wconf 92' lang='lat' dir='ltr'><strong>pr</strong></span> <span class='ocrx_word' id='word_1_256' title='bbox 1506 2073 1682 2119; x_wconf 78' lang='grc' dir='ltr'><strong><em>παρέλαβε</em></strong></span> <span class='ocrx_word' id='word_1_257' title='bbox 1698 2086 1760 2107; x_wconf 83' lang='grc' dir='ltr'><strong><em>κα-</em></strong></span> 
     </span>
     <span class='ocr_line' id='line_1_29' title="bbox 330 2119 1760 2168; baseline -0.001 -11"><span class='ocrx_word' id='word_1_258' title='bbox 330 2123 402 2157; x_wconf 79' lang='grc' dir='ltr'><strong><em>λεῖν</em></strong></span> <span class='ocrx_word' id='word_1_259' title='bbox 421 2122 519 2168; x_wconf 85' lang='lat' dir='ltr'><strong>pr</strong></span> <span class='ocrx_word' id='word_1_260' title='bbox 595 2122 639 2157; x_wconf 86' lang='grc'><strong><em>16</em></strong></span> <span class='ocrx_word' id='word_1_261' title='bbox 657 2121 757 2161; x_wconf 83' lang='grc' dir='ltr'><strong><em>οὗτος</em></strong></span> <span class='ocrx_word' id='word_1_262' title='bbox 775 2120 856 2166; x_wconf 84' lang='lat' dir='ltr'><strong><em>AR,</em></strong></span> <span class='ocrx_word' id='word_1_263' title='bbox 884 2122 971 2167; x_wconf 85' lang='lat' dir='ltr'><strong>qui:</strong></span> <span class='ocrx_word' id='word_1_264' title='bbox 1003 2121 1071 2157; x_wconf 87' lang='lat' dir='ltr'><strong><em>Wo</em></strong></span> <span class='ocrx_word' id='word_1_265' title='bbox 1099 2121 1177 2163; x_wconf 74' lang='lat' dir='ltr'><strong>lat„</strong></span> <span class='ocrx_word' id='word_1_266' title='bbox 1203 2122 1315 2160; x_wconf 83' lang='grc' dir='ltr'><strong><em>οὕτως</em></strong></span> <span class='ocrx_word' id='word_1_267' title='bbox 1336 2119 1479 2167; x_wconf 74' lang='grc' dir='ltr'><strong><em>νν*[)ὒί</em></strong></span> <span class='ocrx_word' id='word_1_268' title='bbox 1557 2119 1632 2165; x_wconf 83' lang='grc' dir='ltr'><strong><em>τῆς]</em></strong></span> <span class='ocrx_word' id='word_1_269' title='bbox 1650 2119 1712 2165; x_wconf 86' lang='grc' dir='ltr'><strong><em>τὴν</em></strong></span> <span class='ocrx_word' id='word_1_270' title='bbox 1731 2119 1760 2156; x_wconf 92' lang='lat' dir='ltr'>C</span> 
     </span>
     <span class='ocr_line' id='line_1_30' title="bbox 379 2167 1759 2216; baseline -0.002 -10"><span class='ocrx_word' id='word_1_271' title='bbox 379 2169 441 2216; x_wconf 78' lang='grc' dir='ltr'><strong><em>τὴν</em></strong></span> <span class='ocrx_word' id='word_1_272' title='bbox 456 2169 575 2206; x_wconf 88' lang='lat' dir='ltr'><strong>om.D</strong></span> <span class='ocrx_word' id='word_1_273' title='bbox 651 2169 694 2205; x_wconf 82' lang='grc'><strong><em>17</em></strong></span> <span class='ocrx_word' id='word_1_274' title='bbox 706 2174 807 2205; x_wconf 83' lang='grc' dir='ltr'><strong><em>ποῶν</em></strong></span> <span class='ocrx_word' id='word_1_275' title='bbox 818 2173 1016 2205; x_wconf 79' lang='lat' dir='ltr'><strong>mutatum</strong></span> <span class='ocrx_word' id='word_1_276' title='bbox 1032 2179 1084 2205; x_wconf 76' lang='lat' dir='ltr'><strong>ex</strong></span> <span class='ocrx_word' id='word_1_277' title='bbox 1097 2173 1211 2204; x_wconf 85' lang='grc' dir='ltr'><strong><em>ποιῶν</em></strong></span> <span class='ocrx_word' id='word_1_278' title='bbox 1226 2169 1273 2214; x_wconf 92' lang='lat' dir='ltr'><strong><em>D,</em></strong></span> <span class='ocrx_word' id='word_1_279' title='bbox 1289 2179 1390 2205; x_wconf 81' lang='lat' dir='ltr'><strong>corr.</strong></span> <span class='ocrx_word' id='word_1_280' title='bbox 1401 2168 1468 2207; x_wconf 88' lang='lat' dir='ltr'><strong><em>Dw</em></strong></span> <span class='ocrx_word' id='word_1_281' title='bbox 1541 2169 1715 2204; x_wconf 81' lang='grc' dir='ltr'><strong><em>πάντοθεν</em></strong></span> <span class='ocrx_word' id='word_1_282' title='bbox 1727 2167 1759 2204; x_wconf 91' lang='lat' dir='ltr'>O</span> 
     </span>
    </p>
   </div>
   <div class='ocr_carea' id='block_1_6' title="bbox 261 2323 1820 2943">
    <p class='ocr_par' dir='ltr' id='par_1_6' title="bbox 261 2323 1820 2943">
     <span class='ocr_line' id='line_1_31' title="bbox 262 2323 1760 2370; baseline -0.001 -10"><span class='ocrx_word' id='word_1_283' title='bbox 262 2325 432 2370; x_wconf 82' lang='lat' dir='ltr'><strong>dixerat,</strong></span> <span class='ocrx_word' id='word_1_284' title='bbox 470 2325 620 2370; x_wconf 78' lang='lat' dir='ltr'>agnitis</span> <span class='ocrx_word' id='word_1_285' title='bbox 651 2325 808 2361; x_wconf 83' lang='lat' dir='ltr'><strong>seducit</strong></span> <span class='ocrx_word' id='word_1_286' title='bbox 839 2325 972 2360; x_wconf 88' lang='lat' dir='ltr'><strong>virum</strong></span> <span class='ocrx_word' id='word_1_287' title='bbox 1004 2323 1166 2370; x_wconf 82' lang='lat' dir='ltr'><strong>fideque</strong></span> <span class='ocrx_word' id='word_1_288' title='bbox 1200 2324 1296 2359; x_wconf 84' lang='lat' dir='ltr'><strong>data</strong></span> <span class='ocrx_word' id='word_1_289' title='bbox 1322 2327 1361 2359; x_wconf 89' lang='lat' dir='ltr'><strong><em>et</em></strong></span> <span class='ocrx_word' id='word_1_290' title='bbox 1387 2327 1556 2369; x_wconf 85' lang='lat' dir='ltr'><strong>accepta</strong></span> <span class='ocrx_word' id='word_1_291' title='bbox 1586 2333 1760 2369; x_wconf 81' lang='lat' dir='ltr'><strong>regnum</strong></span> 
     </span>
     <span class='ocr_line' id='line_1_32' title="bbox 261 2372 1756 2419; baseline -0.001 -11"><span class='ocrx_word' id='word_1_292' title='bbox 261 2374 298 2409; x_wconf 86' lang='lat' dir='ltr'><strong><em>ei</em></strong></span> <span class='ocrx_word' id='word_1_293' title='bbox 330 2373 600 2419; x_wconf 79' lang='lat' dir='ltr'><strong>praenuntiat,</strong></span> <span class='ocrx_word' id='word_1_294' title='bbox 637 2372 747 2418; x_wconf 89' lang='lat' dir='ltr'><strong>quod</strong></span> <span class='ocrx_word' id='word_1_295' title='bbox 778 2372 915 2407; x_wconf 87' lang='lat' dir='ltr'><strong>divino</strong></span> <span class='ocrx_word' id='word_1_296' title='bbox 948 2372 1091 2407; x_wconf 81' lang='lat' dir='ltr'><strong>afflatu</strong></span> <span class='ocrx_word' id='word_1_297' title='bbox 1123 2372 1394 2416; x_wconf 77' lang='lat' dir='ltr'><strong>cognovisset,</strong></span> <span class='ocrx_word' id='word_1_298' title='bbox 1433 2372 1613 2417; x_wconf 86' lang='lat' dir='ltr'><strong>petitque</strong></span> <span class='ocrx_word' id='word_1_299' title='bbox 1648 2381 1756 2416; x_wconf 82' lang='lat' dir='ltr'><strong>prae·</strong></span> 
     </span>
     <span class='ocr_line' id='line_1_33' title="bbox 262 2417 1820 2466; baseline -0.002 -10"><span class='ocrx_word' id='word_1_300' title='bbox 262 2420 448 2456; x_wconf 76' lang='lat' dir='ltr'><strong>dictionis</strong></span> <span class='ocrx_word' id='word_1_301' title='bbox 481 2423 571 2466; x_wconf 87' lang='lat' dir='ltr'><strong>post</strong></span> <span class='ocrx_word' id='word_1_302' title='bbox 603 2423 792 2456; x_wconf 85' lang='lat' dir='ltr'><strong>eventum</strong></span> <span class='ocrx_word' id='word_1_303' title='bbox 828 2420 1208 2455; x_wconf 77' lang='lat' dir='ltr'><strong>remunerationem.</strong></span> <span class='ocrx_word' id='word_1_304' title='bbox 1259 2419 1346 2454; x_wconf 86' lang='lat' dir='ltr'><strong><em>Hoc</em></strong></span> <span class='ocrx_word' id='word_1_305' title='bbox 1379 2426 1498 2464; x_wconf 84' lang='lat' dir='ltr'><strong>paeto</strong></span> <span class='ocrx_word' id='word_1_306' title='bbox 1525 2418 1760 2454; x_wconf 80' lang='lat' dir='ltr'><strong>Theodotus</strong></span> <span class='ocrx_word' id='word_1_307' title='bbox 1776 2417 1820 2452; x_wconf 85' lang='lat'><strong><em>10</em></strong></span> 
     </span>
     <span class='ocr_line' id='line_1_34' title="bbox 262 2466 1759 2512; baseline -0.002 -8"><span class='ocrx_word' id='word_1_308' title='bbox 262 2469 436 2504; x_wconf 88' lang='lat' dir='ltr'><strong>innotuit</strong></span> <span class='ocrx_word' id='word_1_309' title='bbox 461 2472 501 2503; x_wconf 88' lang='lat' dir='ltr'><strong><em>et</em></strong></span> <span class='ocrx_word' id='word_1_310' title='bbox 528 2468 734 2503; x_wconf 81' lang='lat' dir='ltr'><strong>familiaris</strong></span> <span class='ocrx_word' id='word_1_311' title='bbox 762 2469 894 2503; x_wconf 79' lang='lat' dir='ltr'><strong>factus</strong></span> <span class='ocrx_word' id='word_1_312' title='bbox 928 2471 988 2503; x_wconf 82' lang='lat' dir='ltr'><strong><em>est</em></strong></span> <span class='ocrx_word' id='word_1_313' title='bbox 1014 2466 1140 2502; x_wconf 81' lang='lat' dir='ltr'>Leoni</span> <span class='ocrx_word' id='word_1_314' title='bbox 1175 2471 1214 2502; x_wconf 89' lang='lat' dir='ltr'><strong><em>et</em></strong></span> <span class='ocrx_word' id='word_1_315' title='bbox 1246 2473 1332 2512; x_wconf 79' lang='lat' dir='ltr'><strong>post</strong></span> <span class='ocrx_word' id='word_1_316' title='bbox 1367 2470 1544 2502; x_wconf 88' lang='lat' dir='ltr'><strong>amotum</strong></span> <span class='ocrx_word' id='word_1_317' title='bbox 1577 2468 1759 2501; x_wconf 85' lang='lat' dir='ltr'><strong>sanctum</strong></span> 
     </span>
     <span class='ocr_line' id='line_1_35' title="bbox 261 2513 1759 2562; baseline -0.003 -10"><span class='ocrx_word' id='word_1_318' title='bbox 261 2515 530 2562; x_wconf 85' lang='lat' dir='ltr'>Nicephorum</span> <span class='ocrx_word' id='word_1_319' title='bbox 562 2516 651 2551; x_wconf 90' lang='lat' dir='ltr'><strong>vice</strong></span> <span class='ocrx_word' id='word_1_320' title='bbox 677 2515 1013 2551; x_wconf 78' lang='lat' dir='ltr'><strong>remunerationis</strong></span> <span class='ocrx_word' id='word_1_321' title='bbox 1045 2515 1179 2549; x_wconf 80' lang='lat' dir='ltr'><strong>sedem</strong></span> <span class='ocrx_word' id='word_1_322' title='bbox 1208 2513 1459 2562; x_wconf 82' lang='lat' dir='ltr'><strong>Cpolitanam</strong></span> <span class='ocrx_word' id='word_1_323' title='bbox 1494 2514 1676 2549; x_wconf 81' lang='lat' dir='ltr'><strong>obtinuit.</strong></span> <span class='ocrx_word' id='word_1_324' title='bbox 1728 2513 1759 2549; x_wconf 94' lang='lat' dir='ltr'>O</span> 
     </span>
     <span class='ocr_line' id='line_1_36' title="bbox 262 2561 1759 2609; baseline -0.002 -10"><span class='ocrx_word' id='word_1_325' title='bbox 262 2563 502 2599; x_wconf 79' lang='lat' dir='ltr'><strong>iudiciorum</strong></span> <span class='ocrx_word' id='word_1_326' title='bbox 530 2563 594 2599; x_wconf 89' lang='lat' dir='ltr'><strong><em>dei</em></strong></span> <span class='ocrx_word' id='word_1_327' title='bbox 621 2564 813 2609; x_wconf 70' lang='lat' dir='ltr'><strong>abyssum</strong></span> <span class='ocrx_word' id='word_1_328' title='bbox 840 2562 1302 2608; x_wconf 81' lang='lat' dir='ltr'><strong>incomprehensibilem3</strong></span> <span class='ocrx_word' id='word_1_329' title='bbox 1331 2562 1395 2597; x_wconf 91' lang='lat' dir='ltr'><strong><em>eui</em></strong></span> <span class='ocrx_word' id='word_1_330' title='bbox 1423 2562 1512 2607; x_wconf 86' lang='lat' dir='ltr'><strong>quis</strong></span> <span class='ocrx_word' id='word_1_331' title='bbox 1538 2561 1759 2597; x_wconf 79' lang='lat' dir='ltr'><strong>suecessit?</strong></span> 
     </span>
     <span class='ocr_line' id='line_1_37' title="bbox 382 2607 1817 2654; baseline -0.003 -7"><span class='ocrx_word' id='word_1_332' title='bbox 382 2609 568 2647; x_wconf 85' lang='lat' dir='ltr'><strong>Ceterum</strong></span> <span class='ocrx_word' id='word_1_333' title='bbox 587 2610 833 2654; x_wconf 78' lang='lat' dir='ltr'><strong>Theodotus,</strong></span> <span class='ocrx_word' id='word_1_334' title='bbox 860 2611 977 2646; x_wconf 87' lang='lat' dir='ltr'><strong>homo</strong></span> <span class='ocrx_word' id='word_1_335' title='bbox 996 2610 1060 2645; x_wconf 88' lang='lat' dir='ltr'><strong>ille</strong></span> <span class='ocrx_word' id='word_1_336' title='bbox 1080 2610 1271 2652; x_wconf 81' lang='lat' dir='ltr'><strong>nefarius,</strong></span> <span class='ocrx_word' id='word_1_337' title='bbox 1294 2620 1410 2645; x_wconf 84' lang='lat' dir='ltr'><strong>saera</strong></span> <span class='ocrx_word' id='word_1_338' title='bbox 1429 2608 1621 2644; x_wconf 81' lang='lat' dir='ltr'><strong>cathedra</strong></span> <span class='ocrx_word' id='word_1_339' title='bbox 1641 2609 1758 2644; x_wconf 87' lang='lat' dir='ltr'><strong>modo</strong></span> <span class='ocrx_word' id='word_1_340' title='bbox 1776 2607 1817 2643; x_wconf 83' lang='lat'><strong><em>11</em></strong></span> 
     </span>
     <span class='ocr_line' id='line_1_38' title="bbox 262 2657 1759 2704; baseline -0.002 -10"><span class='ocrx_word' id='word_1_341' title='bbox 262 2658 430 2704; x_wconf 86' lang='lat' dir='ltr'><strong>indigne</strong></span> <span class='ocrx_word' id='word_1_342' title='bbox 454 2669 675 2694; x_wconf 85' lang='lat' dir='ltr'><strong>conscensa</strong></span> <span class='ocrx_word' id='word_1_343' title='bbox 701 2669 791 2694; x_wconf 87' lang='lat' dir='ltr'><strong>eum</strong></span> <span class='ocrx_word' id='word_1_344' title='bbox 812 2662 851 2694; x_wconf 92' lang='lat' dir='ltr'><strong><em>et</em></strong></span> <span class='ocrx_word' id='word_1_345' title='bbox 869 2659 1151 2703; x_wconf 82' lang='lat' dir='ltr'><strong>imperatorem</strong></span> <span class='ocrx_word' id='word_1_346' title='bbox 1172 2657 1339 2693; x_wconf 81' lang='lat' dir='ltr'><strong>haberet</strong></span> <span class='ocrx_word' id='word_1_347' title='bbox 1364 2657 1687 2701; x_wconf 76' lang='lat' dir='ltr'><strong>suffragatorem,</strong></span> <span class='ocrx_word' id='word_1_348' title='bbox 1719 2657 1759 2691; x_wconf 85' lang='lat' dir='ltr'><strong><em>in</em></strong></span> 
     </span>
     <span class='ocr_line' id='line_1_39' title="bbox 262 2703 1820 2752; baseline -0.003 -10"><span class='ocrx_word' id='word_1_349' title='bbox 262 2716 400 2741; x_wconf 75' lang='lat' dir='ltr'><strong>sacras</strong></span> <span class='ocrx_word' id='word_1_350' title='bbox 426 2706 625 2752; x_wconf 76' lang='lat' dir='ltr'><strong>imagines</strong></span> <span class='ocrx_word' id='word_1_351' title='bbox 651 2706 847 2742; x_wconf 78' lang='lat' dir='ltr'><strong>audacter</strong></span> <span class='ocrx_word' id='word_1_352' title='bbox 874 2710 934 2741; x_wconf 85' lang='lat' dir='ltr'><strong><em>est</em></strong></span> <span class='ocrx_word' id='word_1_353' title='bbox 959 2710 1180 2751; x_wconf 75' lang='lat' dir='ltr'><strong>grassatus.</strong></span> <span class='ocrx_word' id='word_1_354' title='bbox 1231 2704 1314 2740; x_wconf 85' lang='lat' dir='ltr'><strong>Leo</strong></span> <span class='ocrx_word' id='word_1_355' title='bbox 1334 2706 1425 2740; x_wconf 86' lang='lat' dir='ltr'><strong>item</strong></span> <span class='ocrx_word' id='word_1_356' title='bbox 1446 2715 1526 2747; x_wconf 80' lang='lat' dir='ltr'><strong>eos,</strong></span> <span class='ocrx_word' id='word_1_357' title='bbox 1554 2704 1622 2749; x_wconf 84' lang='lat' dir='ltr'><strong><em>qui</em></strong></span> <span class='ocrx_word' id='word_1_358' title='bbox 1644 2703 1820 2739; x_wconf 75' lang='lat' dir='ltr'><strong>vene-12</strong></span> 
     </span>
     <span class='ocr_line' id='line_1_40' title="bbox 263 2751 1820 2795; baseline -0.001 -7"><span class='ocrx_word' id='word_1_359' title='bbox 263 2753 412 2789; x_wconf 85' lang='lat' dir='ltr'><strong>randas</strong></span> <span class='ocrx_word' id='word_1_360' title='bbox 441 2757 598 2789; x_wconf 83' lang='lat' dir='ltr'><strong>statuas</strong></span> <span class='ocrx_word' id='word_1_361' title='bbox 629 2754 829 2789; x_wconf 82' lang='lat' dir='ltr'><strong>honorare</strong></span> <span class='ocrx_word' id='word_1_362' title='bbox 857 2753 1015 2795; x_wconf 85' lang='lat' dir='ltr'><strong>vellent,</strong></span> <span class='ocrx_word' id='word_1_363' title='bbox 1054 2754 1179 2788; x_wconf 76' lang='lat' dir='ltr'><strong>instar</strong></span> <span class='ocrx_word' id='word_1_364' title='bbox 1213 2753 1372 2788; x_wconf 77' lang='lat' dir='ltr'><strong>belluae</strong></span> <span class='ocrx_word' id='word_1_365' title='bbox 1410 2752 1627 2795; x_wconf 77' lang='lat' dir='ltr'><strong>tractabat3</strong></span> <span class='ocrx_word' id='word_1_366' title='bbox 1666 2762 1758 2787; x_wconf 87' lang='lat' dir='ltr'><strong><em>uam</em></strong></span> <span class='ocrx_word' id='word_1_367' title='bbox 1778 2751 1820 2787; x_wconf 89' lang='lat'><strong><em>13</em></strong></span> 
     </span>
     <span class='ocr_line' id='line_1_41' title="bbox 263 2799 1758 2847; baseline -0.002 -10"><span class='ocrx_word' id='word_1_368' title='bbox 263 2806 303 2838; x_wconf 82' lang='lat' dir='ltr'><strong><em>et</em></strong></span> <span class='ocrx_word' id='word_1_369' title='bbox 327 2811 352 2836; x_wconf 80' lang='lat' dir='ltr'><strong><em>a</em></strong></span> <span class='ocrx_word' id='word_1_370' title='bbox 378 2800 588 2837; x_wconf 83' lang='lat' dir='ltr'><strong>Theodoto</strong></span> <span class='ocrx_word' id='word_1_371' title='bbox 614 2802 701 2847; x_wconf 81' lang='lat' dir='ltr'><strong>ipso</strong></span> <span class='ocrx_word' id='word_1_372' title='bbox 729 2802 1051 2847; x_wconf 73' lang='lat' dir='ltr'><strong>exasperabatur</strong></span> <span class='ocrx_word' id='word_1_373' title='bbox 1084 2806 1122 2835; x_wconf 93' lang='lat' dir='ltr'><strong><em>et</em></strong></span> <span class='ocrx_word' id='word_1_374' title='bbox 1155 2811 1179 2835; x_wconf 85' lang='lat' dir='ltr'><strong><em>a</em></strong></span> <span class='ocrx_word' id='word_1_375' title='bbox 1213 2802 1418 2846; x_wconf 80' lang='lat' dir='ltr'><strong>praefecto</strong></span> <span class='ocrx_word' id='word_1_376' title='bbox 1453 2799 1547 2834; x_wconf 79' lang='lat' dir='ltr'><strong>cleri</strong></span> <span class='ocrx_word' id='word_1_377' title='bbox 1580 2799 1758 2845; x_wconf 80' lang='lat' dir='ltr'><strong>palatini,</strong></span> 
     </span>
     <span class='ocr_line' id='line_1_42' title="bbox 264 2847 1819 2895; baseline -0.001 -11"><span class='ocrx_word' id='word_1_378' title='bbox 264 2858 382 2894; x_wconf 84' lang='lat' dir='ltr'><strong>quem</strong></span> <span class='ocrx_word' id='word_1_379' title='bbox 410 2849 696 2895; x_wconf 85' lang='lat' dir='ltr'><strong>protopsaitem</strong></span> <span class='ocrx_word' id='word_1_380' title='bbox 724 2850 862 2884; x_wconf 81' lang='lat' dir='ltr'><strong>vocari</strong></span> <span class='ocrx_word' id='word_1_381' title='bbox 891 2853 1096 2894; x_wconf 73' lang='lat' dir='ltr'><strong>receptum</strong></span> <span class='ocrx_word' id='word_1_382' title='bbox 1125 2852 1195 2883; x_wconf 69' lang='lat' dir='ltr'><strong>est.</strong></span> <span class='ocrx_word' id='word_1_383' title='bbox 1246 2848 1321 2890; x_wconf 80' lang='lat' dir='ltr'><strong>Qui</strong></span> <span class='ocrx_word' id='word_1_384' title='bbox 1349 2857 1439 2882; x_wconf 84' lang='lat' dir='ltr'><strong>eum</strong></span> <span class='ocrx_word' id='word_1_385' title='bbox 1468 2852 1602 2882; x_wconf 83' lang='lat' dir='ltr'><strong>sectae</strong></span> <span class='ocrx_word' id='word_1_386' title='bbox 1627 2847 1819 2883; x_wconf 76' lang='lat' dir='ltr'><strong>icone-14</strong></span> 
     </span>
     <span class='ocr_line' id='line_1_43' title="bbox 263 2894 1759 2943; baseline -0.001 -11"><span class='ocrx_word' id='word_1_387' title='bbox 263 2897 496 2933; x_wconf 84' lang='lat' dir='ltr'><strong>machorum</strong></span> <span class='ocrx_word' id='word_1_388' title='bbox 523 2896 724 2933; x_wconf 83' lang='lat' dir='ltr'><strong>turbidam</strong></span> <span class='ocrx_word' id='word_1_389' title='bbox 746 2897 1052 2943; x_wconf 80' lang='lat' dir='ltr'><strong>perversitatem</strong></span> <span class='ocrx_word' id='word_1_390' title='bbox 1072 2895 1124 2931; x_wconf 87' lang='lat' dir='ltr'><strong><em>ad</em></strong></span> <span class='ocrx_word' id='word_1_391' title='bbox 1141 2896 1367 2932; x_wconf 82' lang='lat' dir='ltr'><strong>satietatem</strong></span> <span class='ocrx_word' id='word_1_392' title='bbox 1386 2894 1595 2940; x_wconf 79' lang='lat' dir='ltr'><strong>hausisset,</strong></span> <span class='ocrx_word' id='word_1_393' title='bbox 1621 2905 1759 2941; x_wconf 84' lang='lat' dir='ltr'><strong>regem</strong></span> 
     </span>
    </p>
   </div>
  </div>
 </body>
</html>
