2054 3282
354 263 424 301 130
759 258 941 299 zoNAR.
968 257 1099 297 ΕΡΙΤ.
1126 255 1217 296 xiv
1243 258 1276 305 2,
1304 258 1455 295 13-28.

294 390 339 425 14
351 386 489 441 ῄεσαν.
552 386 577 427 ὁ
616 385 661 426 δὲ
700 384 948 429 Βασιλίσκος
979 382 1201 436 Ἁρμάτιον
1239 380 1310 422 τὸν
1347 381 1499 422 οἰκεῖον
1537 381 1710 436 ἀνεψιὸν
1747 380 1850 436 μετὰ

293 458 338 494 15
353 457 438 496 τῶν
475 453 705 509 Θρᾳκικῶν
735 452 960 507 ταγμάτων
999 450 1148 492 στέλλει
1187 449 1293 491 κατὰ
1332 453 1406 490 τοῦ
1439 449 1658 504 Ζήνωνος·
1701 451 1774 491 καὶ
1803 451 1852 497 ὃς

352 524 609 578 συναντήσας
631 523 748 576 αὐτῷ
768 521 862 574 περὶ
883 520 1066 561 Νίκαιαν
1096 519 1167 560 καὶ
1196 519 1406 573 χρήμασιν
1437 519 1715 573 ὑποφθαρείς,
1743 517 1852 572 πρὸς

309 592 398 634 Οδὲ
428 596 513 638 τοῖς
544 591 614 632 καὶ
645 591 865 644 ὑποσχέσει
896 593 969 630 τοῦ
1000 588 1197 641 Καίσαρα
1229 587 1460 642 στεφθῆναι
1490 587 1562 629 τὸν
1592 587 1684 629 υἱὸν
1721 588 1850 629 αὐτοῦ

293 665 338 699 16
352 660 616 714 Βασιλίσκον,
653 664 715 712 τῷ
747 658 915 712 Ζήνωνι
946 660 1198 711 προσχωρεῒ.
1261 656 1488 697 κάντεῦθεν
1519 655 1659 697 ἐλθὼν
1690 657 1747 702 εἷς
1776 656 1889 710 τὴνῑ)

352 727 792 771 Κωνσταντινούπολιν
832 726 855 767 ὁ
895 725 1049 780 Ζήνων
1093 725 1247 779 ἐδέχθη
1292 724 1375 765 ὑπό
1419 740 1460 766 τε
1502 729 1575 779 τῆς
1617 725 1849 779 συγκλήτου

295 803 337 838 17
352 798 422 839 καὶ
465 801 537 838 τοῦ
581 796 697 837 λαοῦ.
760 794 831 836 καὶ
870 794 893 835 ὁ
931 793 1182 839 Βασιλίσκος
1224 797 1274 847 τῇ
1318 793 1515 847 ἐκκλησίᾳ
1557 794 1851 848 προσπέφευγε

351 866 454 921 μετὰ
485 870 558 920 τῆς
590 863 787 918 γυναικὸς
817 863 888 904 καὶ
918 866 1004 904 τῶν
1034 862 1212 915 παίδων,
1247 861 1350 902 ὅθεν
1381 861 1531 916 ἐξῆλθε
1558 862 1852 917 πληροφορίαν

295 941 339 975 18
352 935 497 990 λαβὼν
534 934 596 980 ὡς
627 934 678 974 οὐ
710 932 1007 987 στερηθήσεται
1037 936 1109 986 τῆς
1141 932 1268 985 ζωῆς.
1331 924 1415 971 καί
1438 931 1695 986 ἀπήχθησαν
1730 933 1787 978 εἴς
1817 947 1852 972 τι

353 1003 573 1058 φρούριον,
619 1002 724 1043 ἔνθα
768 1001 923 1055 λέγεται
966 1001 1023 1046 εἷς
1065 1000 1228 1054 πύργον
1271 999 1619 1054 κατακλεισθῆναι
1658 999 1733 1042 σὺν
1767 1004 1853 1046 τοῖς
1871 1006 1914 1041 10

296 1078 340 1112 19
353 1072 560 1126 φιλτάτοις
581 1071 652 1112 καὶ
675 1071 963 1125 διαφθαρῆναι
984 1069 1105 1123 λιμῷ.
1168 1069 1297 1123 ἕτεροι
1322 1068 1368 1110 δὲ
1399 1069 1670 1123 ἀναιρεθῆναι
1701 1069 1854 1115 αὐτοὺς

294 1148 341 1183 20
354 1141 398 1181 ἐν
428 1145 490 1194 τῷ
521 1139 757 1193 ἀπάγεσθαι
789 1139 987 1192 λέγουσιν.
1051 1138 1074 1178 ὁ
1105 1137 1260 1192 Ζήνων
1292 1137 1338 1178 δὲ
1368 1136 1439 1178 καὶ
1469 1137 1543 1191 τὴν
1574 1137 1724 1178 ἑαυτοῦ
1754 1153 1851 1179 πεν-

294 1217 337 1251 <21
354 1208 488 1263 θερὰν
517 1208 592 1263 τὴν
622 1208 813 1262 βασιλίδα
836 1207 1024 1261 Βηρῖναν
1055 1207 1263 1260 ἐξώρισεν.
1326 1206 1350 1247 ὁ
1374 1209 1476 1260 γοῦν
1496 1205 1747 1252 Βασιλίσκος
1777 1207 1854 1248 εἴτε

354 1277 416 1323 ὡς
453 1278 608 1331 εἴρηται
648 1275 716 1317 εἴτ’
755 1276 893 1322 ἄλλως
929 1275 995 1317 ε’πὶ
1027 1275 1105 1316 δύο
1136 1275 1396 1329 τυραννήσας
1427 1273 1638 1320 ἐνιαυτοὺς
1670 1274 1852 1316 διώλετο.

294 1355 340 1390 <22
479 1344 542 1387 Οὗ
574 1349 828 1399 κρατοῦντος
861 1343 1111 1399 ἐμπρησμὸς
1148 1344 1191 1385 ἕν
1223 1343 1658 1385 Κωνσταντινουπόλει
1693 1344 1852 1398 ἐγένετο
1867 1349 1912 1385 15

354 1415 557 1470 μέγιστος,
591 1415 638 1456 ἐκ
659 1417 745 1455 τῶν
765 1413 1106 1467 Χαλκοπρατίων
1133 1413 1370 1467 ἀρξάμενος
1389 1412 1460 1453 καὶ
1480 1412 1614 1453 πάντα
1639 1412 1688 1454 τὰ
1718 1428 1850 1468 προσ-

355 1488 431 1539 εχῆ
461 1484 621 1530 τούτοις
651 1482 848 1538 νεμηθεὶς
878 1482 949 1524 καὶ
980 1482 1302 1536 ἀποτεφρώσας,
1339 1481 1412 1527 τάς
1447 1497 1489 1523 τε
1519 1484 1605 1523 τῶν
1637 1481 1855 1537 δημοσίων

355 1623 378 1658 2
403 1624 454 1658 ὅτι
481 1623 678 1668 ἐπανῆλθεν
702 1623 723 1657 ὁ
747 1623 837 1664 (om.
857 1622 903 1664 E)
929 1621 1057 1667 Ζήνων
1087 1621 1137 1660 εἷς
1162 1620 1203 1657 τὰ
1226 1621 1385 1667 βασίλεια
1410 1620 1507 1656 καὶὸ
1522 1620 1736 1660 Βασίλισκος
1761 1621 1853 1656 ἑάλω

355 1671 414 1707 καὶ
439 1671 622 1717 διεφθάρη
651 1670 714 1706 ΟΕ
917 1669 961 1704 15
985 1670 1064 1715 περὶ
1090 1675 1150 1705 τοῦ
1177 1671 1267 1711 (om.
1294 1669 1341 1711 E)
1366 1669 1578 1714 ἐμπρησμοῦ
1606 1669 1792 1714 γενομένου
1817 1669 1855 1704 ἓν

357 1725 427 1758 τοῖς
452 1721 594 1764 χρόνοις
619 1723 680 1754 τοῦ
698 1719 929 1761 Βασιλίσκου,
955 1717 1018 1763 ὑφ’
1045 1717 1089 1753 οὗ
1113 1717 1173 1752 καὶ
1199 1717 1221 1762 ἦ
1245 1717 1281 1762 (ἢ
1302 1727 1378 1752 om.
1398 1715 1438 1761 C,
1464 1718 1597 1761 ὅμαρος
1618 1717 1695 1761 Wo,
1722 1718 1854 1762 ὅμηρος

358 1767 463 1810 Duc)
489 1767 526 1802 ἐν
544 1773 586 1812 τῇ
601 1767 769 1813 βασιλικῇ
792 1766 1012 1813 βιβλιοθήκῃ
1039 1765 1184 1811 ἐφθάρη
1211 1765 1407 1810 (διεφθάρη
1429 1765 1509 1809 WO)
1538 1764 1601 1800 ΟΕ

428 1899 450 1934 2
475 1898 674 1944 ταγμάτων]
702 1898 870 1944 ἁρμάτων
894 1897 925 1932 Β
1023 1897 1046 1934 3
1069 1911 1164 1942 παρα
1189 1898 1234 1939 (S.
1261 1898 1360 1939 aco.)
1386 1896 1417 1931 E
1513 1896 1537 1931 4
1561 1896 1622 1932 καὶ
1650 1907 1725 1932 om.
1751 1895 1853 1943 pr

429 1947 451 1982 6
475 1948 734 1982 κωνσταντίνου
760 1946 859 1992 pr
1006 1946 1038 1981 7.
1065 1946 1087 1980 8
1111 1945 1375 1990 προςπέφευγεν
1402 1947 1491 1990 post
1515 1945 1654 1980 παίδων
1681 1944 1778 1990 pr

428 1995 451 2030 8
477 1998 567 2040 post
599 1994 763 2039 γυναικὸς
797 1994 888 2029 add.
922 1993 1029 2028 αὐτοῦ
1055 1993 1086 2028 Ε
1186 1993 1230 2027 10
1253 1997 1386 2038 πῦργον
1411 1991 1559 2038 Apr,
1596 1993 1729 2038 πύργον
1755 1990 1853 2036 CDi,

430 2053 468 2077 V.
493 2042 546 2078 ad
571 2042 668 2077 XIII
693 2042 727 2087 3,
754 2042 798 2077 19
919 2041 964 2076 12
988 2041 1047 2076 καὶ
1076 2052 1151 2076 om.
1178 2040 1279 2086 pr
1405 2041 1449 2075 13
1473 2041 1624 2086 βηρίναν
1649 2038 1853 2086 AprDl',

431 2086 532 2126 cor’r.
551 2091 674 2134 B-W,
700 2101 737 2125 V.
757 2090 810 2124 ad
830 2101 867 2136 p.
883 2089 1023 2134 123,17
1123 2089 1178 2124 13.
1207 2088 1251 2123 14
1275 2088 1330 2123 ἐπὶ
1355 2089 1420 2123 δύο
1443 2088 1660 2133 τυραννήσας
1677 2087 1855 2126 ἐνιαυτοὺς

429 2139 496 2173 εἴτε
521 2138 572 2177 ὥς
595 2139 727 2183 εἴρηται
753 2139 821 2172 εἴτε
848 2151 926 2176 πως
952 2137 1067 2175 ἄλλως
1093 2137 1237 2171 διώλετο
1265 2136 1362 2182 pr
1506 2136 1550 2171 15
1575 2136 1693 2182 γέγονε
1719 2135 1853 2181 DEwp

431 2186 476 2221 16
500 2187 774 2231 χαλκοπρατίων
798 2184 881 2230 AR,
907 2185 1194 2231 χαλκοπρατείων
1220 2182 1391 2230 prDi,
1424 2195 1461 2219 v.
1487 2183 1584 2219 XIII
1611 2183 1666 2229 18,
1695 2183 1750 2219 19.
1782 2182 1855 2219 XV

429 2235 462 2279 3,
491 2235 546 2270 13.
572 2233 664 2270 XVI
683 2234 739 2278 27,
765 2234 798 2269 4.
827 2233 940 2270 Cedr.
959 2233 978 2268 I
996 2244 1033 2279 p.
1048 2233 1129 2277 616,
1153 2232 1177 2267 4
1275 2232 1330 2267 16.
1360 2232 1402 2267 17
1429 2233 1563 2271 τούτοις
1587 2237 1742 2278 προςεχῆ
1757 2231 1854 2276 pr

299 2370 345 2405 14
359 2369 487 2402 erunt.
531 2365 611 2402 Sed
624 2365 841 2401 Basiliscus
855 2365 1109 2401 Harmatium
1128 2374 1244 2401 suum
1264 2365 1548 2400 consobrinum
1569 2374 1660 2399 cum
1673 2364 1855 2400 Thraciis

300 2415 588 2461 151egionibus
607 2418 749 2450 contra
769 2414 969 2449 Zenonem
988 2414 1124 2458 mittit3
1153 2414 1220 2458 qui
1251 2423 1340 2447 cum
1367 2413 1404 2447 ei
1431 2413 1482 2447 ad
1501 2412 1691 2448 Nicaeam
1719 2422 1856 2448 oecur-

358 2463 486 2505 risset,
525 2463 700 2508 pecunia
735 2464 950 2507 corruptus
983 2465 1107 2506 atque
1140 2462 1307 2506 insuper
1340 2461 1459 2496 etiam
1492 2460 1757 2505 promissione
1789 2460 1855 2495 ad-

359 2510 505 2545 ductus
531 2510 600 2544 filii
628 2510 714 2545 eius
732 2509 912 2544 Basilisci
932 2509 1116 2545 Caesaris
1135 2508 1375 2554 designandi
1396 2508 1448 2542 ad
1466 2508 1667 2543 Zenonem
1685 2509 1853 2543 transiit.

299 2561 344 2596 16
358 2558 458 2594 Inde
484 2558 637 2603 Cpolim
672 2558 879 2604 profectus
906 2557 1012 2592 Zeno
1046 2559 1234 2602 receptus
1269 2560 1328 2591 est
1363 2559 1401 2591 et
1434 2566 1458 2590 a
1489 2560 1634 2591 senatu
1665 2558 1705 2591 et
1735 2566 1759 2591 a
1786 2566 1853 2602 po-

299 2609 343 2644 17
358 2605 466 2652 pulo.
515 2605 733 2640 Basiliscus
765 2607 910 2649 autem,
951 2605 1019 2650 qui
1051 2605 1092 2639 in
1125 2604 1333 2639 ecclesiam
1368 2614 1458 2638 cum
1490 2613 1620 2638 uxore
1652 2606 1691 2639 et
1716 2604 1851 2639 liberis

300 2657 344 2691 18
359 2653 611 2699 confugerat,
650 2653 927 2688 incolumitate
964 2652 1161 2698 promissa
1201 2653 1298 2686 exiit
1336 2655 1375 2687 et
1412 2653 1454 2686 in
1488 2651 1695 2687 castellum
1728 2651 1851 2697 quod—

359 2701 452 2736 dam
479 2701 680 2736 abductus
706 2703 776 2745 est,
808 2700 879 2736 ubi
906 2700 1052 2735 dicitur
1079 2701 1120 2734 in
1146 2700 1287 2735 turrim
1314 2700 1493 2734 inclusus
1520 2709 1610 2734 cum
1638 2699 1852 2735 carissimis

301 2751 345 2786 19
359 2750 466 2785 fame
499 2749 679 2795 periisse.
728 2747 807 2783 Alii
840 2758 938 2784 vero
970 2748 1011 2782 in
1044 2747 1285 2782 abducendo
1313 2757 1382 2782 eos
1410 2747 1562 2782 occisos
1589 2757 1677 2782 esse
1703 2747 1852 2782 dicunt.

299 2799 346 2834 ΞΟ
360 2796 465 2832 Zeno
501 2800 637 2832 autem
670 2797 855 2842 reginam
895 2805 1058 2841 quoque
1086 2794 1284 2838 Verium),
1324 2804 1483 2829 socrum
1522 2805 1647 2839 suam,
1687 2795 1853 2840 expulit.

298 2847 340 2881 21
359 2844 575 2880 Basiliscus
601 2845 737 2890 igitur,
765 2853 854 2878 cum
880 2842 1136 2889 tyrannidem
1163 2843 1358 2877 tenuisset
1384 2852 1457 2887 per
1480 2842 1581 2877 duos
1601 2853 1739 2887 annos,
1767 2843 1853 2878 sive

359 2893 414 2927 ita
440 2895 484 2927 ut
511 2892 663 2928 dictum
690 2895 761 2936 est,
788 2892 874 2928 sive
901 2891 1016 2926 aliter
1042 2891 1171 2937 periit.

299 2941 346 2978 22
478 2940 534 2975 Eo
563 2940 795 2976 dominante
820 2938 1052 2975 incendium
1080 2937 1192 2985 Cpoli
1220 2939 1368 2973 factum
1398 2940 1456 2973 est
1482 2938 1713 2982 maximum,
1745 2938 1852 2984 quod
