2054 3282
345 218 416 254 212
689 217 871 256 ZONAR.
899 216 1029 254 EPIT.
1057 215 1148 254 XIV
1176 217 1230 262 16,
1257 214 1409 263 22-17,
1437 216 1492 254 11.

343 340 414 381 τὸν
444 341 704 395 πατριάρχην
736 340 874 394 αὐτόν,
913 344 973 393 τῷ
1006 339 1180 393 ἑβδόμῳ
1212 339 1446 393 ἐπανῆλθεν
1478 341 1534 385 εἰς
1563 339 1611 381 τὰ
1643 340 1839 396 βασίλεια,

341 406 428 463 μετ’
463 410 673 463 εὐφημίας
703 409 774 450 καὶ
805 408 972 462 κρότων
1011 407 1176 461 δεχθεὶς
1214 407 1284 447 καὶ
1321 407 1611 463 λαμπρότητος
1645 410 1761 463 παρά
1797 426 1840 452 τε

343 482 415 532 τῆς
447 478 664 531 γερουσίας
695 477 766 518 καὶ
796 481 869 517 τοῦ
901 476 1094 529 πλήθους
1124 480 1196 530 τῆς
1227 475 1404 522 πόλεως.

277 547 326 589 17
462 546 689 599 Γενομένῳ
722 545 767 586 δὲ
798 550 858 598 τῷ
889 544 1050 598 βασιλεῖ
1070 543 1306 597 ἹἸρακλείῳ
1338 544 1443 585 κατὰ
1474 545 1548 600 τὴν
1569 545 1840 601 Ἰερουσαλὴμ

344 615 368 655 ὁ
399 618 484 656 τῶν
509 614 766 668 ’Ῑακωβιτῶν
797 612 1028 658 καθολικὸς
1058 613 1384 666 προσελήλυθεν,
1430 615 1478 654 ὃν
1517 615 1665 656 ἐκεῖνοι
1694 621 1876 669 namt-5

309 684 480 737 2άρχην
518 683 754 735 ὠνόμαζον.
816 681 952 734 τούτῳ
987 682 1124 722 τοίνυν
1156 681 1179 722 ὁ
1210 681 1401 735 βασιλεὺς
1432 683 1562 724 αἰτίαν
1591 688 1840 738 προσῆπτεν,

301 752 404 792 Οὸτι
435 751 508 805 τὴν
540 751 583 791 ἓν
604 750 849 804 Χαλκηδόνι
874 749 933 803 μὴ
969 749 1129 803 δέχοιτο
1161 749 1341 791 σύνοδον
1370 751 1480 805 μηδὲ
1513 751 1590 793 δύο
1622 752 1767 806 φύσεις
1798 752 1842 793 ἓν

343 819 517 873 Χριστῷ
549 819 773 872 ἡνωμένος
805 818 1012 872 ὁμολογεῖ,
1058 818 1193 871 λέγων
1225 818 1286 864 ὡς
1318 820 1359 860 εἴ
1383 835 1427 873 γε
1458 819 1531 874 τὴν
1562 820 1742 862 σύνοδον
1774 820 1840 861 δέ·

146 895 191 931 W
216 894 331 930 ῘΙΙῙΟ
345 890 454 936 ξοιτο
486 888 556 928 καὶ
589 887 667 928 δύο
700 887 844 940 φύσεις
876 887 1135 940 ἀσυγχύτους
1167 887 1232 927 ἐπὶ
1262 891 1335 928 τοῦ
1366 893 1557 942 σωτῆρος
1579 888 1841 943 ὁμολογήσει,

345 956 558 1010 ὁμόδοξον
589 955 716 996 αὐτὸν
747 956 942 1009 ἡγήσοιτο
973 955 1044 996 καὶ
1075 960 1147 1010 τῆς
1172 955 1417 1010 Ἀντιοχέων
1449 957 1668 1011 ἐκκλησίας
1697 973 1841 1013 πατρι-
1857 966 1903 1001 10

309 1026 481 1079 3άρχην
513 1024 779 1079 προβάλοιτο.
843 1024 867 1065 ὁ
900 1024 945 1065 δὲ
978 1023 1110 1069 δεινὸς
1142 1025 1205 1065 ὢν
1235 1025 1306 1066 καὶ
1336 1025 1540 1080 πονηρίας
1568 1026 1732 1081 μεστός,
1775 1028 1840 1068 ἵνα

343 1094 402 1148 μὴ
437 1093 664 1147 ἀτευκτήσῃ
697 1097 770 1146 τῆς
799 1092 1015 1147 βασιλικῆς
1046 1093 1325 1147 ὑποσχέσεως,
1356 1094 1430 1148 τήν
1460 1109 1502 1134 τε
1533 1094 1712 1136 σύνοδον
1736 1095 1840 1138 ὑπο-

344 1163 605 1216 κεκριμένως
642 1161 811 1209 ἐδέξατο
848 1161 919 1202 καὶ
957 1161 1035 1202 δύο
1073 1162 1219 1216 φύσεις
1256 1162 1322 1203 ἐπὶ
1352 1161 1538 1217 Χριστοῦ
1569 1163 1698 1217 λέγειν
1728 1165 1840 1219 ἡνω-

307 1238 331 1272 4
342 1232 473 1285 μένας
494 1231 707 1272 κατέθετο.
770 1230 864 1284 περὶ
887 1230 933 1271 δέ
954 1246 999 1284 γε
1019 1234 1104 1271 τῶν
1126 1231 1379 1285 θἐλημάτων
1408 1231 1479 1272 καὶ
1509 1235 1594 1274 τῶν
1625 1233 1842 1287 ἐνεργειῶν

344 1299 614 1353 ἐπυνθάνετο,
648 1300 685 1340 εἴ
714 1299 823 1340 διττοὶ
855 1303 981 1340 ταῦτα
1013 1299 1142 1353 λέγειν
1173 1300 1312 1354 χρεὼν
1343 1302 1368 1354 ἢ
1402 1301 1530 1342 ἑνιαῒά
1556 1317 1597 1342 τε
1618 1301 1688 1342 καὶ
1707 1318 1840 1356 μονα·
1857 1308 1902 1343 15

245 1375 280 1410 1)
308 1368 454 1411 ὃδικά.
499 1369 523 1410 ὁ
557 1368 602 1409 δὲ
633 1368 910 1422 αὐτοκράτωρ
943 1368 1092 1421 γράφει
1123 1369 1216 1422 περὶ
1247 1369 1396 1410 τούτου
1429 1369 1480 1423 δὴ
1512 1373 1585 1410 τοῦ
1608 1370 1842 1425 ζητήματος

307 1436 451 1492 ὃπρός
493 1436 564 1478 τὸν
607 1436 1092 1482 Κωνσταντινουπόλεως
1134 1437 1326 1491 Σέργιον.
1388 1437 1582 1484 κάκεῖνος
1623 1439 1750 1480 πάλαι
1791 1439 1840 1480 τὰ

346 1579 389 1614 17
416 1579 512 1617 ὅπως
538 1579 558 1613 ὁ
583 1578 674 1622 (om.
702 1578 747 1621 E)
769 1578 980 1622 ἸΙράκλειος
1006 1579 1055 1617 εἰς
1082 1578 1143 1624 τὴν
1169 1583 1239 1613 τῶν
1266 1579 1536 1624 ᾹΙονοθελητῶν
1561 1581 1694 1625 αἵρεσιν
1718 1580 1840 1622 ἐξεκυ-

344 1627 450 1672 λίσθη
479 1627 683 1672 (ἐξελήλυθε
710 1626 755 1670 Ε)
783 1625 884 1661 ACE

417 1758 438 1793 7
464 1758 669 1803 Καλκηδόνι
689 1757 737 1804 p*
756 1759 894 1794 invitis
911 1757 1020 1793 ARW
1104 1759 1126 1794 9
1151 1759 1367 1805 ἀσυγχύτους
1394 1759 1615 1805 (ἀσυγχύτως
1629 1760 1676 1803 Ε)
1701 1761 1756 1796 ἐπὶ
1781 1766 1841 1797 τοῦ

417 1811 575 1850 σωτῆρος
593 1805 673 1850 ΑΕ,
700 1806 755 1840 ἐπὶ
782 1811 842 1841 τοῦ
868 1808 942 1848 (του
957 1806 1008 1851 D)
1036 1813 1195 1852 σωτῆρος
1211 1813 1355 1852 χριστοῦ
1374 1807 1554 1852 ἦνωμένας
1570 1808 1777 1854 ἀσυγχύτως
1797 1809 1841 1854 R,

416 1854 600 1899 ἡνωμένας
626 1854 830 1899 ἀσυγχύτως
857 1854 911 1888 ἐπὶ
938 1859 998 1888 τοῦ
1025 1861 1182 1900 σωτῆρος
1203 1861 1348 1900 χριστοῦ
1376 1866 1450 1900 wp,
1476 1855 1692 1901 ἀσυγχύτους
1709 1857 1764 1891 ἐπὶ
1782 1862 1842 1891 τοῦ

417 1907 578 1946 σωτῆρος
604 1903 762 1946 Χριστοῦ
788 1900 845 1936 Di
941 1903 981 1936 11
1010 1903 1221 1948 προβάλοιτο
1236 1902 1383 1948 Apr,
1408 1904 1639 1949 προβάλλοιτο
1653 1903 1734 1949 BD,
1758 1918 1842 1949 προ-

417 1949 558 1995 βαλοΐτο
584 1948 640 1983 Di
756 1949 800 1983 12
827 1950 1153 1995 ὕποκεκρυμμένως
1180 1950 1244 1985 ΒΕ
1356 1952 1400 1986 13
1425 1952 1480 1986 ἐπὶ
1506 1957 1566 1986 τοῦ
1593 1951 1628 1986 D
1740 1953 1784 1987 16
1809 1951 1841 1987 δ’

419 1995 578 2043 prDi
701 1997 744 2033 17
761 2008 788 2032 S.
816 1996 856 2032 τὰ
882 1998 953 2044 τῆς]
981 1998 1043 2044 τὴν
1069 2003 1139 2033 τῶν
1165 1998 1200 2032 D

346 2130 549 2175 rosolyma
575 2130 781 2174 restitutis,
808 2130 1020 2166 Heraclius
1047 2141 1153 2165 anno
1181 2131 1350 2176 septimo
1378 2131 1418 2165 in
1444 2131 1599 2176 regiam
1631 2141 1843 2177 regressus

346 2189 370 2213 a
409 2181 553 2212 senatu
592 2178 826 2223 populoque
864 2177 1089 2223 Byzantino
1130 2179 1244 2213 lactis
1271 2178 1631 2214 acclamationibus
1674 2184 1713 2214 et
1752 2189 1841 2214 cum

346 2226 491 2272 plausu
520 2226 840 2270 splendidissime
866 2227 1078 2274 excipitur.

467 2273 520 2308 17.
549 2273 735 2308 Ceterum
762 2284 833 2308 rex
849 2274 1061 2309 Heraclius
1086 2275 1127 2308 in
1153 2273 1287 2309 reditu
1300 2273 1571 2310 Iacobitaruui
1592 2274 1841 2319 catholicum,

310 2322 332 2357 2
347 2331 465 2366 quem
484 2321 537 2355 illi
549 2321 818 2366 patriarcham
833 2322 1052 2365 nominant,
1071 2322 1360 2366 Hierosolymis
1374 2322 1588 2364 incusavit,
1607 2322 1716 2367 quod
1731 2321 1841 2358 Chal-

347 2369 575 2404 cedonense
602 2369 815 2404 concilium
841 2370 1089 2415 improbaret
1126 2379 1259 2414 neque
1285 2369 1386 2403 duas
1412 2372 1578 2404 naturas
1617 2370 1658 2404 in
1685 2368 1840 2404 Christo

347 2418 447 2451 citra
471 2417 748 2452 confusionem
767 2418 902 2452 unitas
921 2418 1190 2460 eonfiteretur,
1219 2420 1257 2452 et
1273 2416 1426 2451 addidit
1452 2426 1506 2460 se,
1533 2417 1564 2451 si
1591 2417 1698 2451 illam
1724 2427 1841 2461 syno-

347 2464 441 2499 dum
468 2465 680 2509 probasset
717 2464 900 2509 duasque
926 2467 1094 2499 naturas
1132 2465 1172 2498 in
1200 2464 1402 2499 salvatore
1439 2474 1526 2499 esse
1566 2465 1839 2509 concessisset,

346 2515 580 2557 putaturum
609 2522 700 2547 eum
727 2522 814 2547 esse
841 2512 1049 2547 doctrinae
1076 2512 1255 2547 eiusdem
1282 2511 1517 2556 participem
1545 2514 1584 2546 ct
1607 2511 1838 2557 designatu-

309 2560 433 2595 3rum
459 2558 737 2596 Antiochenae
771 2560 966 2595 ecclesiae
1000 2560 1282 2605 patriarcham.
1331 2558 1383 2593 At
1420 2559 1485 2594 ille
1513 2559 1630 2594 homo
1669 2559 1837 2595 callidus

346 2611 385 2641 et
412 2607 513 2642 dolis
539 2607 693 2652 plenus,
719 2617 771 2643 ne
806 2608 915 2653 regis
942 2608 1181 2653 promissum
1207 2607 1259 2641 ad
1285 2607 1440 2641 irritum
1469 2606 1643 2651 caderet,
1682 2611 1722 2643 ct
1749 2618 1838 2643 con-

348 2655 480 2689 cilium
507 2664 550 2690 se
576 2656 806 2700 approbare
845 2655 1005 2690 simulat
1033 2658 1072 2689 et
1110 2655 1211 2689 duas
1237 2657 1404 2689 naturas
1442 2655 1483 2688 in
1511 2653 1666 2690 Christo
1703 2656 1839 2690 unitas

310 2703 389 2738 4se
415 2702 594 2747 profiteri
622 2704 688 2737 ait.
739 2701 818 2739 Sed
857 2703 907 2738 de
934 2703 1211 2738 voluntatibus
1250 2706 1288 2737 et
1315 2702 1541 2737 actionibus
1568 2705 1838 2747 percontatur,

311 2750 480 2785 butrum
509 2759 577 2784 eas
604 2750 785 2795 duplices
811 2761 863 2785 an
889 2761 993 2785 unas
1019 2754 1058 2786 et
1084 2749 1265 2795 singulas
1293 2749 1370 2784 dici
1396 2751 1458 2784 sas
1485 2750 1544 2784 sit.
1596 2749 1693 2784 Eam
1720 2760 1840 2794 quae-

347 2797 516 2831 stionem
543 2798 762 2842 imperator
800 2798 851 2833 ad
878 2797 1064 2844 Sergium
1103 2797 1372 2842 patriarcham
1400 2796 1653 2842 Cpolitanum
1691 2797 1838 2832 scribit.

311 2845 334 2880 6
348 2843 422 2885 Qui
450 2854 540 2879 cum
555 2845 708 2890 pridem
725 2845 1076 2881 Monothelitarum
1091 2846 1287 2880 haeresim
1303 2845 1503 2890 probaret,
1529 2854 1652 2879 unam
1679 2848 1839 2879 natura-

347 2891 423 2926 lem
463 2892 709 2927 voluntatem
751 2897 789 2929 et
820 2903 942 2928 unam
969 2895 1168 2929 act-ionem
1208 2893 1247 2928 in
1276 2891 1430 2928 Christo
1458 2891 1711 2927 statuendam
1751 2902 1838 2928 esse
