2054 3282
435 247 841 289 ALAMVNDARVS.
891 246 1251 287 BVLGARORVM
1276 247 1537 287 VICTORIA.
1665 248 1731 286 141

235 375 413 421 ἅπαντες
451 373 754 429 διεφθάρησαν.
817 371 881 414 ὧν
911 372 984 427 τὴν
1015 371 1191 427 φθορὰν
1209 372 1412 428 ’κομήτης
1443 372 1574 428 ἀστὴρ
1605 389 1731 427 προε-
1751 378 1795 412 10

232 444 394 498 μήνυσε
421 442 494 484 καὶ
523 442 706 496 κόρακες
735 442 1039 496 πορευομένων
1069 442 1211 483 αὐτῶν
1241 442 1568 497 ὗπεριπτάμενοί
1593 458 1635 484 τε
1663 442 1734 483 καὶ

233 512 546 566 προηγούμενοι
577 511 648 552 καὶ
679 511 720 552 οἷ
750 510 993 564 σαλπιγκταὶ
1024 510 1111 552 ἀντὶ
1142 510 1333 552 ἐνυαλίου
1366 511 1472 566 ἠχῆς
1502 511 1735 566 περιπαθές

234 597 269 622 τι
300 581 371 622 καὶ
401 580 627 635 θρηνῶδες
657 580 897 634 ἠχήσαντες.

198 656 221 689 5
363 649 450 691 Τοῦ
483 649 520 690 δ’
553 647 725 690 ἄνωθεν
753 647 957 702 ῥηθέντος
985 648 1200 702 Τιμοθέου
1221 647 1354 690 πολλὰ
1375 652 1461 695 τοῖς
1482 648 1735 702 ὀρθοδόξοις
1749 653 1791 688 11
1823 652 1996 690 P1157A

235 718 526 772 ἐνδειξαμένου
557 716 670 758 κακὰ
702 716 774 758 καὶ
803 717 1129 771 τελευτήσαντος,
1154 716 1355 772 Ἰωάννης
1385 717 1411 759 ὁ
1437 717 1736 772 Καππαδόκης

235 791 307 842 τῆς
350 786 571 841 ἐκκλησίας
614 786 869 840 ἐνεχειρίσθη
916 785 991 840 τὴν
1033 787 1301 840 προστασίαν,
1349 787 1417 842 ἔτη
1463 786 1542 828 δύο
1585 787 1736 842 ταύτης

234 855 429 910 προστάς.
489 855 667 910 τέθνηκε
699 854 745 896 δὲ
775 854 847 896 καὶ
878 855 903 909 ἡ
935 854 1094 908 βασιλὶς
1118 855 1327 910 Ἀριάδνη.

354 924 528 979 Λέγεται
545 923 591 965 δὲ
612 924 656 965 ἐν
675 927 760 969 τοῖς
780 922 948 978 χρόνοις
968 927 1041 978 τῆς
1060 924 1271 978 βασιλείας
1281 924 1550 966 Ἀναστασίου
1567 925 1735 980 ἄγαλμα
1751 927 1796 963 12

176 1005 222 1040 10
235 998 308 1049 τῆς
345 993 488 1047 Τύχης
516 997 590 1047 τῆς
624 992 791 1038 πόλεως
827 992 872 1034 ἐν
908 992 1006 1033 εἴδει
1044 992 1241 1046 γυναικὸς
1279 993 1326 1035 ἐκ
1363 994 1524 1048 χαλκοῦ
1560 1010 1734 1050 πεποιη-

234 1063 376 1117 μένον,
420 1062 603 1116 ὓάτερον
644 1064 730 1102 τῶν
771 1060 922 1102 ποδῶν
965 1060 1080 1107 ἐντὸς
1122 1061 1224 1116 νηὸς
1267 1062 1446 1118 ἐχούσης
1483 1063 1568 1117 πρὸ
1608 1064 1737 1118 αὐτῆς

236 1132 422 1186 ἑστώσης
463 1130 535 1173 καὶ
577 1130 729 1185 ὁμοίας
771 1129 874 1184 ὕλης
919 1130 1249 1185 ἐξειργασμένης,
1297 1132 1493 1173 ἴστασθαί
1533 1148 1618 1174 που
1664 1137 1736 1188 τῆς

235 1201 411 1247 πόλεως.
471 1199 621 1241 τούτου
651 1199 754 1254 δῆτα
784 1202 858 1240 τοῦ
889 1202 963 1254 τῆς
992 1198 1094 1253 νηὸς
1125 1199 1411 1254 εἷκονίσματος
1442 1202 1467 1255 ἢ
1499 1206 1560 1255 τῷ
1591 1201 1736 1256 χρόνῳ
1753 1203 1796 1239 13

235 1270 499 1324 μογήσαντος
529 1270 555 1323 ἢ
589 1268 634 1316 ἐξ
664 1267 887 1322 ἐπιβουλῆς
922 1268 1031 1322 μέρη
1069 1267 1156 1309 τινὰ
1194 1269 1465 1323 θραυσθέντα
1505 1270 1735 1325 ἀφῄρηντο.

36 1335 54 1383 ⁵2
82 1352 138 1389 111
153 1353 223 1388 <264
237 1339 374 1380 οὐκέτι
405 1336 481 1379 οὗν
511 1336 717 1391 φορτηγοὶ
747 1340 842 1391 νῆες
871 1337 1162 1391 προσώρμουν
1193 1338 1250 1384 εἷς
1279 1337 1326 1379 τὸ
1357 1337 1601 1392 Βυζάντιον,
1634 1339 1735 1380 ἀλλὰ
1753 1341 1797 1376 14

235 1407 410 1462 πλησίον
448 1407 584 1448 ἰοῦσαι
623 1405 730 1460 βίαις
772 1405 1024 1460 πνευμάτων
1068 1406 1318 1460 ἀνείργοντα,
1363 1407 1434 1448 καὶ
1472 1408 1510 1448 εἰ
1541 1407 1601 1462 μὴ
1642 1412 1738 1463 νῆες

234 1475 396 1531 μακραὶ
433 1474 504 1516 καὶ
541 1474 709 1519 πολλοῖς
745 1473 901 1528 ἐρέταις
937 1473 1178 1528 κινούμεναι
1215 1473 1313 1520 τοὺς
1348 1474 1534 1529 φόρτους
1565 1476 1737 1518 ἐκείνων
1754 1479 1782 1514 Β

236 1630 258 1666 5
281 1629 361 1675 περὶ
377 1632 607 1675 πατριαρχῶν
625 1627 688 1665 ΟΕ
785 1627 808 1663 9
833 1627 914 1673 περὶ
931 1632 992 1664 τοῦ
1010 1632 1069 1674 τῆς
1091 1628 1207 1674 Τύχης
1225 1633 1286 1675 τῆς
1302 1629 1439 1668 πόλεως
1456 1628 1655 1675 ἀγάλματος
1673 1629 1736 1667 CE

307 1780 330 1816 2
354 1779 472 1816 αὐτῶν
498 1789 575 1816 om.
593 1778 625 1815 E
720 1777 743 1814 3
769 1778 954 1814 σαλπικταὶ
972 1777 1005 1814 Ε
1099 1777 1124 1814 4
1149 1778 1338 1824 ὕρηνῷὸες
1356 1778 1427 1814 DE
1523 1780 1546 1815 5
1572 1779 1612 1815 δὲ
1633 1779 1734 1827 pr

307 1829 330 1864 6
355 1827 620 1873 τελευτήσαντος
633 1825 713 1871 ΑΕ,
740 1826 802 1872 τὴν
820 1826 918 1872 ζωὴν
936 1827 1194 1866 καταλύσαντος
1213 1826 1310 1873 pr
1410 1827 1442 1862 7.
1466 1828 1488 1864 8
1513 1829 1733 1874 ἐνεχειρίσθη

307 1875 370 1922 τὴν
392 1877 616 1921 προστασίαν,
641 1875 699 1920 ἔτη
725 1875 790 1910 δύο
812 1875 938 1919 ταύτης
953 1875 1107 1919 προστάς
1133 1875 1288 1910 omissis
1314 1880 1374 1921 τῆς
1390 1875 1583 1921 ἐκκλησίας
1601 1875 1648 1919 A,
1675 1882 1736 1922 τῆς

308 1924 500 1969 ἐκκλησίας
524 1923 676 1968 προέστη
703 1922 762 1968 ἔτη
789 1923 855 1958 δύο
882 1922 924 1967 Ε,
953 1928 1013 1968 τῆς
1041 1922 1230 1968 ἐκκλησίας
1255 1922 1473 1969 ἐνεχειρίσθη
1501 1924 1562 1970 τὴν
1587 1938 1736 1970 προστα-

309 1974 397 2017 σίαν,
422 1972 480 2017 ἔτη
506 1971 571 2006 δύο
596 1971 898 2016 ταύτης-προστάς
925 1969 1082 2016 prDa‘
1180 1970 1202 2004 9
1226 1971 1358 2016 λέγεται
1387 1970 1426 2006 δὲ
1451 1971 1532 2017 AE,
1560 1973 1740 2018 ἶστόρηταί

308 2033 347 2066 γε
370 2019 442 2066 μὴν
471 2018 568 2065 pr
666 2024 725 2064 τῆς
749 2019 925 2064 βασιλείας
945 2017 1179 2063 Ἂναστασίου]
1206 2018 1415 2054 ἀναστασίου
1435 2025 1496 2055 τοῦ
1512 2021 1687 2066 βασιλέως
1706 2021 1737 2055 Ε

311 2068 354 2102 13
380 2067 425 2113 δὴ
445 2067 476 2103 Ε
586 2066 632 2102 14
655 2066 743 2111 μέλη
773 2065 815 2109 C,
840 2077 877 2101 v.
897 2065 989 2102 XIV
1009 2066 1043 2111 4,
1059 2067 1104 2101 18
1214 2067 1456 2112 θραυσθέντος
1482 2068 1524 2113 Ε,
1558 2069 1624 2104 Wo
1652 2069 1736 2104 lat.:

307 2116 456 2151 “cuius
482 2115 599 2150 navis
625 2140 634 2150 .
661 2141 671 2150 .
697 2141 707 2150 .
733 2124 805 2160 per
831 2114 998 2149 insidias
1024 2114 1253 2150 contusae&
1363 2115 1406 2150 15
1432 2121 1517 2161 γοῦν
1542 2115 1738 2163 DEwpDi

239 2267 341 2313 piter
369 2266 463 2301 victi
490 2268 594 2310 sunt,
620 2267 666 2300 ut
685 2267 845 2310 praeter
863 2274 1016 2310 paucos
1035 2274 1174 2300 omnes
1193 2265 1382 2310 perirent.
1434 2266 1581 2302 Eorum
1601 2270 1736 2303 autem
1753 2267 1799 2302 10

239 2314 393 2350 cladem
426 2317 602 2350 cometes
634 2312 748 2348 stella
780 2312 1084 2358 praenuntiavit
1123 2315 1162 2347 et
1198 2314 1322 2357 corvi,
1361 2315 1430 2359 qui
1466 2317 1506 2350 et
1539 2324 1664 2360 supra
1699 2319 1737 2351 et

239 2366 334 2398 ante
359 2362 446 2398 illos
474 2361 775 2408 proficiscentes
801 2359 1006 2404 volabant,
1046 2363 1085 2396 et
1118 2360 1330 2404 tubicines,
1368 2363 1437 2406 qui
1470 2373 1543 2408 pro
1571 2363 1736 2398 classico

239 2410 375 2446 nescio
402 2420 521 2456 quem
548 2411 743 2445 maestum
769 2411 809 2443 et
834 2407 1051 2453 lugubrem
1077 2418 1221 2443 sonum
1249 2408 1474 2445 ediderunt.

357 2457 580 2501 Timotheo,
606 2456 657 2492 de
683 2466 763 2501 quo
789 2465 914 2502 supra
940 2454 1126 2499 diximum
1153 2459 1243 2501 post
1274 2456 1421 2492 multas
1448 2457 1583 2494 clades
1607 2459 1736 2494 ortho-
1752 2458 1795 2494 11

239 2506 358 2542 doxis
375 2506 506 2542 illatas
523 2508 695 2549 mortuo,
714 2503 856 2539 Ioanni
876 2502 1108 2550 Cappadoci
1128 2503 1275 2539 tradita
1295 2509 1356 2540 est
1375 2505 1571 2541 eeclesiae
1589 2507 1737 2551 guber-

240 2555 362 2598 natio,
388 2562 508 2599 quam
527 2563 600 2599 per
618 2552 824 2588 biennium
843 2551 983 2587 tenuit.
1029 2550 1233 2587 Defuncta
1252 2556 1311 2587 est
1331 2555 1370 2587 et
1388 2554 1528 2599 regina
1545 2552 1737 2590 Ariadne.

359 2601 518 2637 Dicitur
543 2599 792 2646 temporibus
818 2599 933 2646 regni
954 2598 1157 2634 Anastasii
1176 2599 1434 2635 simulacrum
1453 2611 1626 2637 aeneum
1645 2601 1737 2638 For·
1753 2602 1798 2638 12

240 2655 364 2685 tunae
389 2649 574 2685 urbanae
599 2648 735 2694 specie
761 2647 957 2691 muliebri,
985 2646 1093 2692 quod
1111 2647 1282 2682 alterum
1303 2647 1446 2693 pedem
1465 2650 1571 2684 intra
1589 2660 1736 2686 navem

240 2702 335 2732 ante
361 2707 404 2733 se
429 2699 602 2732 stantem
628 2699 668 2731 ct
694 2705 745 2731 ex
772 2695 912 2731 eadem
940 2695 1110 2730 materia
1138 2696 1285 2729 factam
1314 2695 1491 2741 haberet,
1525 2696 1614 2733 loco
1641 2708 1737 2744 quo-

241 2745 333 2780 ‹lam
365 2744 478 2780 urbis
509 2744 676 2779 stetisse.
726 2742 858 2778 Huius
891 2746 1026 2778 autem
1059 2743 1176 2778 navis
1208 2743 1410 2779 simulacri
1442 2744 1506 2780 vel
1534 2749 1736 2782 vetustate
1752 2747 1797 2782 13

241 2794 305 2828 vel
332 2792 486 2828 insidiis
512 2791 744 2826 labefactati
776 2793 912 2837 partes
945 2790 1145 2836 quaedam
1179 2791 1333 2827 fractae
1365 2794 1404 2827 et
1436 2792 1598 2829 ablatae
1631 2799 1735 2830 sunt.

241 2840 340 2876 Inde
366 2849 493 2875 naves
520 2839 732 2875 onerariae
756 2849 838 2874 non
865 2839 943 2874 iam
963 2837 1203 2884 Byzantium
1223 2839 1492 2884 appellebant,
1520 2841 1591 2876 sed
1610 2852 1736 2888 prope
1754 2842 1797 2877 14

240 2887 480 2924 accedentes
505 2887 543 2922 vi
563 2890 775 2922 ventorum
796 2886 1096 2933 repellebantur
1115 2897 1163 2921 ac
1182 2887 1256 2921 nisi
1277 2897 1403 2922 navos
1421 2887 1570 2933 longae
1589 2890 1736 2925 multis-

241 2946 319 2983 que
347 2935 567 2982 remigibus
594 2938 709 2971 actae
735 2935 914 2970 sarcinas
941 2944 1079 2969 carlini
1109 2935 1146 2969 in
1175 2934 1314 2969 urbem
1346 2936 1561 2982 vexisse-ut,
1591 2938 1736 2976 urbani
