2066 3230
353 270 421 307 748
688 270 869 308 ZONAR.
896 271 1025 307 EPIT.
1052 271 1183 307 XVIII
1209 271 1266 316 24,
1294 271 1443 318 18-25,
1468 273 1502 309 3.

352 397 431 438 οὐκ
469 396 642 437 ἀνεκτὸν
679 397 721 442 ἐς
759 396 917 449 ἄνδρας
953 395 1033 450 ἤδη
1066 395 1244 437 τελοῦντι
1275 395 1346 437 καὶ
1378 395 1538 450 γυναικὶ
1567 396 1652 450 πρὸ
1682 396 1839 439 πολλοῦ

352 465 605 519 συναφθέντι
648 468 720 505 τοῦ
765 464 918 510 ἔθνους
960 467 1045 505 τῶν
1082 463 1290 519 Οὔγγρων
1327 465 1516 519 ἀρχηγοῦ
1555 465 1732 520 θυγατρὶ
1769 466 1840 508 καὶ

294 534 338 569 19
350 534 516 575 παίδων
559 533 740 587 γεγονότι
782 533 915 586 πατρί.
978 533 1176 574 ἐδεδοίκει
1220 533 1299 587 γὰρ
1338 533 1432 588 περὶ
1469 538 1519 589 τῇ
1558 534 1668 589 ἀρχῇ
1705 537 1731 589 ἢ
1769 534 1840 576 καὶ

349 601 443 656 περὶ
480 602 584 655 αὐτῇ
620 606 670 655 τῇ
714 602 819 655 ζωῇ,
865 601 981 655 ὁρῶν
1018 601 1091 655 τὴν
1127 603 1286 657 μητέρα
1323 602 1481 657 πολλὴν
1511 603 1605 657 περὶ
1634 603 1709 658 τὴν
1738 619 1838 657 πρε-

351 671 553 724 σβυτέραν
595 673 679 710 τῶν
723 670 971 724 θυγατέρων
1009 671 1326 726 ἐπιδεικνυμένην
1365 672 1501 726 σχέσιν
1538 671 1610 713 καὶ
1644 672 1739 727 περὶ
1768 672 1874 716 τόν5

291 740 337 774 2Ο
350 737 413 780 ἐπ’
447 739 552 793 αὐτῇ
587 738 792 793 κηδεστὴν
828 738 899 780 τὸν
933 739 1171 793 Βρυέννιον.
1235 741 1337 782 ὅθεν
1378 741 1517 796 μετῄει
1553 741 1599 782 τὸ
1632 743 1888 796 συγγενές,1)
1909 752 1961 789 IV
1979 752 2049 790 247

350 806 450 848 ἀλλὰ
482 808 622 861 μέντοι
652 807 723 848 καὶ
754 807 1009 862 ξύμπαντας,
1042 807 1113 850 καὶ
1143 807 1191 850 τὰ
1223 807 1325 851 καθ’
1359 809 1507 852 ἑαυτὸν
1536 810 1645 864 πρὸς
1665 811 1839 853 ἕκαστον

299 875 567 929 Βλαθραίως
599 875 932 930 ἅποκλαιόμενος
964 877 1244 932 ἀνεμίμνησκε
1274 882 1358 920 τῶν
1385 879 1530 933 ὅρκων
1549 878 1647 926 τοὺς
1667 880 1837 934 ἄνδρας,

350 946 424 990 οὓς
456 946 496 985 οἳ
532 945 716 991 πλείονες
753 945 893 987 αὐτῶν
929 945 1036 1000 ἦσαν
1080 946 1368 1001 ὀμωμοκότες,
1414 948 1475 994 ὡς
1507 949 1586 1003 οῧχ
1617 949 1757 1003 ἕτερον
1787 950 1839 990 ἂν

290 1014 332 1049 21
348 1012 463 1067 παρὰ
500 1017 647 1055 τοῦτον
682 1012 785 1067 μετὰ
824 1013 895 1055 τὸν
931 1016 1088 1069 πατέρα
1128 1016 1312 1064 δέξαιντο
1350 1017 1653 1071 αὐτοκράτορα.
1717 1018 1757 1059 οἷ
1794 1017 1839 1060 δὲ
1855 1024 1899 1060 10

349 1082 476 1124 αὐτὸν
507 1083 799 1137 ἐπεθάρρυνον
830 1082 901 1125 καὶ
933 1084 1140 1139 ἐπαρῆξαί
1168 1085 1208 1126 οἷ
1238 1089 1389 1139 καιροῦ
1420 1086 1648 1133 καλοῦντος
1671 1087 1838 1141 προθυ-

290 1152 336 1187 22
347 1150 508 1205 μότατα
530 1152 842 1206 ἐπηγγέλλοντο,
866 1152 1010 1206 ὅρκοις
1032 1154 1307 1207 ἐμπεδοῦντες
1327 1154 1400 1200 τὰς
1420 1155 1675 1209 ὑποσχέσεις.
1712 1159 1838 1197 ταῦτα

351 1219 396 1261 δὲ
431 1219 505 1274 τὴν
542 1221 743 1274 βασιλίδα
777 1222 855 1263 οὐκ
900 1222 1175 1276 ἐλελήθεισαν,
1222 1220 1272 1264 δι’
1306 1225 1332 1264 ἃ
1363 1222 1435 1264 καὶ
1472 1224 1744 1278 προσώχθισε
1779 1229 1839 1278 τῷ

290 1289 335 1324 23
349 1289 442 1342 υἱῷ.
505 1289 696 1331 ἐντεῦθεν
726 1291 850 1332 παντί
876 1307 959 1332 που
991 1292 1196 1339 καθάπαξ
1225 1292 1438 1346 προσιέναι
1469 1293 1510 1333 οἳ
1530 1292 1738 1347 ἀπείρητο,
1769 1293 1841 1334 καὶ

289 1358 335 1393 24
348 1357 558 1399 πάντοθεν
602 1359 756 1400 σκοποί
794 1376 836 1401 τε
874 1359 945 1401 καὶ
984 1365 1240 1415 κατοπτῆρες
1279 1359 1386 1414 ἦσαν
1422 1361 1562 1402 αὐτοῦ.
1625 1361 1649 1402 ὁ
1687 1359 1733 1402 δὲ
1768 1361 1839 1403 καὶ
1858 1365 1899 1401 15

350 1426 486 1472 οὕτως
517 1427 596 1468 οὐκ
629 1427 803 1469 ἐπαύετο
834 1428 942 1482 πρὸς
973 1428 1120 1470 ἑαυτὸν
1152 1427 1302 1483 σχεδὸν
1332 1428 1428 1476 τοὺς
1455 1429 1697 1483 σύμπαντας
1718 1430 1837 1484 ἐφελ-

349 1493 541 1548 κόμενος,
581 1494 677 1542 τοὺς
707 1495 785 1550 μὲν
817 1494 868 1538 δι’
902 1498 1066 1550 ἑαυτοῦ,
1104 1496 1200 1543 τοὺς
1233 1496 1277 1538 δὲ
1310 1497 1375 1539 διὰ
1407 1500 1492 1538 τῶν
1522 1498 1839 1552 προσκειμένων

75 1561 276 1599 P11303A
289 1563 334 1599 25
349 1562 475 1616 αὐτῷ.
548 1565 791 1618 προσέκειτο
836 1564 873 1606 δ’
915 1566 1031 1619 αὐτῷ
1076 1566 1146 1607 καὶ
1191 1569 1277 1607 τῶν
1320 1565 1518 1620 ἀδελφῶν
1557 1566 1580 1607 ὃ
1619 1566 1838 1620 νεώτερος·

347 1631 527 1685 θάτερος
559 1632 605 1673 δέ
636 1648 692 1686 γε,
725 1633 884 1688 δηλαδὴ
913 1634 936 1675 ὁ
956 1633 1234 1688 Ἀνδρόνικος,
1265 1638 1327 1688 τῷ
1358 1633 1551 1688 συγγόνῳ
1583 1633 1654 1675 καὶ
1684 1634 1846 1688 βασιλεῖ

348 1700 594 1754 ἠναντίωτο·
639 1701 721 1756 ἤδη
761 1700 840 1756 γὰρ
880 1701 950 1743 καὶ
988 1700 1102 1744 οὗτοι
1138 1702 1428 1757 ἀνδρωθέντες
1459 1702 1616 1757 γυναιξὶ
1647 1702 1838 1752 συνεζεύ-
1853 1708 1900 1743 20

419 1875 441 1909 2
466 1873 632 1920 οῧγκρων
657 1875 693 1910 D
828 1876 850 1911 3
874 1876 968 1921 παρὰ
995 1875 1025 1911 Β
1156 1877 1179 1912 4
1204 1877 1258 1912 ἐπὶ
1283 1883 1326 1923 τῆ
1348 1878 1565 1923 πρεσβυτέρα
1590 1877 1622 1912 Ε
1742 1878 1765 1913 5
1789 1877 1839 1913 ἒν-

419 1923 626 1967 δεικνυμένη
654 1923 685 1958 Ε
805 1924 900 1969 παρὰ
925 1924 956 1958 Β
1078 1925 1147 1969 τὸν]
1175 1925 1236 1970 τὴν
1263 1926 1294 1960 Ε
1418 1926 1439 1960 6
1464 1926 1644 1971 βρυέννιον
1669 1924 1837 1971 prDl‘.

418 1971 577 2016 βρυένιον
602 1970 669 2007 AC
767 1972 789 2006 9
813 1972 952 2011 πλείους
980 1972 1010 2008 Ο
1111 1973 1156 2007 10
1181 1973 1219 2008 δὲ
1244 1972 1361 2016 ARW,
1391 1973 1423 2007 δ’
1450 1973 1556 2019 1)*Πὶ
1667 1973 1711 2008 12
1736 1974 1838 2018 ἐπηγ-

418 2018 556 2063 γέλοντο
583 2018 669 2064 w*p
696 2020 831 2054 invitis
858 2019 928 2055 AR
1027 2021 1071 2055 13
1097 2026 1139 2066 τῆ
1162 2021 1314 2066 βασιλίδι
1340 2021 1371 2056 Ε
1470 2021 1514 2056 15
1539 2021 1634 2056 αὐτῶ
1660 2021 1826 2066 BD(wp)

419 2066 535 2104 αὐτοῖς
561 2067 593 2101 Ε
693 2067 735 2101 16
762 2067 888 2112 σχεδὸν
914 2071 1004 2113 post
1029 2069 1228 2112 σύμπαντας
1255 2068 1286 2104 Ο
1396 2068 1475 2107 τοὺς
1503 2079 1577 2104 om.
1603 2069 1635 2103 B
1732 2069 1838 2114 ὕφελ-

418 2114 568 2159 κόμενος
592 2114 661 2149 BD
760 2115 806 2150 18
831 2115 870 2150 δὲ
896 2115 924 2152 C
1025 2116 1067 2151 19
1092 2117 1213 2161 ἅτερος
1237 2116 1285 2159 D,
1312 2127 1350 2151 V.
1377 2117 1428 2152 ad
1454 2116 1567 2152 XVII
1594 2116 1648 2160 15,
1674 2116 1697 2151 2

347 2281 502 2325 marito,
542 2281 664 2317 ducta
692 2281 924 2328 Ungi-orum
950 2284 1142 2329 principis
1168 2284 1248 2318 filia
1279 2285 1580 2329 procreatisque
1611 2284 1758 2329 liberis,
1795 2283 1836 2319 id

288 2324 333 2359 19
347 2329 557 2364 ferendum
584 2340 666 2365 non
693 2334 791 2366 erat.
839 2330 941 2367 Nam
967 2332 1143 2376 timebat,
1170 2342 1221 2366 ne
1246 2332 1414 2377 imperio
1441 2332 1646 2367 excideret
1663 2334 1734 2367 aut
1752 2332 1837 2367 vita

347 2376 467 2411 etiam
486 2377 727 2422 privaretur,
755 2389 845 2414 cum
864 2383 1015 2424 quanto
1035 2389 1172 2414 amore
1195 2382 1323 2414 mater
1348 2380 1469 2414 filiam
1496 2382 1595 2414 natu
1619 2380 1836 2414 maximam

287 2420 334 2455 20
348 2426 386 2459 et
403 2434 601 2469 generum
622 2425 869 2470 Bryennium
895 2429 1209 2472 prosequeretur
1234 2431 1427 2463 cerneret.
1478 2427 1621 2472 Itaque
1641 2430 1837 2473 cognatos

221 2471 261 2516 <x
348 2472 617 2507 conveniebat
642 2475 764 2518 atque
791 2474 894 2510 adeo
921 2475 1125 2520 populum,
1160 2478 1348 2520 statuque
1374 2485 1509 2510 rerum
1537 2485 1702 2510 suarum
1727 2475 1837 2520 apud

243 2520 245 2523 “
347 2519 529 2565 singulos
549 2520 647 2555 clam
669 2521 931 2566 deplorando,
960 2523 1068 2557 viros
1089 2522 1139 2558 de
1158 2522 1420 2558 iureiurando
1440 2523 1837 2567 commonefaciebat,

348 2577 426 2611 quo
455 2567 637 2613 plerique
664 2569 843 2604 obstricti
869 2571 1136 2615 promiserant
1162 2580 1204 2605 se
1231 2573 1321 2615 post
1346 2573 1500 2615 patrem
1527 2580 1608 2605 non
1634 2570 1837 2606 delaturos

287 2611 330 2646 21
348 2624 436 2649 esse
462 2615 674 2660 imperium
700 2616 776 2651 nisi
802 2617 888 2662 ipsi.
939 2617 970 2652 Ii
1003 2627 1101 2652 vero
1137 2628 1229 2652 eum
1263 2618 1565 2661 confirmabant,
1605 2617 1837 2662 pollicentes

347 2672 389 2696 se
415 2663 663 2707 temporibus
690 2665 931 2709 urgentibus
950 2665 1102 2700 auxilia
1123 2665 1256 2701 statim
1275 2675 1363 2700 esse
1381 2665 1533 2699 laturos
1552 2667 1591 2700 ct
1610 2666 1836 2700 sancientes

287 2707 333 2742 22
347 2709 609 2745 iureiurando
630 2721 735 2756 quae
753 2712 1058 2756 pollicebantur.
1110 2712 1222 2754 Quae
1243 2723 1333 2748 cum
1351 2713 1534 2757 reginam
1552 2723 1634 2747 non
1650 2713 1834 2756 laterent,

287 2755 333 2789 23
346 2757 449 2791 irata
475 2757 601 2792 edixit
627 2769 678 2793 ne
705 2760 793 2804 quis
819 2760 944 2794 filium
971 2761 1217 2804 conveniret,
1244 2760 1565 2805 speculatoribus
1591 2763 1630 2794 et
1649 2760 1835 2795 observa-

287 2802 333 2836 24
346 2804 501 2839 toribus
532 2806 714 2850 undique
748 2807 962 2842 collocatis.
1013 2807 1142 2844 Nihilo
1178 2810 1312 2843 tamen
1338 2807 1402 2842 ille
1429 2808 1559 2842 secius
1585 2808 1670 2842 fere
1698 2818 1834 2842 omnes

347 2851 398 2885 ad
426 2862 468 2886 se
495 2852 656 2888 allicere
682 2864 763 2888 non
790 2854 1018 2899 desistebat,
1058 2855 1157 2890 alios
1187 2865 1260 2900 per
1291 2858 1416 2890 semet
1449 2855 1591 2900 ipsum,
1629 2855 1728 2889 alios
1763 2865 1835 2900 per

286 2896 333 2931 25
347 2899 456 2933 viros
493 2901 555 2935 sui
594 2901 809 2937 studiosos.
860 2901 1058 2938 studebat
1095 2906 1230 2938 autem
1269 2903 1306 2938 ei
1339 2902 1469 2938 minor
1502 2912 1664 2947 quoque
1698 2903 1835 2944 frater,

348 2945 472 2980 altero
500 2945 731 2983 Andronico
760 2950 873 2984 fratri
901 2950 1112 2995 eidemque
1139 2950 1225 2996 regi
1253 2950 1512 2994 adversante3
1551 2961 1643 2984 nam
1669 2950 1707 2983 hi
1740 2960 1834 2994 quo-
