2054 3282
450 205 779 247 PHILIPPICVS
803 204 1083 247 BARDANES
1107 204 1422 246 IMPERATOR.
1614 200 1686 240 243

188 331 214 374 ὁ
241 331 419 388 μάταιος
449 331 672 387 ἠκύρωσεν
702 331 805 374 ὅσον
833 331 881 374 τὸ
911 328 1002 374 κατ’
1035 329 1162 373 αὐτὸν
1199 330 1251 373 δι’
1288 330 1418 386 αὐτῆς
1451 328 1527 384 τὴν
1565 329 1686 385 ἁγίαν

187 401 348 456 ἐκείνην
373 400 566 443 σύνοδον.
627 401 783 455 λέγεται
804 399 884 455 γὰρ
905 400 996 455 ἄρτι
1015 403 1089 442 τοῦ
1110 398 1310 442 Λεοντίου
1341 403 1428 442 τῶν
1458 399 1722 454 σκήπτρων2

187 469 491 525 ἔπειλημμένου
528 469 869 524 χρησμοδοτῆσαι
905 469 1042 523 τούτῳ
1074 468 1126 523 δὴ
1158 473 1220 523 τῷ
1256 468 1494 522 Φιλιππικῷ
1524 467 1599 522 τὴν
1630 468 1687 514 εἷς

186 537 259 580 τὸν
293 539 500 594 βασίλειον
536 538 697 592 θρόνον
728 537 955 592 ἀναγωγὴν
983 537 1175 592 μοναχόν
1204 553 1292 579 τινα
1323 537 1555 592 ἔγκλειστον
1586 537 1685 578 ὄντα

150 612 174 648 5
188 607 233 648 ἒν
269 611 319 662 τῇ
357 610 430 648 τοῦ
467 605 779 660 Καλλιστράτου
817 610 930 661 μονῇ
974 606 1046 647 καὶ
1088 610 1161 660 τῆς
1201 606 1482 660 προρρήσεως
1525 605 1686 660 αἰτῆσαι
1700 612 1749 649 W
1764 612 1883 649 11180

185 674 343 728 μισθὸν
372 674 448 729 τὴν
477 679 550 730 τῆς
568 675 690 728 ἕκτης
711 673 893 716 συνόδου
917 675 1114 729 ἀθέτησιν
1146 673 1216 729 (ἦν
1237 674 1318 729 γὰρ
1337 679 1410 729 τῆς
1429 677 1516 716 τῶν
1537 673 1685 716 Μονο-

186 742 378 798 θελητῶν
398 743 423 784 ὁ
442 741 632 797 μοναχός
653 743 810 789 ἐκεῖνος
831 742 1064 797 αἱρέσεως),
1097 742 1168 784 καὶ
1199 742 1270 785 τὸν
1290 743 1561 798 ὑποσχέσθαι.
1612 742 1722 797 τὴν3

185 811 265 866 μὲν
304 810 380 853 οὗν
423 810 719 866 οἷκουμενικὴν
762 811 884 866 ἕκτην
927 811 1110 853 σύνοδον
1154 811 1388 866 ἠκύρωσεν,
1433 812 1496 859 ὡς
1538 811 1686 854 ἐδόκει.
1702 817 1876 855 Ρ1198Α

187 879 314 927 αὐτὸς
345 879 391 922 δὲ
427 879 596 934 σωροὺς
633 880 865 934 χρημάτων
903 879 951 920 ἐκ
993 879 1283 934 παλαιοτέρων
1324 880 1723 935 θησαυρισθέντας4

127 955 174 992 10
187 947 516 1003 αὐτοκρατόρων
546 949 591 990 ἓν
620 952 705 995 τοῖς
735 948 954 1002 βασιλείοις
985 947 1125 1003 εὑρὼν
1155 949 1212 994 εἷς
1244 948 1368 991 οὐδὲν
1401 948 1498 990 δέον
1527 949 1688 996 τούτοις

186 1018 452 1073 χρησάμενος
493 1016 542 1057 τὰ
585 1017 715 1058 πλείω
760 1016 1021 1070 διεσκόρπισε
1065 1016 1132 1058 διὰ
1176 1017 1359 1072 βραχέος
1401 1021 1571 1072 καιροῦ·
1615 1017 1687 1059 καὶ

186 1086 292 1141 τάχα
331 1085 403 1127 καὶ
437 1086 600 1127 ἅπαντα
644 1085 940 1140 κατηνάλωσεν
982 1086 1046 1133 ἄν,
1089 1086 1128 1127 εἰ
1162 1085 1228 1126 ἐπὶ
1263 1085 1391 1127 πλέον
1421 1090 1470 1141 τῇ
1501 1086 1686 1140 βασιλείᾳ

187 1155 467 1210 προσέμεινεν.
529 1155 573 1196 ἒν
608 1154 686 1209 μὲν
725 1153 805 1209 γὰρ
841 1159 902 1209 τῷ
933 1154 1063 1208 λέγειν
1093 1154 1228 1196 ἐδόκει
1261 1155 1596 1209 ῥητορικώτατος
1625 1154 1685 1210 μὴ
1701 1164 1723 1199 ἴ)

189 1224 382 1279 ἀμοιρῶν
411 1239 453 1266 τε
478 1224 696 1271 συνέσεως,
728 1223 773 1265 ἒν
804 1222 850 1264 δὲ
880 1227 942 1278 τῷ
971 1223 1162 1278 πράττειν
1192 1223 1244 1278 ἦν
1275 1224 1530 1278 ξυμπάντων
1561 1224 1687 1265 ἀσυν-

192 1356 237 1392 13
261 1355 334 1395 οἷος
358 1355 402 1401 ἦν
425 1354 503 1400 περὶ
526 1354 672 1400 πράξεις
696 1355 718 1389 ὁ
745 1353 954 1393 Φιλιππικάς
980 1353 1044 1391 ΟΕ

263 1475 296 1510 1.
322 1474 344 1509 2
369 1474 518 1510 σύνοδον
544 1473 683 1519 ε’κείνην
707 1473 770 1520 τὴν
795 1473 902 1519 ἱεράν.
930 1473 961 1509 Ο
1095 1473 1118 1509 5
1141 1474 1354 1520 προρήσεως
1379 1475 1466 1520 (sie)
1494 1473 1528 1510 A
1555 1476 1608 1517 (v.
1635 1474 1688 1510 ad

260 1522 352 1558 XIV
381 1523 435 1567 ll,
462 1522 510 1567 7),
534 1522 761 1567 προςρήσεως
786 1521 818 1556 Β
952 1522 972 1557 7
999 1526 1094 1558 ante
1119 1521 1181 1567 τὴν
1208 1523 1299 1558 add.
1325 1523 1386 1558 καὶ
1413 1522 1445 1558 Ε
1577 1524 1600 1557 8
1625 1523 1688 1558 οὖν

262 1596 461 1606 .........
476 1583 544 1604 κυν
574 1569 671 1605 amem
702 1569 780 1605 οὐδ’
806 1568 1086 1615 ἀρχιερωῖσύνης
1112 1569 1160 1614 D,
1198 1570 1262 1605 οὖν
1292 1570 1548 1617 οἶκουμενικὴν
1581 1571 1689 1616 ἕκτην

260 1619 411 1655 σύνοδον
435 1617 625 1664 ἠκύρωσεν
651 1617 701 1656 ὥς
726 1618 855 1663 suppl.
883 1624 923 1653 et
947 1627 1050 1653 corr.
1070 1617 1139 1655 Dw
1236 1618 1258 1653 9
1284 1619 1325 1654 δέ
1341 1631 1395 1653 σοι
1415 1617 1464 1663 D,
1490 1617 1530 1654 δὲ
1546 1618 1688 1663 σωροὺς

261 1676 363 1702 corr.
390 1665 459 1703 Dw
565 1665 755 1711 πηποτέρω
780 1665 1063 1711 ε’παρπεισθέντας
1089 1665 1135 1710 D,
1161 1666 1404 1711 παλαιοτέρων
1430 1666 1687 1711 θησαυρισθέν-

261 1728 321 1753 τας
347 1723 448 1749 corr.
470 1712 538 1751 Dw
639 1713 684 1748 10
707 1713 813 1748 αὐτον
838 1713 1062 1758 κελτήμυραν
1088 1740 1096 1749 .
1125 1740 1133 1749 .
1162 1741 1168 1748 .
1196 1741 1203 1749 .
1229 1715 1418 1760 βασιλείοις
1444 1714 1492 1759 D,
1518 1715 1687 1759 αὐτοκρα·

261 1762 375 1807 τόρων
398 1761 436 1796 ἐν
459 1767 529 1800 τοῖς
555 1771 657 1797 corr.
685 1764 725 1796 et
752 1761 883 1807 suppl.
911 1761 979 1799 Dw
1086 1762 1139 1797 10.
1168 1762 1210 1796 11
1237 1762 1441 1807 εὐνωάγανῖ
1460 1788 1686 1798 ..........

261 1809 447 1855 χρώμενος
472 1808 520 1853 D,
546 1808 662 1854 εὑρὼν
686 1809 734 1848 εἷς
759 1809 864 1845 οὐδὲν
889 1809 969 1845 δέον
995 1809 1127 1848 τούτοις
1154 1819 1256 1846 corr.
1284 1813 1324 1846 et
1349 1810 1478 1856 suppl.
1507 1810 1575 1849 Dw

263 1858 306 1892 11
332 1857 516 1902 χρώμενος
542 1856 640 1903 pr
764 1857 950 1902 χρώμενος
977 1883 1318 1893 ...............
1331 1871 1411 1893 πισε
1437 1857 1484 1901 D,
1511 1857 1553 1894 τὰ
1576 1858 1686 1893 πλείω

261 1906 405 1949 διεσκόρ
431 1905 472 1940 in
498 1905 645 1940 lacuna
670 1905 800 1951 suppl.
827 1904 896 1943 Dw
1132 1906 1188 1940 11.
1216 1906 1260 1940 12
1285 1919 1341 1941 κα
1338 1905 1557 1951 θελγιθελην
1582 1906 1687 1941 αὐτὸν

263 1978 845 1989 .........................
872 1958 914 1998 τῇ
939 1952 986 1997 D,
1013 1959 1157 1998 καιροῦ
1185 1954 1244 1989 καὶ
1271 1954 1359 1999 τάχα
1379 1953 1439 1988 καὶ
1457 1954 1589 1990 ἅπαντα
1606 1968 1687 1988 κατ-

261 2001 440 2046 ηνάλωσεν
465 2000 508 2035 ἀν
533 2001 619 2043 (sic)
645 2001 674 2035 εἶ
699 2000 754 2036 ἐπὶ
778 2001 883 2035 πλέον
909 2011 1010 2036 eorl.
1039 2006 1078 2036 et
1103 2001 1232 2047 suppl.
1257 2001 1326 2039 Dw
1432 2001 1475 2036 13
1497 2002 1687 2046 προςέμετε

263 2074 851 2084 .........................
875 2047 927 2094 μὴ
954 2048 1000 2092 Ι),
1026 2049 1263 2094 προςέμεινεν.
1288 2049 1325 2084 έν
1342 2049 1407 2093 μὲν
1425 2048 1491 2094 γὰρ
1509 2054 1559 2094 τῷ
1576 2050 1687 2095 λέγειν

260 2097 376 2132 ἐδόκει
400 2095 682 2142 ρητορικώτατος
709 2106 811 2132 corr.
838 2099 878 2131 et
903 2097 1033 2142 suppl.
1060 2096 1127 2135 Dw
1236 2097 1278 2132 14
1303 2097 1427 2142 συζνέτι
1456 2123 1611 2133 .......
1636 2102 1686 2132 τῶ

260 2144 423 2189 πράττειν
451 2169 866 2180 ..................
892 2144 952 2179 καὶ
975 2144 1022 2188 D,
1048 2145 1233 2190 συνέσεως,
1259 2145 1296 2180 έν
1319 2145 1359 2180 δὲ
1382 2151 1433 2190 τῷ
1457 2145 1619 2190 πράττειν
1644 2145 1687 2191 ἦν

262 2191 476 2237 συμπάντων
502 2192 555 2236 (v.
582 2191 635 2227 ad
660 2191 758 2227 XIII
783 2191 816 2236 5,
845 2192 879 2235 1)
905 2191 1163 2231 ἀσυνετώτατος
1189 2203 1291 2228 corr.
1318 2196 1358 2228 et
1382 2193 1512 2239 suppl.
1541 2192 1609 2231 Dw

309 2240 566 2285 ἀσυνετώτερος
591 2239 672 2285 ΑΕ,
697 2239 953 2279 ἀσυνετώτατος
979 2239 1192 2286 BCwap,
1219 2251 1256 2276 v.
1284 2240 1335 2276 ad
1362 2239 1459 2276 XIII
1484 2241 1517 2286 3,
1544 2240 1566 2276 6

193 2363 389 2406 quantum
428 2359 470 2395 in
508 2360 595 2406 ipso
623 2360 710 2404 fuit,
748 2369 906 2395 sacram
943 2359 1051 2395 illam
1078 2359 1279 2404 synodum
1306 2360 1536 2407 abrogavit.
1586 2359 1724 2397 Nam2

192 2408 362 2444 Leontio
375 2407 495 2443 modo
510 2411 712 2454 sceptrum
739 2407 887 2463 adepto
915 2408 1043 2443 fertur
1068 2407 1247 2443 inclusus
1275 2408 1437 2453 quidam
1466 2409 1688 2444 monachus

192 2457 233 2492 in
259 2455 474 2492 Callistrati
516 2456 772 2496 monasterio,
811 2455 879 2500 qui
911 2454 1263 2491 Monothelitarum
1296 2459 1446 2492 sectam
1485 2457 1689 2503 probaret,

193 2505 285 2540 huic
313 2504 532 2549 Philippico
568 2504 684 2549 regni
723 2503 980 2549 adeptionem
1007 2503 1258 2548 praedixisse
1296 2505 1466 2550 eiusque
1493 2504 1687 2551 praedicti

192 2551 418 2587 mercedem
445 2555 585 2586 sextae
611 2550 1078 2597 synodiabrogationem
1106 2551 1332 2596 stipulum,
1359 2555 1399 2587 et
1413 2552 1475 2588 hie
1489 2552 1689 2598 pollicitus

193 2610 293 2635 esse.
342 2598 402 2634 Ae
428 2605 583 2634 sextam
612 2599 912 2634 oecumenicam
941 2598 1141 2645 synodum
1167 2599 1396 2646 abrogavit,
1435 2603 1480 2635 ut
1506 2600 1687 2646 putabat.
1702 2599 1724 2634 3

194 2646 291 2683 Cum
324 2656 422 2682 vero
449 2647 897 2692 acervospecuniarum
925 2656 949 2681 a
976 2647 1181 2682 veteribus
1199 2647 1425 2683 cumulatos
1440 2646 1724 2693 imperatori-4

194 2695 270 2730 bus
285 2695 325 2729 in
339 2694 455 2740 regia
469 2695 723 2741 repperisset,
742 2695 934 2730 maiorem
952 2698 1105 2740 partem
1124 2695 1165 2729 in
1180 2694 1311 2731 nullos
1324 2705 1423 2730 usus
1437 2696 1689 2731 necessarios

194 2742 413 2778 adhibitam
440 2741 650 2789 dissipavit
684 2742 835 2787 exiguo
862 2745 1060 2787 tempore;
1099 2745 1222 2787 atque
1260 2752 1418 2778 omnem
1445 2743 1583 2778 forsan
1622 2743 1689 2778 ab·

194 2790 441 2835 sumpsisset,
466 2790 497 2824 si
525 2790 677 2825 diutius
704 2790 1093 2835 regnumtenuisset.
1143 2789 1243 2826 Nam
1271 2790 1310 2826 in
1327 2790 1499 2826 dicendo
1526 2790 1725 2836 quidem5

196 2837 480 2872 disertissimus
518 2837 746 2873 habebatur
783 2848 859 2873 nee
893 2837 1133 2883 prudentiae
1170 2847 1327 2883 expers,
1371 2837 1422 2873 ad
1457 2848 1522 2873 res
1553 2841 1688 2874 autem

196 2885 398 2931 gerondas
429 2890 515 2920 orat
554 2886 728 2920 omnium
771 2886 1040 2932 ineptissimus
1078 2890 1118 2921 et
1156 2886 1320 2931 ingenio
1359 2886 1478 2932 plane
1517 2886 1688 2923 sinistro.
