2054 3282
602 297 930 337 NICEPHORVS
956 297 1130 336 VVLGO
1156 295 1370 335 INVISVS.
1664 294 1735 333 505

241 421 313 464 καὶ
343 422 531 476 εὗαγέσιν
562 422 694 468 οἴκοις
723 420 928 467 ἐπετείους
959 419 1094 466 δόσεις
1124 419 1322 475 ἔσχόλασε
1347 419 1497 460 τέλεον.
1559 417 1642 459 εἶτα
1664 417 1736 459 καὶ
1752 424 1795 461 17
1820 423 2015 460 W111162

241 491 441 545 ψήφισμα
478 490 684 545 βασίλειον
720 490 841 531 ἔθετο
877 489 922 531 ἒν
960 489 1166 543 ἀκινήτοις
1201 487 1275 534 τὰς
1313 487 1533 542 ἐκκλησίας
1567 486 1628 541 μὴ
1661 486 1734 541 ἒμ-

238 558 532 611 πλατύνεσθαι,
564 557 635 600 καὶ
666 558 692 613 ἡ
723 557 946 612 πρόφασις,
978 557 1038 598 ὅτι
1069 553 1160 598 κατ’
1192 556 1350 598 ἐκεῖνον
1380 555 1464 598 ὑπὸ
1490 559 1575 597 τῶν
1596 555 1735 610 ἀρχιε-

240 627 353 680 ρέων
383 627 464 668 οὒκ
495 627 552 673 εἷς
585 627 682 668 δέον
711 626 760 667 τὰ
789 629 876 667 τῶν
907 625 1141 680 ἐκκλησιῶν
1171 624 1469 666 ἀναλίσκονται.
1530 623 1613 666 εἶτα
1650 626 1736 665 τῶν
1751 630 1796 666 18

204 702 228 739 5
241 695 330 737 τότε
360 695 591 750 ἀρχιερέων
617 695 688 736 καὶ
707 698 781 736 τοῦ
804 693 1099 749 ἀρχιποίμενος
1119 691 1393 734 Πολυεύκτου
1416 693 1737 748 διαφερομένων

240 762 335 817 περὶ
363 766 449 805 τῶν
479 764 658 818 ψήφων,
690 763 762 805 καὶ
791 765 877 804 τῶν
900 762 979 817 μὲν
999 762 1056 808 εἰς
1077 760 1251 808 ἑαυτοὺς
1271 760 1479 803 ἑλκόντων
1499 760 1574 816 τὴν
1594 760 1737 802 ἄδειαν

15 875 37 919 2
240 835 314 873 τοῦ
344 832 606 886 ψηφίζεσθαι
637 833 712 878 οὓς
741 833 794 873 ἂν
826 831 1063 886 ἐγκρίνοιεν,
1104 833 1177 871 τοῦ
1210 829 1256 871 δὲ
1285 828 1358 876 τὰς
1387 829 1566 884 ψήφους
1597 829 1735 871 αι’τιω-

18 909 96 971 {D
114 912 167 949 1v
181 913 228 949 82
239 900 371 954 μένου
403 900 466 946 ὡς
496 900 576 941 οὐκ
607 899 792 946 ἀπαθῶς
822 899 1042 954 γινομένας
1072 898 1172 940 οὐδὲ
1202 897 1308 940 κατὰ
1335 898 1508 953 γνώμης
1529 897 1736 952 εὐθύτητα

241 967 311 1010 καὶ
344 969 597 1014 σπεύδοντος
628 969 875 1010 κοινοῦσθαι
906 968 1023 1009 αὐτιῦ
1053 966 1150 1014 τοὺς
1180 967 1383 1021 ἀρχιερεῖς
1412 966 1507 1020 περὶ
1533 970 1618 1008 τῶν
1637 965 1735 1020 μελ-
1751 970 1781 1007 C

183 1035 400 1086 Ιολόντων
419 1036 694 1091 ψηφίζεσθαι,
726 1037 751 1078 ὁ
771 1035 963 1091 βασιλεὺς
983 1036 1184 1091 ἀφορμῆς
1215 1035 1262 1077 ἐκ
1293 1034 1442 1077 τούτου
1475 1035 1738 1090 δραξάμενος

241 1105 299 1150 εἷς
330 1105 486 1147 οἰκείαν
516 1105 708 1153 ἐξουσίαν
738 1104 784 1147 τὸ
815 1108 900 1146 πᾶν
926 1109 999 1160 τῆς
1019 1106 1104 1146 τῶν
1125 1103 1367 1145 ἐπισκόπων
1389 1104 1611 1158 μετήνεγκε
1630 1119 1736 1157 προ-

241 1173 467 1228 χειρίσεως,
511 1173 674 1228 μηδένα
705 1172 904 1220 κελεύσας
935 1174 1109 1228 γνώμης
1139 1172 1236 1226 ἄτερ
1267 1172 1396 1214 αὐτοῦ
1428 1172 1486 1218 εἰς
1515 1171 1739 1226 ἐκκλησίαν

241 1241 478 1296 οἱανδήτινα
521 1241 779 1283 στέλλεσθαι·
824 1240 927 1283 ἀλλὰ
970 1241 1052 1283 κᾶν
1088 1241 1299 1295 ἐτεθνήκει
1335 1240 1574 1293 ἐπίσκοπος,
1618 1241 1736 1295 βασι-
1754 1246 1797 1281 19

241 1309 358 1352 λικὸν
400 1310 609 1365 ὑπηρέτην
652 1311 709 1356 εἷς
751 1309 826 1365 τὴν
862 1310 1128 1365 χηρεύσασαν
1168 1309 1390 1364 ἐκκλησίαν
1427 1309 1631 1363 ἐξέπεμπε
1667 1308 1739 1350 καὶ

184 1392 229 1429 15
242 1378 450 1433 γλίσχρως
475 1378 577 1432 παρ’
600 1378 760 1420 ἐκείνου
791 1381 876 1419 τῶν
907 1378 1150 1432 ἀναγκαίων
1178 1378 1410 1431 γινομένων
1431 1377 1737 1431 ἀναλωμάτων,

242 1446 370 1493 αὐτὸς
399 1447 602 1502 ᾠκειοῦτο
632 1445 681 1488 τὰ
711 1447 1007 1501 περιττεύοντα.
1070 1446 1121 1488 οὗ
1144 1446 1323 1488 διέλιπον
1345 1443 1382 1487 δ’
1406 1446 1451 1487 ἓν
1471 1449 1558 1492 ταῖς
1578 1446 1739 1500 χώραις
1751 1451 1798 1487 20

243 1515 423 1563 ἁπάσαις
465 1516 594 1558 αὐτοῦ
637 1515 927 1570 βασιλεύοντος
970 1515 1232 1569 ἀπογραφεῖς
1268 1513 1526 1569 στελλόμενοι
1565 1513 1739 1556 ἐπόπται

246 1634 292 1670 16
315 1634 381 1670 ὅσα
406 1634 455 1673 εἷς
480 1633 645 1669 κάκωσιν
670 1637 741 1669 τῶν
762 1633 935 1679 ὑπηκόων
961 1633 1063 1672 οὗτος
1088 1633 1110 1668 ὁ
1130 1631 1295 1680 βασιλεις
1320 1631 1469 1667 ἐπενόει
1495 1645 1556 1668 και
1581 1645 1637 1668 oca
1661 1631 1738 1667 ἑθέ-

243 1682 363 1724 σπιζεν
388 1681 586 1724 (ἐθέσπισεν
611 1680 657 1726 Ε)
684 1681 823 1726 ἄθεσμα
850 1679 912 1718 ΟΕ

316 1796 334 1831 1
361 1795 519 1841 εὖάγεσιν
530 1795 592 1879 X*
747 1794 901 1834 ἔπετιόυς
926 1794 974 1840 D,
1002 1805 1104 1831 corr.
1131 1795 1200 1833 Dw
1355 1795 1377 1831 2
1401 1795 1678 1831 ε’κπλατύνεσθαι
1703 1794 1740 1830 D

313 1843 338 1879 4
362 1844 442 1879 δέον
466 1842 506 1879 τὰ
568 1843 613 1887 R,
639 1843 719 1878 δέον
743 1857 784 1879 τα
810 1842 857 1887 D,
887 1843 1008 1879 δέοντα
1034 1842 1129 1889 pr
1286 1843 1309 1880 5
1334 1843 1630 1889 διαφορουμένων
1656 1842 1692 1878 D

315 1915 337 1951 Ἰ
363 1915 405 1951 ἄν
432 1925 508 1951 om.
533 1914 563 1951 C
664 1914 861 1959 ἕκκρίνοιεν
887 1914 956 1950 BD
1060 1915 1083 1950 8
1107 1906 1289 1959 εὐθύῑτΕ,
1312 1914 1422 1951 unde
1439 1914 1633 1959 εὐθυτάτης
1653 1914 1740 1960 w*p

315 1961 339 1998 9
363 1967 434 1998 τῶν
444 1963 528 2008 μελλ
533 1961 555 2008 .]
571 1976 674 1999 τινων
685 1962 872 2009 μέλλοντας
886 1961 954 2000 Dw
1054 1962 1099 1997 13
1124 1963 1248 2008 οἱανδή
1251 1977 1323 1998 τιια
1340 1961 1456 2007 ACw,
1474 1964 1552 1998 οἵαν
1573 1962 1662 2003 (οἷαν
1676 1962 1738 2008 p*)

386 2023 460 2046 τινα
485 2010 536 2046 R⁸
566 2008 623 2046 Di
762 2010 941 2056 ἐτεθνήκει
971 2008 1138 2057 EwpDi,
1162 2010 1347 2056 ἕτεθνήκοι
1373 2009 1455 2054 AR,
1482 2010 1656 2055 ἐτεθνήκη
1685 2009 1739 2054 D;

314 2011 362 2093 κίιζ
396 2058 514 2094 --·καὶ
556 2057 599 2094 ἂν
625 2058 887 2104 coniungitur
912 2067 1004 2093 curn
1030 2056 1111 2093 ind.
1163 2058 1359 2094 raesentis
1377 2057 1395 2093 Ι
1415 2068 1451 2103 p.
1465 2057 1522 2102 47,
1539 2058 1570 2100 7,
1598 2058 1740 2103 imper-

315 2104 503 2152 feetillp.
510 2105 591 2150 245,
604 2105 658 2141 18.
672 2105 752 2150 351,
767 2105 825 2141 22.
839 2104 892 2140 Pi
894 2115 941 2141 0(
945 2115 1007 2151 op
1018 2104 1074 2140 ΠΙ
1089 2116 1143 2151 p..
1157 2106 1191 2149 8,
1199 2106 1222 2141 9
1284 2106 1362 2150 14χ
1391 2106 1561 2151 ρεὺουσαν
1573 2104 1739 2150 Ewap

317 2154 362 2190 15
387 2153 557 2199 γινομένω
584 2153 631 2199 p*
757 2154 812 2188 16.
841 2153 883 2188 17
911 2119 1362 2198 διέλιπον-στελλόμενοιῙχ
1373 2164 1410 2187 v.
1438 2152 1491 2188 ad
1517 2152 1607 2188 XIV
1633 2151 1691 2197 20,
1717 2152 1740 2188 9

364 2201 419 2237 17.
441 2212 477 2247 p.
491 2200 573 2244 506,
589 2201 606 2236 1
626 2200 767 2236 ἐπόπται
789 2214 823 2235 τε
840 2200 899 2236 καὶ
912 2200 1112 2246 στρατευταὶ
1130 2200 1381 2246 (στρατευτικοὶ
1396 2200 1578 2247 Ewap)
1593 2198 1739 2247 AEwp,

316 2249 377 2286 καὶ
401 2248 543 2285 ἐπόπται
568 2249 630 2285 καὶ
654 2249 855 2294 στρατευταὶ
881 2247 979 2295 pr

246 2356 495 2403 temporibus
513 2356 670 2403 templis
690 2359 730 2392 et
747 2355 834 2391 aliis
853 2356 928 2403 piis
947 2356 1133 2392 domibus
1159 2356 1355 2392 attributa
1382 2355 1542 2402 penitus
1568 2355 1740 2391 sustulit.

244 2404 419 2441 Decreto
484 2414 621 2450 uoque
659 2413 731 2439 rex
771 2404 916 2448 sanxit,
955 2414 1006 2439 ne
1039 2403 1153 2440 fundi
1186 2403 1446 2440 ecclesiarum
1477 2407 1740 2449 augerentur,
1756 2402 1800 2438 17

246 2451 368 2498 q‚uod
393 2455 439 2487 ut
458 2414 503 2498 ?p
506 2462 549 2487 se
575 2452 795 2495 asserebat,
814 2461 838 2486 a
856 2451 1136 2487 sacerdotibus
1154 2451 1413 2487 ecclesiarum
1434 2461 1510 2497 op(
1508 2461 1532 2486 s
1550 2450 1640 2486 illae
1659 2460 1739 2486 non

245 2502 354 2536 recte
392 2462 692 2535 adhiberentur.
744 2499 841 2534 Orta
877 2503 960 2534 tum
1000 2500 1104 2535 inter
1142 2498 1277 2545 episco
1310 2509 1353 2534 os
1391 2503 1431 2534 ct
1470 2498 1740 2545 patriarcham
1756 2498 1801 2533 18

246 2546 509 2593 Polyeuctuin
529 2546 580 2582 de
598 2547 803 2593 suffragiis
822 2547 1089 2590 contentione,
1109 2556 1199 2582 cum
1220 2546 1256 2581 hi
1305 2557 1397 2582 cem
1400 2545 1520 2582 nendi
1539 2545 1741 2582 licentiam

246 2598 336 2630 eta
367 2594 566 2641 probandi
598 2597 836 2650 potestatem
868 2594 941 2629 sibi
977 2594 1241 2638 vindicarent,
1281 2594 1345 2630 ille
1379 2594 1576 2639 suffragia
1609 2603 1741 2639 repre-

246 2642 324 2678 hen
355 2645 452 2685 eret,
476 2646 522 2678 ut
539 2652 646 2687 quae
663 2652 737 2678 nec
764 2641 849 2677 sin«,
876 2641 1088 2677 affectibus
1114 2652 1188 2677 nce
1215 2645 1324 2677 recto
1351 2642 1500 2677 iudicio
1527 2642 1742 2684 ferrentur,

246 2698 493 2735 operamque
527 2689 653 2735 daret,
688 2693 733 2725 ut
764 2690 815 2724 ab
847 2690 1047 2735 episeopis
1080 2689 1272 2725 iudicium
1306 2689 1473 2725 facturis
1506 2694 1547 2725 et
1578 2689 1663 2735 ipse
1688 2687 1741 2724 ad

246 2737 456 2773 consilium
481 2736 753 2781 adhiberetur,
782 2747 851 2772 rex
881 2738 1094 2773 occasione
1119 2740 1282 2783 arrepta
1309 2740 1349 2773 et
1367 2737 1473 2773 omni
1499 2737 1743 2772 auctoritate

246 2783 331 2820 desi
393 2784 488 2820 andi
518 2794 540 2820 e
570 2785 729 2842 iscopos
755 2785 829 2820 sibi
857 2783 1062 2820 vindicata
1096 2783 1233 2827 edixit,
1272 2795 1324 2820 ne
1355 2785 1445 2830 quis
1477 2784 1634 2820 iniussu
1666 2793 1740 2819 suo

246 2832 287 2867 in
362 2831 439 2867 lam
472 2833 682 2868 eccesiam
716 2833 958 2875 mitteretur3
995 2836 1153 2868 mortuo
1186 2832 1310 2878 igitur
1336 2832 1526 2878 episcopo
1554 2842 1604 2867 ex
1631 2831 1802 2867 mini-19

246 2880 338 2915 stris
363 2879 446 2915 suis
471 2879 512 2915 in
538 2879 748 2916 ecclesiam
776 2884 988 2915 vacantem
1015 2880 1198 2916 mittebat
1223 2879 1409 2925 aliquem,
1449 2889 1530 2925 quo
1557 2882 1741 2925 sumptus

247 2927 496 2962 necessarios
530 2937 652 2974 parce
678 2927 862 2971 faciente,
903 2927 987 2973 ipsc
1015 2927 1170 2973 reliqua
1195 2927 1269 2963 sibi
1307 2926 1550 2963 vindicabat.
1602 2926 1802 2972 Nequam

247 2983 346 3011 vero
373 2984 422 3011 eo
449 2984 547 3021 rege
573 2976 612 3011 in
639 2974 730 3011 ullis
755 2975 975 3021 provinciis
1002 2984 1180 3021 unquam
1207 2974 1427 3012 defuerunt
1459 2974 1740 3022 descriptores,
