2054 3282
335 230 404 265 566
727 227 908 265 ZONAR.
935 227 1065 263 EPIT.
1091 226 1202 262 XVII
1229 227 1263 270 9,
1290 226 1439 263 18-30.

334 365 475 403 κοντα,
507 349 577 391 καὶ
609 350 723 391 ἄλλοι
756 348 801 390 δὲ
831 347 976 389 πολλοὶ
1006 350 1092 388 τῶν
1122 346 1357 401 βαρβάρων
1377 347 1537 389 τούτων
1559 349 1675 403 αὐτῷ
1695 365 1827 404 προσ-

278 422 322 457 19
335 418 558 472 ερρύησαν.
633 417 704 458 καὶ
740 418 765 471 ἡ
806 415 907 470 γυνὴ
955 414 1000 456 δὲ
1043 419 1115 456 τοῦ
1152 415 1352 457 Ἰωάννου
1395 415 1467 457 καὶ
1503 417 1829 472 Βλαὸισθλάβου

335 486 483 540 Μαρία
516 488 678 540 ἔπεμψε
708 483 817 538 πρὸς
843 483 914 525 τὸν
935 483 1104 537 βασιλέα
1127 483 1198 525 τὸν
1219 484 1544 538 ἀρχιεπίσκοπον
1566 485 1830 540 Βουλγαρίας

335 553 469 608 Δαβὶό
499 553 602 608 μετὰ
635 552 896 607 γραμμάτων
918 552 1109 606 ἐκστῆναι
1129 556 1200 606 τῆς
1223 552 1488 607 Βουλγαρίας
1509 554 1829 609 ὑπισχνουμένη,

277 626 324 661 20
336 623 374 663 εἰ
414 620 556 675 ὧνπερ
601 621 793 675 βούλεται
836 619 1025 668 τεύξεται.
1088 619 1159 660 καὶ
1195 620 1299 674 μετὰ
1339 620 1493 674 μικρὸν
1524 620 1687 676 ἧκενή
1726 622 1866 677 γυνὴ5

335 689 444 743 πρὸς
485 689 556 731 τὸν
600 689 906 742 αὐτοκράτορα,
950 687 1067 734 υἱοὺς
1105 689 1342 743 ἐπαγομένη
1382 693 1488 742 τρεῖς
1523 690 1595 731 καὶ
1624 690 1830 745 θυγάτρια

277 762 322 797 21
337 758 400 806 ἔξ·
445 757 516 798 καὶ
556 757 686 809 ἕτεροι
725 756 770 797 δὲ
807 760 913 810 τρεῖς
943 756 1093 810 ταύτης
1124 756 1206 798 υἱοὶ
1238 757 1424 811 φυγάδες
1455 758 1642 811 ἐγένοντο
1674 758 1718 800 ἓν
1747 763 1832 805 τοῖς

337 827 488 880 ὄρεσιν,
521 825 623 866 ἀλλὰ
645 825 830 866 κάκεῖνοι
849 828 934 866 τῶν
956 825 1072 878 ὀρῶν
1094 824 1420 879 φυλαττομένων
1439 826 1680 880 βιασθέντες
1699 842 1830 881 προσ-

278 898 324 933 22
337 894 471 948 ἦλθον
501 899 562 948 τῷ
593 893 764 948 βασιλεῖ·
809 892 916 947 ἦσαν
949 892 994 934 δὲ
1026 891 1140 934 οὗτοι
1171 894 1194 934 ὁ
1227 893 1495 947 Προυσιάνος
1525 894 1596 935 καὶ
1627 894 1761 948 ἄμφω
1794 895 1834 936 οἱ

337 961 512 1016 ἀδελφοὶ
555 963 699 1015 αὑτοῦ,
745 960 807 1003 ὧν
849 960 921 1002 τὸν
963 961 1042 1015 μὲν
1079 961 1350 1015 Προυσιάνον
1393 960 1556 1014 ἐτίμησε
1593 963 1832 1017 μάγιστρον,
1849 969 1894 1004 10

53 1036 130 1072 PII
141 1034 252 1071 227Α
278 1035 324 1070 23
336 1031 579 1084 πατρικίους
612 1030 656 1072 δὲ
686 1030 783 1077 τοὺς
804 1030 986 1076 λοιπούς.
1048 1027 1122 1084 ὑφ’
1147 1029 1294 1071 ἑαυτὸν
1316 1028 1391 1071 οὖν
1411 1029 1485 1084 τὴν
1507 1031 1673 1072 ἅπασαν
1695 1031 1832 1073 Βουλ-

338 1100 486 1154 γαρίαν
517 1098 762 1154 πεποιηκὼς
793 1098 865 1140 καὶ
895 1098 943 1139 τὰ
974 1098 1052 1153 μὲν
1077 1102 1162 1140 τῶν
1183 1098 1403 1152 φρουρίων
1424 1100 1833 1154 καταστρεψάμενος,

337 1167 385 1208 τὰ
419 1167 465 1209 δὲ
495 1168 802 1222 κατοχυρώσας
832 1167 903 1208 καὶ
934 1166 1129 1221 φρουρὰς
1160 1168 1300 1213 αὐτοῖς
1331 1167 1546 1221 ἀρκούσας
1581 1168 1834 1222 καταλιπών,

339 1235 465 1282 αὐτὸς
490 1237 547 1282 εἰς
566 1236 752 1291 Ἀθήνας
783 1236 969 1290 ἀφίκετο,
1003 1235 1153 1277 θύσων
1183 1240 1233 1290 τῇ
1264 1235 1460 1289 θεοτόκῳ
1490 1235 1539 1276 τὰ
1571 1236 1833 1291 χαριστήρια·

280 1309 326 1344 24
338 1304 410 1345 καὶ
446 1304 709 1358 ἀναθέμενος
744 1309 806 1358 τῷ
843 1309 936 1358 ναῷ
975 1303 1107 1345 πολλὰ
1147 1303 1218 1344 καὶ
1247 1303 1450 1358 πολυτελῆ
1481 1304 1749 1352 ἒπανέζευξεν
1779 1305 1836 1351 εἷς
1850 1309 1895 1344 15

338 1372 413 1427 τὴν
444 1373 747 1427 ὑπερκειμένην
777 1376 862 1414 τῶν
892 1372 1059 1414 πόλεων
1093 1372 1164 1413 καὶ
1200 1372 1408 1426 κατήγαγε
1445 1372 1672 1426 θρίαμβον,
1716 1373 1836 1426 τιάρᾳ

338 1441 574 1488 ταινιωθεὶς
605 1441 733 1495 ὀρθία
773 1440 841 1496 (ἣν
872 1445 1034 1496 τοῦφαν
1064 1441 1184 1482 καλεῖ
1210 1441 1234 1482 ὁ
1267 1440 1472 1495 δημώδης
1503 1440 1574 1481 καὶ
1600 1440 1731 1487 πολὺς
1763 1441 1835 1482 ἄν-

340 1582 363 1617 2
387 1583 438 1616 ὅτι
461 1583 663 1627 προσερρύη
696 1582 888 1628 (προςῆλθε
906 1583 951 1624 Ε)
979 1585 1028 1627 τῷ
1051 1583 1191 1628 βασιλεῖ
1211 1582 1232 1627 ἦ
1259 1581 1346 1627 γυνὴ
1371 1582 1432 1617 καὶ
1456 1583 1493 1616 οἵ
1513 1583 1636 1621 παῖδες
1660 1587 1721 1617 τοῦ
1746 1583 1836 1618 Βλα-

341 1630 535 1675 δισθλάβου
556 1630 724 1665 Ἰωάννου
750 1635 811 1665 τοῦ
837 1631 915 1665 υἱοῦ
937 1630 1072 1674 Ἀαρών
1098 1629 1161 1665 OE
1261 1630 1301 1664 11
1329 1631 1378 1664 ὅτι
1406 1629 1595 1674 κατασχὼν
1613 1629 1837 1675 (καταβαλὼν

341 1677 387 1721 Ε)
420 1677 481 1722 τὴν
507 1678 728 1723 Βουλγαρίαν
756 1679 777 1712 ὅ
800 1677 964 1723 βασιλεὺς
995 1678 1042 1716 εἷς
1069 1678 1215 1723 Ἀθήνας
1247 1677 1384 1723 ἀπῆλθε
1416 1677 1578 1722 (ἀφίκετο
1603 1678 1648 1721 Ε)
1680 1684 1722 1723 τῇ
1754 1679 1836 1713 θεο-

340 1725 466 1771 μήτορι
493 1725 841 1771 ἀνθομολογούμενος
867 1725 930 1762 ΟΕ

415 1856 434 1890 1
460 1856 581 1891 πολλοὶ
608 1867 684 1892 om.
711 1857 807 1902 Ewp
960 1857 1169 1902 βουλγάρων
1195 1857 1231 1890 D
1385 1860 1475 1902 post
1500 1857 1596 1901 αὐτῷ
1622 1857 1713 1892 add.
1740 1857 1775 1892 τὲ
1799 1857 1836 1892 D
2042 1856 2054 1911 3}

412 1903 436 1938 4
461 1904 827 1949 δαβὶδ-γραμμάτων
855 1915 928 1939 om.
948 1904 979 1938 E
1076 1905 1333 1949 ὑπισχνουμένη
1358 1905 1450 1939 ε’κστ.
1472 1919 1499 1939 τ.
1513 1905 1722 1950 βουλγαρίας
1740 1904 1836 1950 Ewp
2044 1915 2054 1937 ᾳε

413 1951 436 1987 5
462 1952 619 1996 τεύξηται
640 1951 669 1987 C
767 1952 788 1986 6
814 1952 1009 1997 θυγατέρας
1034 1952 1070 1986 D
1168 1952 1191 1987 8
1216 1953 1311 1996 ὁρῶν
1334 1952 1435 1988 CDE
1532 1952 1554 1987 9
1580 1951 1612 1987 δ’
1631 1951 1838 1997 BszpDi

460 1999 674 2043 προυσιάνος
697 1998 844 2045 Apr,
870 2005 1051 2043 πρισιᾶνος
1077 1999 1123 2043 D,
1155 2000 1363 2043 προυσιανὸς
1388 1999 1478 2034 BDi
1504 1999 1619 2035 Cedr.
1646 1998 1836 2045 (Scylitz.)

415 2046 453 2081 ΙΙ
472 2057 508 2092 p.
526 2046 608 2088 469,
626 2047 680 2090 11,
708 2058 744 2081 V.
771 2047 823 2081 ad
848 2047 1034 2091 XVIIII,
1051 2047 1072 2082 5
1172 2047 1216 2082 10
1241 2047 1292 2082 ὧν
1319 2045 1504 2093 stpDi‚
1531 2049 1570 2082 ὂν
1595 2046 1631 2081 Α
1726 2061 1836 2091 πρου-
2045 2054 2054 2094 ξ

415 2094 534 2129 σιάνον
547 2093 695 2140 Apr,
720 2100 934 2139 προυσιᾶνον
952 2095 999 2138 D,
1025 2095 1236 2139 προυσιανὸν
1250 2093 1339 2130 BDz'
1437 2095 1481 2129 12
1507 2094 1704 2140 φρουρίων]
1730 2095 1836 2140 βουλ-
2042 2091 2054 2132 ἓ

415 2142 535 2224 γάρῖων
560 2141 609 2224 I}³
662 2142 716 2224 1136
741 2142 932 2188 κατήνεγκε
958 2142 994 2177 D
1068 2141 1181 2188 τιάρᾳ]
1209 2143 1262 2178 τιά
1287 2142 1335 2188 Ρ*
1415 2142 1458 2178 17
1484 2143 1619 2188 τούφαν
1643 2141 1838 2188 DEwpDi
2041 2132 2054 2201 i

486 2203 568 2235 ημω
596 2203 636 2235 ης

285 2318 330 2353 19
345 2320 398 2355 ad
424 2330 516 2356 eum
543 2321 839 2356 confluxerunt.
889 2320 1017 2355 Maria
1044 2330 1216 2366 quoque,
1244 2320 1407 2355 Ioannis
1433 2319 1694 2355 Bladisthlabi
1720 2330 1836 2364 uxor,
2051 2366 2054 2367 ⁷

345 2367 515 2412 Davide,
542 2367 762 2414 Bulgariae
789 2368 1105 2414 archiepiscopo,
1144 2379 1233 2402 cum
1260 2368 1400 2403 litteris
1427 2368 1478 2402 ad
1505 2368 1615 2402 illum
1640 2368 1760 2403 misso
1794 2378 1837 2403 se
2044 2370 2054 2413 ξ

344 2415 398 2450 illi
425 2415 618 2461 Bulgaria
657 2426 860 2450 cessuram
898 2416 1086 2461 pollicita,
1125 2417 1157 2450 si
1190 2426 1238 2450 ea
1273 2426 1378 2460 quae
1416 2415 1536 2450 vellet
1573 2416 1836 2460 impetrasset,
2047 2420 2054 2435 ⁵

285 2461 332 2496 20
346 2463 481 2508 paullo
515 2466 606 2508 post
636 2463 724 2508 ipsa
751 2473 841 2498 eum
868 2463 996 2498 tribus
1022 2463 1110 2498 filiis
1137 2467 1175 2498 et
1202 2473 1274 2498 sex
1299 2463 1458 2498 filiabus
1485 2462 1536 2497 ad
1554 2463 1837 2507 imperatorem

214 2507 272 2543 21.
286 2507 332 2543 22
347 2511 468 2545 venit.
519 2509 621 2546 Sunt
647 2513 687 2546 et
703 2513 785 2546 tres
801 2511 888 2545 eius
906 2511 973 2545 alii
992 2511 1070 2554 filii,
1098 2510 1319 2545 Prusianus
1337 2520 1427 2545 oum
1447 2510 1606 2545 duobus
1631 2510 1836 2554 fratribus,

347 2558 415 2602 qui
441 2558 482 2592 in
507 2561 664 2593 montes
689 2559 958 2603 profugerant
984 2558 1194 2603 praesidiis
1218 2558 1491 2592 Romanorum
1519 2560 1748 2602 occupatos,
1776 2567 1838 2592 co-

347 2605 426 2639 acti
453 2605 505 2640 ad
531 2606 641 2650 regis
666 2605 786 2640 fidem
813 2616 856 2640 se
883 2606 1078 2649 conferre,
1106 2616 1128 2640 e
1155 2606 1301 2650 quibus
1318 2605 1558 2639 Prusianum
1586 2605 1835 2650 magistrum,

287 2650 333 2685 23
348 2655 503 2687 ceteros
529 2653 718 2697 patricios
746 2653 850 2688 fecit.
899 2653 1100 2688 Universa
1125 2653 1250 2698 igitur
1279 2652 1472 2697 Bulgaria
1502 2652 1671 2687 subacta
1703 2655 1743 2687 et
1774 2662 1836 2687 ea-

348 2700 470 2734 stellis
509 2700 596 2735 aliis
631 2701 793 2744 eversis,
834 2700 922 2735 aliis
959 2701 1122 2735 munitis
1154 2700 1351 2744 iustisque
1389 2699 1600 2744 praesidiis
1641 2700 1836 2745 impositis

287 2745 334 2780 24
346 2745 526 2782 Athenas
562 2747 614 2781 ad
653 2748 903 2783 exsolvenda
934 2747 1125 2793 deiparae
1157 2750 1254 2782 vota
1287 2750 1346 2782 est
1378 2747 1600 2792 profectus;
1641 2747 1836 2782 dedicatis

347 2794 389 2828 in
415 2794 517 2829 aede
543 2794 662 2830 huius
687 2795 799 2830 urbis
824 2795 958 2830 multis
983 2795 1168 2840 pretiosis
1195 2794 1372 2830 donariis
1396 2795 1438 2828 in
1456 2794 1676 2839 principem
1694 2794 1837 2829 urbem

347 2851 536 2876 reversus
573 2842 819 2887 triumphum
857 2842 984 2886 duxit,
1026 2846 1192 2878 ornatus
1228 2845 1339 2876 reeta
1376 2842 1480 2876 tiara
1515 2843 1650 2886 (quam
1689 2841 1838 2887 vulgus

348 2889 513 2933 tupham
541 2893 671 2933 vocat,
698 2900 722 2924 a
748 2890 873 2936 typho
899 2890 1087 2925 nimirum
1114 2893 1153 2926 et
1170 2889 1372 2936 superbia,
1399 2899 1520 2935 quam
1545 2889 1587 2924 in
1611 2889 1752 2925 animis
1770 2898 1838 2934 ge-
