2054 3282
326 228 413 267 >638
724 228 904 267 ZONAR.
932 227 1063 265 EPIT.
1089 226 1201 264 XVII
1226 228 1282 274 25,
1309 226 1460 265 23ο-37.

343 352 585 406 ἑτεροθαλεῖ,
611 353 760 394 ἑαυτοῦ
794 351 968 405 ἀδελφῷ
999 350 1190 404 στρατιὰν
1222 351 1448 405 ἐγχειρίσας
1479 353 1535 398 εἷς
1567 351 1715 394 ἑκατὸν
1746 352 1835 407 ἄρι-

62 425 260 462 W111204
283 426 331 461 24
343 422 593 475 θμουμένην
636 420 867 474 χιλιοστύας
910 418 1015 460 κατὰ
1048 418 1272 473 Ῥωμαίων
1311 420 1553 474 ἐξέπεμψεν.
1616 421 1640 462 ὁ
1679 420 1724 462 δὲ
1762 425 1835 462 τοῦ

343 489 638 543 Βαασπαρκᾶν
660 487 887 542 στρατηγὸς
908 492 968 541 τῷ
988 487 1150 542 βασιλεῖ
1165 488 1258 541 περὶ
1285 488 1445 529 τούτων
1478 489 1544 529 διὰ
1577 489 1838 544 γραμμάτων

284 563 330 598 25
345 557 572 612 δεδήλωκε,
592 556 832 610 συμμαχίαν
850 556 990 597 αἰτῶν.
1035 555 1105 597 καὶ
1123 557 1170 602 ὃς
1185 562 1247 610 τῷ
1265 556 1468 611 Διπαρίτῃ
1488 557 1667 613 δυνάστῃ
1683 558 1837 613 μοίρας

343 629 428 666 τῶν
448 625 629 679 Ἰβήρων
659 624 902 678 τυγχάνοντι
934 623 1132 665 ἐπέστειλε
1164 625 1376 666 συνελθεῖν
1406 629 1491 671 τοῖς
1511 625 1734 680 Ῥωμαίοις
1765 626 1873 670 καὶξ)

284 700 330 735 26
345 694 547 748 ἐπαρῆξαι
569 692 674 734 κατὰ
697 696 782 734 τῶν
806 692 843 733 Τ
839 692 1024 746 ούρκων.
1064 696 1149 734 τῶν
1169 692 1206 733 Τ
1202 693 1374 747 ούρκων
1398 693 1443 735 δὲ
1465 694 1716 736 ἐπιστάντων
1738 695 1834 749 ἤδη,

294 769 329 803 D
345 763 384 803 οἱ
404 762 603 816 Ῥωμαῖοι
623 762 856 816 πολεμῆσαι
878 762 1015 815 σφίσιν
1037 761 1116 802 οὐκ
1139 762 1317 814 ἐὸιριναν,
1350 763 1387 803 εἰ
1413 762 1472 817 μὴ
1506 763 1704 804 ἑνωθεῖεν
1730 763 1835 804 κατὰ

284 838 330 873 27
343 830 417 884 τὴν
448 830 664 884 βασιλικὴν
696 829 864 884 ἐντολὴν
894 830 965 870 καὶ
995 833 1080 875 τοῖς
1098 829 1291 884 Ἴβηρσιν.
1353 831 1646 885 ἀτρεμούντων
1678 831 1723 873 δὲ
1752 835 1838 873 τῶν

345 902 622 953 στρατιωτῶν,
666 898 725 953 μὴ
760 898 992 952 δυνάμενος
1023 898 1163 944 αὐτοῖς
1194 898 1218 939 ὁ
1244 898 1362 953 Ἀλὶμ
1393 900 1618 954 συμβαλεῖν
1649 900 1706 946 εἷς
1737 900 1837 955 ὀχύ-

345 967 473 1022 ρωμά
510 984 544 1008 τι
580 967 952 1021 προσκαθημένοις
988 967 1114 1007 ἔπεισι
1149 972 1210 1020 τῷ
1233 967 1377 1021 ’Ἁρτζε
1423 967 1685 1022 (κωμόπολις
1717 966 1753 1010 δ’
1786 968 1839 1023 ἦν
1855 979 1899 1014 10

344 1039 479 1089 τοῦτο,
511 1035 677 1090 πληθὺς
710 1033 746 1076 δ’
771 1034 917 1090 ἐνῴκει
949 1035 1079 1089 αὐτῷ,
1111 1033 1160 1076 ἵν’
1189 1036 1325 1081 οὕτως
1356 1037 1520 1090 εἴποιμι,
1553 1036 1623 1078 καὶ
1654 1037 1840 1092 ἀριθμὸν

345 1105 671 1158 ὑπερβαίνουσα,
712 1105 891 1158 ἔμποροι
924 1101 960 1145 δ’
994 1103 1101 1158 ἦσαν
1133 1105 1173 1144 οἱ
1203 1105 1439 1159 ἅνθρωποι,
1479 1105 1550 1146 καὶ
1580 1105 1759 1151 πλοῦτος
1788 1105 1840 1160 ἧν

286 1182 332 1217 <28
346 1173 486 1219 αὐτοῖς
506 1171 721 1227 περιττός).
783 1173 845 1218 ὡς
867 1176 968 1226 γοῦν
990 1172 1211 1227 ἀτείχιστον
1231 1173 1305 1228 τὴν
1325 1174 1572 1228 κωμόπολιν
1603 1174 1648 1222 ἐξ
1679 1174 1839 1228 ἐφόδου

347 1242 449 1283 ἑλεῖν
481 1241 611 1295 αὐτὴν
643 1243 683 1282 οἱ
712 1242 922 1296 βάρβαροι
951 1241 1135 1295 ἤλπιζον,
1167 1239 1253 1282 ἀλλ’
1277 1243 1466 1295 ἔγνωσαν
1486 1243 1838 1297 παραβουκολού-

287 1320 333 1354 29
345 1326 464 1364 μενοι
494 1314 581 1356 ταῖς
607 1310 772 1358 ἐλπίσιν,
805 1310 970 1363 ἐπείπερ
991 1310 1116 1364 ταύτῃ
1139 1311 1413 1364 προσέβαλον.
1475 1315 1562 1357 ταῖς
1583 1311 1662 1366 γὰρ
1686 1311 1841 1358 διόδοις
1857 1322 1900 1356 15

346 1379 448 1425 ὕλας
488 1379 764 1433 ἐπαγαγόντες
802 1379 842 1419 οἳ
876 1378 1026 1432 ταύτης
1063 1379 1250 1420 κάτοικοι
1281 1379 1352 1420 καὶ
1381 1379 1545 1425 ταύταις
1576 1380 1704 1426 αὐτὰς
1735 1381 1840 1422 ἀπο-

347 1449 595 1503 φράξαντες,
641 1448 687 1489 ἐκ
725 1450 811 1488 τῶν
851 1447 1064 1501 δωμάτων
1096 1448 1270 1501 ἔβαλλον
1300 1448 1397 1494 τοὺς
1428 1449 1636 1494 ἐναντίους
1666 1449 1738 1490 καὶ
1769 1449 1840 1490 ἀν-

286 1526 334 1561 30
346 1516 480 1572 ῄρουν
510 1516 705 1570 πολλούς,
739 1515 810 1556 καὶ
840 1519 961 1557 τοῦτο
994 1513 1060 1570 ἐφ’
1093 1517 1268 1570 ἡμέραις
1294 1517 1445 1570 ἐγίνετο
1467 1518 1524 1565 ἔξ.
1587 1517 1649 1563 ὡς
1671 1514 1708 1558 δ’
1731 1518 1840 1571 ἔγνω

347 1585 371 1626 ὁ
402 1588 487 1626 τῶν
511 1584 718 1639 Τούρκων
743 1583 970 1639 στρατηγὸς
991 1584 1015 1625 ὁ
1035 1584 1153 1639 Ἀλὶμ
1185 1585 1524 1639 ἐρρωμενέστατα
1556 1585 1652 1632 τοὺς
1670 1586 1840 1641 Ἀρτζη-

346 1715 369 1750 8
392 1714 471 1761 περὶ
497 1719 557 1760 τῆς
582 1715 827 1760 κωμοπόλεως
850 1719 911 1750 τοῦ
930 1714 1048 1759 Ἄρτζε
1074 1713 1136 1751 CE

419 1834 441 1869 2
466 1834 662 1880 ἐξέπεμψεν
688 1832 856 1879 prDi,
882 1834 1059 1879 ἐξέπεμψε
1085 1834 1130 1878 Α,
1159 1845 1196 1869 V.
1216 1835 1267 1869 ad
1285 1834 1382 1869 XIII
1397 1835 1428 1879 1,
1444 1835 1465 1869 5
1562 1835 1584 1870 3
1608 1837 1841 1882 βαασπαρκᾶν

418 1882 464 1927 A,
489 1883 723 1928 βαασπρακᾶν
748 1882 856 1927 Ewp,
884 1882 1116 1927 βαασπρακὰν
1141 1882 1185 1926 Ο,
1212 1893 1249 1917 V.
1277 1883 1328 1917 ad
1354 1883 1467 1917 XVII
1492 1883 1549 1925 25,
1579 1884 1621 1918 16
1717 1884 1741 1918 4
1764 1884 1842 1929 ἐδή-

417 1931 510 1965 λωσε
536 1930 671 1975 Dsswp
782 1930 803 1964 7
829 1930 995 1965 ἐνωθεΐεν
1021 1930 1068 1975 Ρ*
1181 1931 1202 1965 9
1228 1930 1309 1974 ἆλίμ
1334 1929 1453 1974 ARW,
1481 1931 1579 1975 ἀλεὶμ
1607 1931 1654 1976 Ι),
1680 1931 1774 1976 Αλὶμ
1801 1942 1837 1976 p,

419 1988 456 2013 V.
472 1977 523 2012 ad
539 1989 576 2024 p.
590 1978 670 2021 637,
688 1977 730 2013 17
828 1977 860 2012 9.
879 1978 922 2012 10
939 1978 1112 2022 ὀχύρωμά
1130 1977 1171 2022 τι]
1191 1978 1395 2023 ὀχυρώματι
1418 1978 1486 2012 DE
1587 1980 1631 2014 10
1655 1980 1763 2014 ἔπεισι
1787 1989 1837 2014 ex

417 2026 531 2060 ἔπεισε
548 2025 551 2071 l
569 2036 670 2060 corr.
686 2024 721 2059 A
740 2025 927 2066 (fortasse
946 2036 1068 2060 manu
1089 2026 1255 2070 recenti)
1358 2026 1398 2060 11
1416 2027 1505 2061 εἴπω
1526 2026 1587 2062 BC
1678 2028 1718 2062 12
1736 2028 1840 2071 ὕπερ-

419 2074 612 2119 βαίνουσαν
638 2073 674 2107 D
771 2072 949 2119 ἄΙθρωποι
968 2072 1003 2107 D
1104 2074 1147 2108 13
1171 2073 1325 2118 περιττὸς
1350 2074 1466 2112 αὐτοῖς
1492 2074 1527 2108 D
1625 2074 1687 2109 οὖν
1704 2075 1839 2120 DEwp

466 2121 602 2167 ἐφόβου
629 2120 669 2166 C,
695 2119 829 2166 ἐφόδου
857 2131 958 2156 corr.
986 2119 1047 2158 Cw
1169 2121 1213 2155 14
1238 2121 1347 2166 αὐτὴν
1372 2122 1458 2156 ἑλεῖν
1487 2122 1619 2168 DEwp
1730 2136 1840 2167 παρα-

417 2170 671 2215 βουκολόμενοι
699 2167 735 2203 D
871 2169 916 2203 16
942 2169 1075 2203 ἔποικοι
1101 2167 1165 2204 BC
1293 2170 1556 2214 ἀποσφάξαντες
1583 2170 1752 2214 C‚'cor1·.
1779 2170 1840 2208 Cw

419 2217 465 2299 ἐξ
490 2217 616 2262 ἔβαλον
642 2216 678 2251 D
777 2216 821 2251 19
846 2216 999 2262 ἀρχηγὸς
1016 2216 1111 2262 Ewp
1209 2217 1229 2251 ὁ
1252 2217 1334 2262 ἀλὶμ
1360 2216 1535 2263 AEW(p)‚
1561 2217 1661 2262 ἀλεὶμ
1688 2218 1735 2263 D,
1763 2228 1838 2253 om.

462 2264 529 2300 Wo
555 2264 621 2299 lat.

347 2373 545 2407 resarcire
579 2372 746 2417 cupiens
771 2371 901 2407 Alimo
929 2370 1132 2416 Abi-amio,
1172 2373 1287 2407 fratri
1320 2383 1370 2408 ex
1403 2373 1528 2408 altero
1556 2375 1735 2418 parente,
1774 2383 1839 2408 ex-

348 2420 517 2455 ercitum
545 2424 705 2455 centum
731 2420 883 2454 milium
910 2420 1067 2455 circiter
1094 2424 1234 2455 contra
1254 2421 1454 2455 Romanos
1482 2421 1711 2455 ducendum
1738 2431 1840 2456 com-

217 2470 334 2506 24,25
350 2467 477 2502 mittit.
529 2466 607 2503 Sed
634 2466 930 2512 Baasparcanis
966 2471 1128 2512 praetor
1161 2469 1294 2513 petitis
1327 2478 1351 2502 a
1382 2478 1481 2512 rege
1513 2469 1684 2512 auxiliis,
1723 2468 1839 2514 Lipa-

288 2516 477 2559 261·itam,
516 2515 642 2560 partis
667 2514 825 2550 Iberiae
858 2515 1082 2560 dynastiam,
1121 2516 1385 2560 exspectabat
1417 2526 1550 2560 neque
1581 2526 1670 2550 eum
1698 2516 1840 2551 Turcis

349 2563 622 2597 dimicandum
649 2563 723 2598 sibi
751 2563 953 2606 censebat,
987 2563 1222 2608 priusquam
1250 2573 1301 2598 ex
1327 2563 1518 2598 mandato
1544 2565 1652 2609 regis
1679 2564 1841 2599 Iberum

288 2614 334 2649 27
349 2611 569 2645 auxiliares
589 2611 730 2655 copiae
749 2610 1019 2646 advenissent.
1049 2610 1240 2645 Romanis
1258 2612 1382 2656 igitur
1407 2611 1513 2645 intra
1532 2611 1774 2646 munitiones
1799 2621 1842 2646 se

350 2658 660 2702 contineutibus,
698 2657 853 2693 Alimus
878 2661 1030 2703 negata
1057 2659 1270 2704 pugnandi
1297 2659 1413 2703 copia
1439 2657 1612 2702 Artzem‚
1649 2659 1841 2704 oppidum

349 2705 458 2739 nullo
484 2715 599 2740 muro
628 2706 928 2749 circumdatum,
957 2705 1066 2750 quod.
1091 2711 1335 2741 mercatores
1359 2716 1488 2751 paene
1517 2707 1840 2750 innumerabiles,

289 2753 530 2791 ‘28h0111ines
557 2754 792 2797 divitissimi,
818 2753 1058 2797 incolebant,
1091 2764 1135 2788 se
1160 2755 1287 2799 primo
1312 2755 1465 2798 impetu
1492 2757 1703 2798 capturum
1729 2758 1841 2788 ratus

289 2804 336 2839 29
350 2810 421 2845 spe
447 2811 521 2835 sua
547 2803 765 2836 frustratus
791 2805 861 2845 est,
889 2811 977 2836 eum
1005 2801 1103 2836 illud
1125 2802 1349 2836 invasisset.
1399 2801 1499 2836 Nam
1526 2802 1682 2837 incolae
1708 2802 1841 2836 aditus

350 2849 520 2883 materia
559 2850 850 2884 obstruxerunt
889 2851 928 2883 et
961 2849 1050 2884 telis
1083 2859 1134 2884 ex
1167 2849 1336 2884 aedibus
1371 2850 1561 2884 coniectis
1587 2850 1732 2884 multos
1759 2859 1842 2884 sus-

290 2899 338 2935 30
351 2896 541 2931 tulerunt.
593 2898 681 2939 Qua
720 2907 763 2932 re
801 2907 874 2942 per
912 2906 984 2932 sex
1018 2897 1103 2932 dies
1133 2897 1251 2941 facta,
1291 2908 1381 2933 cum
1413 2897 1576 2941 Annius,
1616 2897 1841 2932 Tureorum
