2054 3282
360 228 430 268 656
722 230 904 271 zoNAR.
931 230 1062 270 EPIT.
1088 229 1220 270 xvm
1248 233 1279 281 1,
1307 230 1433 280 12-2‚
1459 236 1493 272 8.

301 353 405 395 1213>
438 351 475 396 δ’
508 354 610 396 αὐτὸ
641 355 711 396 καὶ
743 356 787 396 ἐν
817 359 866 409 τῇ
897 359 969 410 τῆς
1000 355 1176 410 Χαλκῆς
1207 356 1424 410 εἰργάσατο
1456 358 1641 413 φυλακῇ,
1687 359 1853 406 ἐλπίσας

300 428 345 463 13
360 422 426 464 διὰ
457 423 618 465 τούτων
647 427 721 465 τοῦ
753 422 858 464 κατὰ
888 423 1049 465 σκοπὸν
1072 425 1366 473 ἐπιτεύξεσθαι.
1427 426 1489 472 ὡς
1511 423 1548 467 δ’
1572 427 1707 481 ἔμαθε
1729 442 1851 482 στρα-

357 491 549 546 τιωτικὴν
587 492 862 546 ἀθροίζεσθαι
892 492 986 547 περὶ
1017 492 1065 534 τὰ
1097 493 1281 547 βασίλεια
1316 494 1493 548 δύναμιν
1523 494 1594 536 καὶ
1625 495 1707 550 ἤδη
1741 496 1851 538 στέλ-

356 560 502 601 λεσθαι
533 558 623 601 κατ’
658 560 800 614 αὐτοῦ,
844 560 953 615 πρὸς
988 560 1062 615 τὴν
1097 562 1283 617 μεγάλην
1313 563 1499 617 τρέπεται
1530 563 1752 618 ἐκκλησίαν
1781 565 1854 606 καὶ

355 628 488 682 μόνος
520 629 594 670 σὺν
625 634 686 682 τῷ
717 630 799 683 υἱῷ
828 630 1118 684 περιλειφθείς,
1163 633 1248 671 τῶν
1286 631 1506 685 ἑπομένων
1538 632 1654 686 αὐτῷ
1687 633 1887 675 διασκε-5

358 697 615 751 δασθέντων,
647 702 697 753 τῇ
719 698 916 752 ἐκκλησίᾳ
937 699 1271 753 προσπέφευγεν·
1303 700 1405 741 ὅθεν
1426 700 1603 755 ληφθεὶς
1626 701 1852 755 ὑπερορίαν

298 771 343 806 14
356 765 651 821 κατεδικάσθη.
714 767 770 812 εἷς
811 771 933 808 τοῦτο
979 767 1024 808 δὲ
1067 767 1209 813 τέλους
1252 771 1325 809 τοῦ
1374 768 1689 823 ἐπιχειρήματος
1734 771 1851 824 αὐτῷ

355 834 697 888 καταντήσαντος,
743 835 767 875 ὁ
800 835 1006 890 δημώδης
1045 836 1170 890 ὄχλος
1207 837 1505 890 ἐπεγγελῶντες
1535 839 1652 892 αὐτῷ
1683 839 1849 893 ῥήματά

354 918 440 943 τινα
473 903 693 949 συνθέντες
725 904 884 958 ἐπῇδον
915 905 1049 958 αὐτῷ·
1081 904 1129 945 τὰ
1163 905 1199 946 δ’
1234 904 1360 959 ἦσαν·

309 974 340 1010 Β
531 971 555 1012 ὁ
585 971 736 1026 μωρὸς
768 973 792 1013 ὁ
824 973 1103 1028 Μονομάχος,
1136 975 1234 1015 εἴτι
1265 974 1444 1028 ἐφρόνει,
1476 975 1652 1030 ἐποίησε.
1865 982 1911 1017 10

313 1041 340 1082 2
473 1039 559 1081 Καὶ
574 1044 700 1081 ταῦτα
717 1041 795 1095 μὲν
812 1042 935 1095 ἔσχον
952 1043 1104 1088 οὕτως·
1123 1043 1162 1084 οἳ
1180 1040 1217 1084 δ’
1233 1043 1608 1097 ἐμπαροινηθέντες
1624 1047 1708 1085 τῶν
1725 1043 1849 1099 ἑῴων

354 1108 572 1163 ἀρχόντων
588 1109 659 1150 καὶ
679 1109 804 1156 αὖθις
823 1115 971 1165 πεῖραν
992 1111 1251 1165 προσάγουσι
1272 1111 1342 1152 καὶ
1363 1112 1556 1166 προσίασι
1577 1117 1638 1167 τῷ
1659 1112 1706 1154 τὰ
1728 1113 1848 1155 κοινὰ

354 1177 575 1219 διοικοῦντι
613 1183 674 1232 τῷ
704 1179 1067 1233 πρωτοσυγκέλλῳ
1098 1179 1247 1221 Λέοντι
1277 1179 1348 1221 καὶ
1380 1180 1570 1222 ἱκετεύειν
1603 1178 1652 1222 δι’
1687 1181 1897 1223 ἐκείνουΙ)
1918 1186 1971 1222 IV
1990 1186 2054 1222 185

144 1252 340 1290 W11121o
353 1246 593 1301 ἐπεχείρουν
615 1246 687 1288 τὸν
707 1248 892 1301 βασιλέα,
913 1247 973 1302 μὴ
996 1248 1119 1302 μόνοι
1137 1248 1254 1290 αὐτοὶ
1269 1249 1597 1304 καταλειφθῆναι
1614 1250 1845 1305 ἀγέραστοι,

351 1315 521 1356 πάντων
551 1319 625 1357 τοῦ
651 1315 870 1370 φιλοτίμου
891 1317 1302 1359 καταπολαυσάντων
1322 1322 1395 1359 τοῦ
1418 1318 1742 1373 αὐτοκράτορος,
1775 1319 1846 1360 καὶ
1863 1323 1906 1358 15

350 1386 477 1424 ταῦτα
508 1387 593 1425 τῶν
621 1384 761 1426 ἄλλων
782 1385 1087 1427 εὐπαθούντων
1110 1386 1226 1427 αὐτοὶ
1247 1386 1318 1427 καὶ
1339 1385 1438 1440 παρ’
1464 1387 1616 1428 ἀσπίδα
1639 1387 1846 1441 ἱστάμενοι

315 1452 422 1495 2καὶ
456 1453 820 1507 προπολεμοῦντες
855 1458 928 1509 τῆς
954 1454 1178 1509 Ῥωμαίων
1215 1456 1360 1510 ἀρχῆς.
1424 1456 1447 1496 ὁ
1482 1455 1526 1496 δὲ
1564 1455 1687 1496 οὐδὲν
1725 1454 1846 1510 ἧττον

350 1523 423 1562 τοῦ
454 1521 661 1575 βασιλέως
690 1522 855 1571 ἀδέξιος
886 1524 949 1564 ὢν
979 1524 1345 1579 μεταχειρίσασθαι
1376 1524 1666 1579 λυπουμένους
1687 1524 1846 1579 ἄνδρας

351 1650 393 1686 11
420 1651 645 1696 προσέλευσις
671 1656 740 1687 τῶν
765 1657 1025 1698 στρατιωτικῶν
1051 1654 1232 1699 ἀρχόντων
1256 1653 1344 1699 πρὸς
1372 1653 1429 1689 τὸν
1451 1654 1754 1700 Παρασπόνδυλον
1780 1653 1842 1690 CE

420 1779 443 1815 2
467 1779 712 1822 ἕπιτεύξασθαι
739 1781 909 1828 BDEwp
1008 1782 1030 1818 5
1055 1783 1294 1829 περιλειφθεὶς
1321 1781 1488 1829 prDz',
1517 1783 1749 1828 περιληφθεὶς
1769 1782 1842 1819 AD

421 1828 454 1863 5.
481 1829 503 1863 6
528 1833 599 1863 τῶν
624 1829 940 1874 ἑπομένων-ὅθεν
964 1831 1115 1876 ληφθεὶς
1142 1841 1217 1866 om.
1243 1831 1279 1865 D
1434 1831 1456 1866 6
1482 1836 1523 1876 τῆ
1547 1830 1717 1876 ἐκκλησία
1741 1845 1843 1876 προς·

418 1875 592 1921 πέφευγεν
609 1875 678 1911 ΑΕ
707 1875 760 1920 (V.
775 1876 891 1913 Cedr.
905 1878 927 1912 l.
944 1888 974 1913 c.
991 1889 1027 1924 p.
1043 1879 1123 1923 613,
1139 1878 1209 1923 16),
1236 1879 1389 1924 ἐξάγεται
1415 1884 1474 1924 τῆς
1499 1879 1687 1923 ἐκκλησίας
1714 1878 1841 1925 Bpr

419 1924 441 1959 7
467 1924 585 1962 τέλους
609 1923 691 1969 AR,
718 1925 810 1963 τέλος
835 1925 923 1971 w*p
1029 1927 1136 1961 αὐτοῦ
1163 1926 1225 1962 BC
1322 1927 1344 1961 8
1369 1927 1616 1972 ἐπεγγελῶντες
1637 1927 1734 1961 αὐτῶ
1760 1927 1841 1971 AR,

417 1971 698 2016 ε’πιχλευάζοντες
711 1972 816 2008 αὐτὸν
830 1972 903 2018 BC,
918 1973 1140 2019 ἐπιγελῶντες
1153 1974 1250 2019 αὐτῷ
1265 1974 1349 2020 W*p
1437 1975 1482 2009 10
1499 1975 1640 2019 ἐποίησε
1654 1973 1840 2020 stpDz',

418 2019 580 2064 ἐποίησεν
604 2019 652 2065 A,
678 2031 716 2055 v.
735 2020 788 2055 ad
805 2020 902 2056 XIII
922 2021 952 2066 1,
968 2021 990 2056 5
1088 2022 1130 2056 11
1158 2021 1197 2057 δὲ
1220 2022 1490 2067 παροινηθέντες
1516 2021 1579 2057 BC
1676 2022 1721 2057 13
1744 2036 1840 2067 πρω-

418 2067 635 2113 τοσυγκέλλω
652 2067 762 2114 AOp‚
788 2069 1071 2115 πρωτοσυγκέλω
1098 2069 1196 2114 E(w)
1297 2070 1341 2105 17
1365 2069 1434 2114 πρὸ
1451 2070 1682 2115 πολεμοῦντες
1700 2070 1786 2115 (Sic)
1803 2069 1839 2105 A

288 2198 333 2233 12
347 2196 549 2242 perruptis
581 2197 734 2232 exitum
761 2197 907 2233 clausis
932 2199 1133 2243 patefecit.
1184 2198 1296 2234 Idem
1322 2199 1363 2233 in
1390 2209 1438 2234 ea
1466 2208 1627 2244 quoque
1654 2198 1837 2234 custodia

346 2245 453 2284 fecit,
492 2254 597 2289 quae
629 2245 682 2280 ad
709 2244 883 2281 Chalcen
916 2250 985 2287 est,
1023 2256 1162 2282 eorum
1196 2257 1320 2292 opera
1347 2256 1390 2282 se
1417 2247 1500 2282 voti
1526 2247 1588 2281 sui
1620 2247 1707 2282 fore
1734 2257 1835 2281 eom-

288 2293 333 2329 13
347 2294 480 2337 potem
495 2302 675 2337 sperans.
726 2292 874 2328 Verum
889 2293 959 2328 ubi
978 2295 1172 2339 cognovit
1189 2295 1380 2329 militares
1399 2294 1536 2339 copias
1556 2295 1663 2328 eirca
1682 2295 1837 2339 regiam

346 2343 488 2375 contra
514 2350 556 2375 se
583 2340 772 2376 collectas
797 2341 958 2376 iamiam
986 2342 1123 2386 affore,
1151 2342 1203 2376 ad
1229 2352 1419 2387 magnam
1438 2342 1647 2377 ecclesiam
1672 2352 1837 2376 conver-

345 2387 452 2431 titur,
491 2388 532 2422 in
558 2398 680 2432 quam
706 2389 814 2423 solus
841 2398 932 2423 eum
959 2389 1038 2424 filio
1065 2390 1238 2433 relictus,
1278 2390 1514 2435 gregalibus
1546 2389 1628 2423 suis
1661 2389 1835 2434 dilapsis,

286 2437 332 2471 14
346 2436 539 2480 profugit,
578 2436 687 2471 unde
726 2436 896 2471 eductus
934 2437 1153 2482 relegatur.
1203 2437 1290 2472 Hoc
1329 2441 1480 2472 eventu
1522 2439 1710 2471 conatum
1750 2437 1836 2471 eius

345 2486 574 2527 consecuto,
613 2483 771 2528 plebeia
802 2484 1014 2520 multitudo
1043 2494 1115 2530 per
1140 2485 1357 2520 ludibrium
1391 2485 1496 2519 hane
1528 2484 1768 2519 cantilenam
1794 2485 1836 2519 in

345 2540 435 2564 eum
464 2531 625 2566 cecinit:

605 2578 757 2614 Fatuus
783 2579 1082 2624 Monomachus,
1110 2579 1218 2624 quod
1245 2580 1450 2625 cogitavit,
1478 2579 1571 2624 egit.

461 2625 493 2660 2.
545 2624 730 2661 Ceterum
751 2627 966 2662 orientales
985 2627 1109 2663 duces
1127 2628 1284 2662 iniuriis
1303 2628 1447 2671 affecti,
1477 2627 1611 2662 denuo
1629 2629 1833 2663 fortunam

343 2673 618 2717 periclitaturi,
657 2673 836 2709 Leonem
868 2675 1209 2720 protosyneellum
1242 2675 1469 2710 eommunia
1495 2677 1660 2719 negotia
1691 2686 1832 2722 procu-

342 2724 497 2755 rantem
525 2721 688 2766 adeunt,
727 2732 775 2757 eo
802 2723 1066 2758 intercessore
1092 2732 1230 2768 regem
1263 2723 1478 2768 precaturi,
1516 2733 1566 2756 ne
1593 2724 1666 2758 soli
1697 2724 1831 2769 negle-

341 2772 548 2812 gerentur,
588 2779 677 2803 eum
714 2770 835 2804 ceteri
872 2780 1010 2805 omnes
1045 2770 1295 2805 liberalitatis
1331 2770 1615 2814 imperatoriae
1655 2771 1829 2806 fructum

342 2815 516 2860 aliquem
549 2817 840 2862 percepissent;
882 2821 1094 2862 praeterea
1126 2818 1268 2852 ceteris
1300 2818 1480 2852 suaviter
1506 2818 1748 2862 viventibus,
1787 2829 1830 2854 se

305 2862 382 2899 2in
415 2863 502 2898 acie
536 2867 687 2899 stantes
720 2875 792 2909 pro
825 2865 955 2900 salute
981 2864 1151 2900 Romani
1182 2865 1338 2910 imperii
1366 2874 1638 2910 propugnare.
1687 2865 1740 2901 At
1764 2866 1829 2901 ille

341 2910 463 2945 nihilo
495 2912 662 2958 peritior
695 2922 794 2958 rege
821 2912 1022 2948 tractandi
1048 2913 1157 2948 viros
1184 2912 1365 2948 dolentes
1390 2915 1429 2947 et
1454 2916 1652 2949 tumorem
1685 2923 1736 2950 ex
1763 2913 1829 2959 do-
