1968 3302
619 232 880 275 VALENTIS
906 231 1249 274 CRVDELITAS.
1642 233 1688 272 77

184 364 247 415 τῷ
276 359 384 414 θεῷ,
417 359 487 402 καὶ
519 359 754 414 κλεισθήτω
784 358 864 415 μὲν
895 358 1100 413 ἀσφαλῶς
1120 357 1146 399 ὃ
1160 357 1282 412 ναός,
1313 357 1434 404 ἒκτός
1456 356 1494 400 δ’
1517 358 1690 404 ἑστῶτες

185 430 226 471 οῖ
262 428 311 470 τὰ
343 428 506 482 Ἀρείου
545 432 800 484 φρονοῦντες
839 427 1078 469 δείσθωσαν
1119 429 1194 468 τοῦ
1237 426 1358 468 θεοῦ.
1421 427 1492 468 καὶ
1535 427 1574 468 εἰ
1611 426 1690 481 μὲν
1703 430 1726 466 9

185 498 436 551 αὐτομάτως
467 497 609 543 αὐτοῖς
640 497 821 551 ἀνοιχθῇ
854 496 879 538 ὁ
909 495 1023 549 ναός,
1056 495 1269 550 ἐχέτωσαν
1299 494 1445 536 αὐτόν·
1484 496 1524 537 εἶ
1552 495 1597 536 δὲ
1627 494 1687 549 μὴ

186 566 347 621 ἀνοιγῇ,
392 566 653 620 ἐπιτρεπτέον
689 565 760 606 καὶ
791 566 891 619 ἡμῖν
922 564 1126 619 δεηθῆναι
1155 567 1230 605 τοῦ
1262 564 1383 605 θεοῦ.
1445 563 1518 605 καὶ
1548 564 1586 605 εἶ
1611 563 1690 617 μὲν
1704 568 1751 603 10

149 640 172 676 5
186 633 437 689 αὐτομάτῶς
468 634 816 675 ἀναπετασθῶσιν
848 634 891 674 αἱ
921 633 1059 681 πύλαι,
1091 633 1309 686 νομιστέον
1339 632 1387 673 ἐκ
1417 632 1524 674 θεοῦ
1555 648 1688 686 προσ-
1702 635 1735 671 Β

185 703 463 758 κληρωθῆναι
493 703 593 756 ἡμῖν
623 702 670 743 τὸ
701 703 820 744 θεῖον
849 702 1088 756 τεμένισμα·
1120 702 1166 743 εἷ’
1183 700 1229 743 δὲ
1255 700 1347 742 οὐδ’
1376 702 1476 756 ἡμῖν
1502 700 1549 743 τὸ
1577 700 1690 755 ἱερὸν

186 771 346 826 ἀνοιγῇ,
390 770 462 813 καὶ
501 771 638 817 οὕτως
676 771 861 812 ἀνείσθω
901 769 1004 812 αὐτὸ
1042 774 1126 816 τοῖς
1163 770 1506 823 ἀρειανίζουσιν.”
1566 770 1690 824 ἤρεσε
1704 774 1748 809 11

185 844 311 882 ταῦτα
344 845 405 894 τῷ
435 840 596 894 βασιλεῖ
622 839 692 882 καὶ
723 840 917 893 γενέσθαι
940 839 1077 885 οὕτως
1098 839 1349 893 ἓπέτρεψεν.·
1398 838 1590 893 ἐκλείσθη
1614 836 1690 880 οὗν

184 909 394 951 πάντοθεν
416 909 441 950 ὁ
462 909 506 950 ἐν
527 907 686 961 Νικαίᾳ
708 908 819 954 ναός.
880 908 1046 950 ἐδέοντο
1069 908 1109 949 οἳ
1129 907 1428 962 ἀρειανίζοντες
1448 907 1520 949 καὶ
1541 907 1688 962 ἠδολέ-
1705 912 1750 947 12

128 983 173 1020 10
187 993 316 1032 σχουν
347 974 414 1032 ἐφ’
449 977 606 1030 ἱκανόν,
640 977 665 1018 ὁ
697 976 743 1018 δὲ
773 976 876 1022 ναὸς
907 977 987 1018 οὐκ
1019 977 1220 1031 ἠνέῳκτο.
1283 976 1365 1031 ὀψὲ
1398 976 1444 1018 δέ
1473 992 1574 1018 ποτε
1604 979 1691 1018 τῶν
1704 980 1750 1016 13

187 1047 407 1100 αἱρετικῶν
448 1046 741 1100 μεταστάντων
784 1046 824 1086 οἱ
861 1045 1092 1099 ὀρθόδοξοι
1128 1049 1202 1087 τοῦ
1242 1045 1428 1100 μεγάλου
1467 1044 1690 1086 Βασιλείου

185 1115 494 1169 προϊσταμένου
533 1115 675 1156 αὐτῶν
714 1119 786 1169 τῆς
826 1114 1012 1169 δεήσεως
1056 1115 1255 1168 ἤρξαντο·
1300 1114 1371 1156 καὶ
1415 1114 1562 1155 αὐτίκα
1605 1117 1691 1156 τῶν
1705 1118 1751 1153 14
1781 1117 1966 1154 W11127

187 1183 398 1238 κλείθρων
437 1183 749 1238 διαρραγέντων
785 1183 856 1225 καὶ
892 1186 978 1224 τῶν
1015 1183 1191 1238 μοχλῶν
1230 1184 1273 1224 αἱ
1307 1183 1434 1224 πύλαι
1474 1182 1691 1238 διέστησαν

187 1249 258 1294 ἀπ’
292 1252 485 1306 ἀλλήλων
515 1252 586 1294 καὶ
616 1256 689 1307 τῆς
719 1252 886 1294 εἰσόδου
917 1255 1002 1298 τοῖς
1032 1256 1189 1298 πιστοῖς
1218 1252 1543 1306 παρεχώρησαν.

129 1325 173 1361 15
312 1319 448 1366 Οὗτος
485 1321 510 1362 ὁ
550 1319 740 1375 βασιλεὺς
763 1320 929 1375 εΈλλησι
965 1320 1044 1375 μὲν
1083 1321 1224 1362 ἐδίδου
1262 1320 1415 1366 θυσίας
1450 1324 1582 1362 ποιεῖν
1619 1320 1690 1362 καὶ
1708 1325 1754 1361 15
1780 1324 1810 1361 C

181 1389 400 1436 Ἰουδαίοις
450 1391 711 1444 προσέκειτο·
763 1394 848 1436 τοῖς
895 1390 933 1431 δ’
981 1390 1236 1444 ὀρθοδόξοις
1279 1389 1428 1444 μόνοις
1473 1389 1690 1430 ἄντέκειτο.

186 1458 381 1500 Σκυθῶν
424 1458 470 1500 δὲ
511 1458 586 1513 τὴν
630 1457 847 1513 Θρᾳκῴαν
890 1458 962 1500 καὶ
1000 1457 1305 1513 Μακεδονικὴν
1348 1457 1691 1513 κατατρεχόντων
1707 1463 1750 1498 16

187 1528 334 1582 χώραν
371 1527 479 1583 ε’ξῄει
515 1527 676 1574 τούτοις
712 1528 1040 1583 ἀντιταξόμενος.
1103 1526 1170 1569 ὅτε
1207 1527 1278 1569 καὶ
1315 1527 1340 1568 ὁ
1375 1527 1510 1582 μέγας
1551 1525 1690 1581 πατὴρ
1707 1533 1750 1568 17

187 1658 232 1694 17
256 1657 336 1703 περὶ
362 1663 422 1704 τῆς
447 1663 508 1693 τοῦ
534 1658 632 1693 ὄσιόυ
654 1658 833 1694 Ἰσαακίου
858 1658 1093 1703 προρρήσεως
1119 1656 1209 1693 κατὰ
1238 1657 1434 1696 Οὐάλεντος
1460 1655 1507 1701 Α,
1532 1656 1611 1701 περὶ
1630 1661 1690 1703 τῆς

186 1706 344 1751 τελευτῆς
371 1711 430 1742 τοῦ
452 1706 666 1745 Οὐάλεντος·
693 1707 752 1741 καὶ
779 1711 839 1751 τῆς
863 1706 944 1751 περὶ
971 1706 1096 1751 ταύτης
1112 1705 1348 1751 προρρήσεως
1366 1711 1428 1740 τοῦ
1454 1706 1552 1740 ὁσίου
1572 1705 1689 1740 'Ioua-

187 1755 268 1789 κίου
294 1753 357 1790 GE

261 1873 278 1908 1
308 1873 340 1909 δ’
368 1883 443 1910 om.
470 1885 546 1920 wp,
574 1884 656 1910 non
683 1873 755 1909 AR
875 1873 898 1909 2
922 1873 966 1919 εἰ]
994 1875 1031 1908 οῖ
1054 1873 1090 1909 D
1219 1873 1242 1908 3
1270 1873 1476 1918 αὐτομάτως
1506 1883 1607 1909 corr.
1635 1883 1687 1908 ex

258 1921 488 1967 αὖτοκράτως
514 1921 550 1956 D
647 1922 763 1961 αὐτοῖς
789 1922 943 1967 ἀνοιχθῇ
969 1941 1013 1947 -
1038 1920 1064 1956 4
1088 1921 1149 1957 καὶ
1166 1922 1198 1956 εἰ
1213 1921 1278 1966 μὲν
1305 1932 1382 1957 om.
1408 1921 1440 1956 E
1537 1921 1560 1957 5
1581 1921 1687 1956 πύλαι

259 1969 341 2015 AR,
367 1970 476 2015 θύραι
503 1969 605 2016 pr
729 1972 752 2006 8
775 1971 890 2009 οὕτως
915 1969 998 2016 AR,
1024 1975 1128 2006 ταῦτα
1155 1969 1256 2015 pr
1370 1970 1393 2005 9
1418 1970 1455 2004 οἱ
1477 1969 1690 2015 ἀρειανίζον-

258 2031 313 2057 τες
334 2017 340 2062 Ι
362 2016 408 2062 A,
435 2019 472 2052 οἱ
481 2018 634 2063 ἀρειανοί
648 2023 709 2053 τοῦ
723 2019 811 2054 θεοῦ
826 2017 924 2064 pr
1008 2017 1053 2052 12
1076 2018 1347 2063 προηγουμένου
1363 2017 1461 2063 pr
1543 2017 1590 2052 14
1615 2016 1689 2062 τῆς]

259 2069 331 2150 {tint
356 2066 568 2112 typotheta
594 2066 705 2112 apud
732 2064 789 2102 Di
886 2064 932 2102 15
956 2066 979 2100 ὅ
996 2065 1162 2112 βασιλεὺς
1187 2074 1263 2102 om.
1279 2065 1316 2100 D
1416 2065 1461 2101 1ss
1486 2065 1689 2110 ὀρθόφροσι

296 2123 360 2160 WP

190 2248 261 2289 est,
295 2255 318 2281 ο
343 2255 429 2289 reX,
469 2245 546 2281 deo
579 2244 773 2281 iudicium
806 2245 927 2281 huius
959 2246 1274 2282 controversiae.
1325 2244 1550 2281 Claudatur
1576 2255 1693 2281 accu-
1750 2249 1754 2258 ’

189 2296 277 2329 rate
303 2293 508 2339 templum.
559 2293 673 2329 Foris
703 2297 855 2329 stantes
881 2293 1022 2329 Ariani
1049 2297 1267 2339 precentur
1294 2293 1425 2332 deum.
1477 2292 1633 2335 Quibus
1659 2294 1729 2329 si9

189 2341 295 2377 ultro
322 2341 572 2387 patefactum
600 2341 675 2377 crit
701 2341 904 2387 templum,
931 2341 1127 2386 habent03
1166 2342 1228 2376 sin
1258 2342 1402 2385 minus,
1443 2341 1693 2377 concedatur

191 2393 231 2424 et
256 2389 373 2425 nobis
399 2390 557 2435 precari
586 2389 718 2424 deum.
768 2388 921 2431 Quodsi
947 2389 1052 2424 ultro
1080 2392 1247 2435 apertae
1273 2392 1392 2425 erunt
1423 2392 1578 2435 portae,
1616 2392 1693 2425 sta·
1708 2389 1754 2424 10

190 2436 388 2473 tuendum
420 2436 496 2474 erit
528 2447 553 2472 a
586 2436 662 2472 deo
698 2436 816 2473 nobis
845 2437 1082 2473 attributam
1109 2446 1197 2472 esse
1223 2440 1405 2473 sanctam
1432 2436 1592 2482 aedem3
1631 2437 1693 2473 sin

192 2486 328 2521 autem
354 2494 406 2520 ne
431 2484 548 2521 nobis
575 2483 738 2530 quidem
765 2484 957 2530 templum
990 2485 1238 2531 patefactum
1273 2485 1361 2529 erit,
1396 2485 1454 2520 sic
1486 2485 1607 2520 ctiam
1641 2484 1692 2520 ad

190 2531 365 2568 Arianos
392 2532 630 2579 pertineto.”
676 2531 844 2568 Placent
879 2543 928 2568 ea
967 2533 1055 2579 regi
1095 2536 1134 2568 et
1172 2535 1218 2568 ut
1256 2533 1312 2568 ita
1350 2532 1494 2568 fierent
1533 2542 1694 2568 conces·
1709 2533 1752 2568 11

193 2581 253 2616 sit.
308 2579 442 2616 Aedes
473 2579 707 2617 Nicaeensis
745 2580 928 2627 undique
965 2580 1180 2616 clauditur.
1241 2580 1522 2616 Precabantur
1550 2578 1693 2616 Ariani
1710 2582 1754 2616 12

193 2627 331 2665 deum:
371 2638 462 2664 cum
495 2628 594 2664 satis
626 2628 696 2664 diu
728 2629 874 2674 nugati
905 2633 1050 2675 essent,
1091 2628 1214 2664 aedes
1247 2638 1330 2664 non
1361 2632 1449 2664 crat
1474 2628 1692 2674 patefacta.

193 2674 292 2712 Sero
324 2675 488 2712 tandem
523 2675 716 2723 digressis
750 2676 964 2713 haereticis
999 2681 1038 2713 et
1074 2676 1322 2720 orthodoxis,
1361 2686 1511 2722 magno
1543 2675 1692 2712 Basilio
1708 2678 1753 2712 13

194 2723 309 2768 (luce,
348 2733 490 2770 preces
521 2724 754 2770 auspicatis,
791 2725 925 2760 statim
958 2725 1144 2760 claustris
1178 2724 1385 2760 convulsis
1420 2727 1460 2760 et
1485 2724 1693 2770 repagulis
1708 2725 1753 2760 14

194 2774 336 2817 portae
362 2781 405 2807 se
431 2775 681 2818 aperuerunt
707 2776 748 2808 et
772 2771 960 2808 fidelibus
985 2772 1139 2808 aditum
1167 2772 1456 2818 praebuerunt.

312 2818 351 2856 Is
389 2829 461 2856 rex
501 2820 675 2866 paganis
716 2820 971 2856 sacrificandi
1010 2824 1250 2866 potestatem
1292 2819 1417 2856 dabat
1457 2823 1496 2857 et
1531 2819 1693 2856 Iudaeis
1710 2821 1754 2856 15

194 2866 396 2903 studebat.
445 2866 549 2903 Solis
581 2867 817 2904 orthodoxis
854 2868 1164 2904 adversabatur.
1213 2867 1316 2905 Cum
1349 2872 1486 2904 autem
1519 2866 1695 2913 Scythae
1710 2869 1754 2903 16

196 2915 427 2961 provincias
452 2913 667 2952 Thraciam
693 2919 732 2952 et
759 2914 1036 2953 Macedoniam
1068 2917 1335 2961 incursarent,
1372 2925 1547 2963 magnus
1579 2919 1695 2963 pater
1708 2916 1753 2954 17
