2020 3230
209 390 308 425 tonii
336 392 376 426 et
395 389 607 427 Octaviani
634 390 759 425 bellat
784 399 874 426 cum

209 437 334 473 Bruto
361 442 401 474 et
426 437 565 474 Cassio
591 437 630 472 II
655 438 737 482 359,
751 437 785 472 2.

161 485 311 522 Δέκιοι
339 485 370 520 1.
399 485 469 531 [R]
485 485 635 521 Decius
650 485 765 531 [Mus]
785 495 876 520 con-

209 536 272 568 tra
296 532 464 569 Latinos
497 535 665 568 mortem
699 543 773 579 pro
809 543 876 579 pa-

209 581 286 616 tria
304 581 505 617 occumbit
526 580 567 616 II
579 580 636 624 94,
651 581 803 625 10-96‚
820 581 874 616 19.

160 647 206 654 —-
247 627 281 664 2.
323 628 366 664 Ρ.
399 628 549 664 Decius
584 628 698 674 [Mus]
735 632 875 664 contra

208 675 344 713 Gallos
371 679 538 712 mortem
564 687 638 722 pro
662 677 793 722 patria
813 687 874 712 oc-

209 725 362 760 cumbit
386 723 424 759 11
452 723 720 768 101,20-103,
733 723 766 759 2.

162 791 205 797 —
232 772 266 807 3.
293 772 463 807 Decium
489 782 532 807 se
557 773 688 818 ipsum
708 771 875 807 devotu-

208 829 298 855 rum
337 829 426 855 esse
464 819 516 854 ad
555 820 767 855 victoriam
799 819 875 854 Ro-

208 868 337 903 manis
362 867 587 914 parandam
610 868 716 903 inter
730 866 873 913 Pyrrhi

207 915 352 999 milit7es
372 925 538 998 2rumor
586 915 793 962 spargitur
835 915 874 950 II

208 963 287 1007 119,
327 983 368 988 -
402 963 430 999 1.

159 1030 203 1036 —
229 1010 262 1046 4.
290 1010 440 1046 Decius
464 1010 639 1046 Mundus
666 1020 690 1045 a
709 1009 873 1046 Tiberio

204 1059 440 1142 ἓῐιῖεκὲἰίιιηι
466 1059 610 1094 missus
636 1058 653 1093 I
678 1058 760 1103 480,
782 1058 872 1093 15—

160 1173 202 1180 -
230 1154 263 1189 5.
290 1165 316 1190 a
341 1154 526 1200 Philippo
545 1154 682 1190 Arabe
707 1154 748 1189 in
768 1153 874 1190 Moe-

206 1203 306 1237 siam
342 1203 486 1238 missus
521 1212 546 1236 a
581 1202 773 1237 militibus
805 1202 873 1237 im-

208 1252 372 1296 perator
406 1250 606 1285 salutatur
643 1249 681 1285 II
707 1249 788 1293 584,
803 1249 871 1285 2—

207 1297 263 1333 14.
290 1298 415 1333 vincit
440 1297 669 1343 Philippum
696 1295 872 1333 Arabem

205 1345 287 1389 584,
303 1345 357 1381 15.
385 1346 604 1391 imperator
619 1345 699 1389 584,
714 1345 770 1380 20.
798 1345 872 1381 Va-

205 1393 402 1429 lerianum
460 1393 658 1439 collegam
713 1393 872 1429 asciscit

205 1441 327 1486 585,3.
356 1439 603 1477 Christianos
614 1441 872 1487 persequitur

204 1489 285 1533 585,
300 1488 427 1524 6-10,
454 1488 535 1533 589,
549 1488 606 1523 22.
634 1488 710 1524 sub
729 1499 777 1524 eo
792 1489 872 1534 epi-

204 1537 315 1583 scopi
330 1536 493 1579 Romae,
512 1535 762 1576 Antiochiae,
781 1536 871 1572 Hie-

205 1584 510 1630 rosolymorum,
535 1582 808 1620 Alexandriae
833 1588 871 1620 et

204 1636 403 1678 martyres
449 1632 530 1676 585,
545 1631 696 1667 10—22.
742 1632 822 1677 592,
837 1634 871 1667 6.

205 1684 375 1716 necatur
402 1690 493 1715 cum
525 1680 606 1715 filio
639 1683 731 1726 post
763 1680 871 1716 bien-

204 1728 315 1811 ἓὲιὸῐη
342 1728 497 1810 imperii
513 1726 628 1764 Gallo
653 1727 870 1764 insidiante

157 1824 330 1863 Δέλλιος
349 1822 420 1868 [Q.]
440 1822 594 1859 Dellius
608 1822 870 1859 Alexandrae

205 1870 435 1917 persuadet,
472 1874 518 1906 ut
542 1870 741 1917 imagines
776 1871 871 1907 libe-

204 1929 341 1955 rorum
385 1918 437 1953 ad
476 1917 698 1954 Antonium
738 1919 871 1954 mittat

204 1967 242 2002 11
267 1966 396 2011 42l,3.
430 1966 482 2001 ad
509 1965 776 2002 Octavianum
806 1966 870 2002 de-

204 2015 286 2050 ficit
314 2014 351 2049 II
376 2014 529 2058 397,18.
556 2013 638 2056 398,
659 2014 689 2049 1.

156 2063 411 2108 Δελφινᾶς
448 2061 608 2097 Bardae
646 2062 780 2097 socius
818 2061 870 2096 ad

205 2109 483 2156 Chrysopolim
514 2120 538 2144 a
565 2108 712 2145 Basilio
739 2109 787 2144 Il.
816 2109 870 2144 vi-

205 2161 294 2194 ctus
325 2160 364 2194 et
395 2161 563 2193 necatus
598 2156 654 2192 111
681 2157 869 2199 552,15—

157 2253 334 2299 Δελφοῖς
362 2263 409 2288 eo
436 2252 559 2298 legati
579 2253 687 2287 missi
714 2251 751 2287 II
776 2252 871 2297 40,4

205 2300 486 2345 -41,2.75,1.
538 2300 746 2336 oraculum
782 2299 870 2336 Del-

204 2349 367 2395 phicum
386 2348 577 2384 Romanis
597 2350 688 2394 post
714 2347 869 2383 cladem

205 2396 456 2433 Cannensem
485 2396 622 2431 datum
650 2395 688 2431 ΙΙ
714 2395 842 2440 205,1.

156 2444 361 2489 Λένόερις
387 2443 654 2479 homunculus
673 2444 811 2479 fatuus
829 2445 870 2479 in

203 2493 325 2575 ἒὲῑιζίἶ
345 2491 556 2538 Theophili
597 2490 653 2526 111
679 2491 867 2534 359,19-

276 2567 284 2584 ,
330 2567 337 2574 .

157 2588 413 2633 Δημάρατος
470 2586 700 2623 Corinthius

204 2634 413 2681 Tarquinii
440 2634 565 2670 Prisci
593 2634 629 2670 11
656 2634 712 2679 26,
728 2634 761 2670 4.

157 2683 458 2729 Δημητριανός
505 2681 744 2718 Antiochiae
791 2682 870 2728 epi-

204 2740 352 2777 scopus
378 2730 413 2766 Il
441 2730 593 2774 596,10.
620 2730 701 2774 603,
715 2730 748 2765 9.

156 2778 178 2824 ἥ
196 2778 461 2861 ιῖξμηιριάς,
479 2778 501 2824 ἥ
517 2778 717 2824 Θεσσαλική
739 2777 868 2822 11249,

754 2590 870 2632 pater

157 2873 397 2919 Δημήτριοι
427 2873 456 2908 l.
488 2873 706 2909 Phalereus
733 2873 869 2908 biblio-

204 2921 346 2957 thecae
373 2931 397 2956 a
422 2920 653 2957 Ptolemaeo
678 2920 869 2956 Philadel-

205 2969 285 3015 pho
300 2969 556 3015 praepositus
571 2969 681 3005 favet
695 2968 870 3004 Hebrae—
903 3001 907 3014 ,

707 268 826 305 Δέκιοι
845 287 884 294 -
900 244 1124 315 Δημήτριοι..
1590 268 1660 304 821

995 399 1110 425 orum
1146 388 1259 424 libris
1296 388 1311 424 Ι
1339 387 1492 431 356,16.
1531 387 1612 433 358,
1627 389 1660 424 9.

948 505 991 510 -
1017 485 1050 520 2.
1078 485 1105 520 Ι.
1134 483 1276 530 [Soter]
1304 485 1329 520 f.
1356 483 1514 521 Seleuci
1532 484 1661 520 Roma

995 533 1101 579 fugit
1138 536 1178 568 et
1220 543 1348 578 regno
1393 533 1545 578 potitur
1581 531 1661 568 An-

994 580 1127 616 tiocho
1154 583 1194 616 et
1217 579 1341 625 Lysia
1366 581 1520 616 necatis
1546 579 1659 625 1372,

996 628 1050 663 12.
1078 627 1115 663 II
1130 627 1399 673 279,16-280,
1415 627 1471 663 12.
1497 627 1661 663 Bacchi-

994 675 1084 711 dem
1134 676 1253 712 mittit
1293 674 1448 711 Alcimo
1492 679 1660 712 auctore

994 726 1135 759 contra
1161 723 1305 759 Iudam
1327 723 1614 759 Maccabaeum
1642 723 1660 759 I

992 771 1144 816 37215.
1195 771 1350 807 Alcimo
1377 775 1543 807 auctore
1569 782 1662 807 con·

992 823 1055 854 tra
1086 819 1228 854 ludam
1266 820 1385 855 mittit
1418 819 1660 855 Nicanorem

994 867 1062 912 qui
1097 868 1270 902 vincitur
1304 869 1343 903 et
1374 870 1545 902 necatur
1578 867 1660 911 373,

994 915 1048 950 10.
1088 915 1207 950 mittit
1233 918 1375 950 contra
1401 914 1541 950 Iudam
1563 914 1660 950 Bac-

993 962 1149 998 chidem
1170 963 1238 1008 qui
1260 973 1352 998 eum
1378 965 1498 998 necat
1524 966 1564 998 et
1589 972 1659 1009 pu-

991 1021 1076 1056 gna
1120 1020 1210 1045 cum
1253 1010 1423 1046 Ionatha
1469 1011 1578 1046 facta
1620 1013 1660 1046 et

993 1058 1195 1104 praesidio
1210 1058 1501 1103 Hierosolymis
1518 1058 1658 1094 relicto

992 1106 1096 1142 redit
1128 1106 1208 1151 374,
1235 1105 1410 1151 13—-376,
1434 1106 1489 1141 12.
1540 1106 1660 1142 mittit

991 1153 1234 1190 Bacchidem
1268 1157 1409 1189 contra
1434 1153 1658 1197 Ionatham,

994 1202 1062 1247 qui
1090 1212 1231 1248 pugna
1257 1202 1366 1237 facta
1393 1211 1534 1248 pacem
1562 1202 1659 1237 facit

993 1259 1083 1284 cum
1116 1249 1278 1285 Iudaeis
1313 1249 1395 1292 376,
1413 1249 1586 1294 16-377,
1603 1250 1657 1284 13.

993 1297 1268 1343 Orophernem
1293 1298 1408 1332 iuvat
1439 1296 1478 1332 II
1504 1297 1584 1341 277,
1601 1297 1657 1332 21.

991 1344 1233 1380 Audi-iseum
1289 1345 1412 1380 tradit
1467 1345 1660 1380 Romanis

991 1392 1072 1438 287,
1089 1393 1143 1428 10.
1171 1393 1222 1428 ab
1234 1391 1468 1428 Alexandro
1484 1395 1659 1429 vexatus

991 1441 1076 1476 adit
1102 1440 1313 1476 Ionatham
1340 1442 1391 1477 de
1417 1441 1611 1477 societate
1639 1440 1654 1475 1

990 1489 1071 1533 377,
1089 1488 1144 1524 14.
1172 1489 1348 1524 vincitur
1367 1490 1406 1524 et
1420 1492 1590 1524 necatur
1605 1488 1657 1523 ab

990 1535 1225 1572 Alexandro
1245 1536 1296 1579 (3)
1323 1546 1429 1572 auno
1453 1537 1570 1582 regni
1589 1535 1657 1572 XI.

990 1584 1071 1628 378,
1082 1585 1114 1620 6.
1135 1584 1366 1620 Demetrius
1377 1584 1464 1620 eius
1474 1585 1499 1619 f.
1511 1584 1592 1629 378,
1604 1583 1657 1620 15.

943 1651 986 1656 —
1013 1632 1046 1667 3.
1075 1632 1123 1667 II.
1150 1631 1327 1668 Nicanor
1353 1631 1371 1667 1
1396 1632 1548 1676 380,15.
1583 1631 1658 1667 De-

990 1681 1120 1716 metrii
1136 1679 1163 1715 1.
1182 1681 1208 1716 f.
1224 1690 1275 1715 ex
1290 1678 1410 1716 Creta
1423 1680 1464 1715 in
1480 1678 1658 1716 Ciliciam

990 1728 1257 1774 proficiscitur
1297 1727 1378 1772 378,
1399 1727 1453 1763 15.
1504 1729 1545 1763 in
1589 1737 1658 1773 pu-

990 1786 1074 1822 gna
1100 1786 1191 1811 cum
1217 1774 1452 1811 Alexandro
1480 1785 1504 1810 a
1531 1775 1658 1811 Ptole-

990 1834 1118 1868 maeo,
1145 1824 1262 1859 cuius
1275 1833 1404 1868 gener
1421 1822 1486 1868 (cf.
1501 1823 1582 1867 385,
1599 1823 1657 1866 17)

991 1871 1044 1916 fit,
1072 1871 1292 1907 adiuvatur
1317 1871 1470 1915 379,11.
1521 1870 1657 1906 Antio-

991 1919 1106 1955 chiae
1141 1930 1214 1955 rex
1253 1919 1418 1963 379,15.
1469 1929 1559 1954 cum
1599 1929 1658 1954 so-

991 1977 1084 2003 cero
1099 1967 1225 2002 vincit
1238 1965 1515 2002 Alexandrum
1531 1966 1612 2010 380,
1623 1967 1656 2002 2.

990 2013 1112 2050 Asiae
1138 2025 1211 2050 rex
1250 2014 1302 2050 ib.
1331 2013 1385 2050 15.
1436 2014 1656 2050 Ptolemaei

990 2062 1134 2098 milites
1144 2063 1295 2097 frustra
1309 2065 1574 2108 corrupturus
1585 2065 1657 2107 est,

991 2110 1215 2156 elephantis
1265 2110 1352 2146 eius
1402 2110 1554 2156 potitur
1603 2110 1656 2145 ib.

991 2161 1132 2193 contra
1182 2157 1392 2193 Ionatham
1451 2157 1658 2203 profectus

990 2205 1174 2251 placatur
1199 2205 1326 2250 381,1.
1378 2204 1572 2241 Ionathae
1598 2215 1657 2241 so-

990 2253 1075 2288 cius
1101 2253 1153 2288 ib.
1183 2253 1237 2288 13.
1270 2251 1546 2289 Antiochenos
1573 2254 1656 2288 vin—

990 2301 1042 2336 cit
1067 2300 1119 2336 ib.
1140 2300 1193 2336 15.
1234 2300 1396 2337 Iudaeis
1415 2300 1562 2336 bellum
1589 2301 1656 2335 mi-

991 2352 1112 2384 natur
1137 2349 1189 2384 ib.
1208 2348 1264 2384 21.
1304 2358 1328 2383 a
1355 2347 1575 2394 Tryphone
1602 2349 1656 2383 vi-

990 2400 1078 2432 ctus
1105 2397 1145 2431 in
1173 2395 1349 2432 Ciliciam
1386 2395 1469 2431 abit
1502 2395 1656 2440 381,22.

989 2444 1076 2479 eius
1112 2443 1235 2479 duces
1270 2444 1320 2479 ab
1354 2443 1524 2479 Ionatha
1560 2444 1656 2479 victi

989 2491 1070 2536 382,
1085 2492 1117 2527 6.
1145 2502 1168 2527 a
1183 2490 1340 2527 Parthis
1352 2491 1529 2527 vincitur
1541 2495 1580 2527 et
1594 2502 1656 2527 ca-

989 2540 1097 2585 pitur
1122 2539 1274 2583 383,13.
1300 2538 1524 2574 Antiochus
1539 2537 1656 2575 Soter

989 2588 1076 2622 eius
1103 2587 1228 2623 frater
1253 2586 1407 2631 385,19.
1447 2597 1471 2622 a
1496 2586 1655 2623 Parthis

989 2635 1064 2670 sub
1116 2634 1415 2681 expeditionem
1467 2633 1655 2670 Antiochi

990 2683 1125 2718 fratris
1159 2682 1315 2718 solutus
1349 2681 1492 2726 Syriae
1527 2693 1655 2728 regno

990 2730 1141 2790 potitur
1165 2730 1246 2775 388,
1263 2730 1318 2765 14.
1355 2730 1406 2765 ab
1420 2729 1654 2766 Alexandro

990 2777 1140 2813 Achiua
1158 2778 1290 2813 victus
1306 2777 1592 2813 Ptolemaidem
1611 2788 1655 2813 se

990 2826 1149 2870 recipit;
1188 2825 1240 2860 ab
1275 2825 1489 2871 Cleopatra
1524 2835 1654 2860 uxore

990 2873 1179 2909 exclusus
1195 2873 1291 2919 Tyri
1320 2877 1488 2909 necatur
1513 2873 1593 2916 388,
1609 2873 1653 2907 21

992 2920 1118 2963 ——389,
1141 2921 1174 2956 8.
1227 2920 1448 2956 Antiochus
1491 2919 1655 2966 Grypus

990 2969 1077 3004 eius
1104 2969 1128 3004 f.
1156 2968 1237 3013 389,
1251 2968 1283 3004 9.
