2054 3282
13 2764 33 2951 ‘Jufcstm-wz}
24 2728 30 2738 .«
19 2667 27 2687 w

361 214 652 257 TVMVLTVS.
702 212 977 256 HYPA'PIVS.
1028 211 1317 255 IVSTINIANI
1342 213 1624 254 AEDIFICIA.
1676 213 1745 254 157

241 343 292 384 οὗ
322 342 459 398 μόνου
493 342 539 385 δὲ
569 346 643 384 τοῦ
675 343 789 397 ἱεροῦ
821 342 969 384 τούτου
1003 341 1140 396 δόμου
1169 345 1241 396 τῆς
1264 341 1489 396 δομήσεως
1511 341 1534 382 ὁ
1555 340 1747 396 βασιλεὺς
1761 345 1801 380 31

241 412 399 458 ἐκεῖνος
431 412 661 467 ἀπήρξατο,
702 411 805 453 ἀλλὰ
837 411 908 453 καὶ
940 411 1095 465 ἑτέρων
1130 410 1349 464 πλειόνων,
1391 410 1435 452 ἓν
1467 409 1529 456 οἷς
1561 409 1748 463 ἀπείρων

29 485 66 521 Ι)
85 485 141 520 111
158 485 229 521 274
242 482 474 536 χρημάτων
514 481 714 535 δεόμενος
752 481 826 526 τὰς
861 480 1129 526 τυπωθείσας
1160 479 1370 521 ἀνέκαθεν
1402 479 1446 520 ἒν
1478 479 1629 533 ἑκάστῃ
1662 482 1748 519 τῶν

228 550 410 601 ,πόλεων
442 550 637 592 δίδοσθαι
668 550 842 604 σιτήσεις
871 554 957 595 τοῖς
988 549 1032 591 ἓν
1063 549 1206 595 αὐταῖς
1239 548 1506 594 διδασκάλοις
1530 551 1615 589 τῶν
1636 547 1746 602 λογι-

207 625 230 660 5
248 622 341 660 κῶν
371 623 529 674 τεχνῶν
560 619 801 674 ὑποθήκαις
831 622 905 660 τοῦ
937 618 1126 673 ἐπάρχου
1158 618 1347 672 ἐξέκοψε.
1409 617 1480 658 καὶ
1514 618 1626 658 οὕτω
1665 620 1751 658 τῶν
1763 621 1810 657 32

244 687 288 728 ἓν
331 691 418 733 ταῖς
460 687 602 729 πόλεσι
650 687 954 729 διδασκαλείων
1000 686 1295 742 ἒσχολακότων
1339 686 1531 741 ἀγροικία
1575 689 1662 728 τῶν
1705 686 1750 727 ἓν

243 756 386 802 αὐταῖς
416 757 709 811 κατεκράτησε.
1763 759 1793 796 C

363 824 484 866 Κατά
517 841 562 880 γε
591 825 678 880 μὴν
708 825 755 867 τὸ
787 824 1141 867 ἑπτακαιδέκατον
1172 825 1262 870 ἔτος
1292 828 1364 879 τῆς
1389 824 1597 879 βασιλείας
1618 824 1748 865 αὐτοῦ
1761 830 1809 865 33

243 894 316 936 καὶ
346 894 371 936 o‘
402 895 509 936 κίων
540 894 564 935 ὁ
594 896 740 949 μέγας,
786 895 833 940 ὃς
872 895 916 935 ἓν
951 899 1013 948 τῷ
1049 893 1269 948 προαυλίῳ
1308 897 1381 934 τοῦ
1419 893 1606 948 μεγάλου
1643 897 1748 935 ναοῦ

188 969 232 1004 10
248 963 513 1018 καθίδρυται,
546 963 790 1017 τετελείωτο,
828 963 872 1004 ἓν
902 961 942 1017 ᾧ
973 964 1127 1005 οἰκεῖον
1158 963 1381 1016 ἀνδριάντα
1414 964 1598 1017 ἔφιππον
1629 961 1752 1010 οὗτος

244 1033 268 1073 ὁ
300 1031 492 1086 βασιλεὺς
523 1032 819 1087 ἆνεστήλωσεν,
854 1032 1040 1086 ἔνθαπερ
1071 1032 1169 1086 πρὶν
1200 1033 1340 1086 ἕτερος
1371 1033 1507 1073 ἵστατο
1538 1032 1645 1074 κίων
1675 1036 1810 1074 τοῦ34

242 1100 428 1155 μεγάλου
466 1099 697 1142 Θεοδοσίου
744 1101 893 1156 φέρων
939 1100 1092 1155 στήλην
1138 1101 1184 1148 ἐξ
1229 1101 1419 1155 ἀργύρου
1465 1101 1750 1155 πεποιημένην

242 1169 360 1223 παρὰ
391 1173 465 1211 τοῦ
498 1170 659 1211 ἐκείνου
691 1169 843 1216 παιδὸς
870 1169 1105 1224 Ἀρκαδίου,
1139 1169 1344 1210 ἕλκουσαν
1376 1169 1569 1224 σταθμὸν
1599 1170 1751 1224 λιτρῶν

245 1238 562 1293 ἑπτακισχιλίων
590 1238 884 1293 τετρακοσίων,
915 1240 968 1293 ἣν
989 1238 1189 1280 καθελὼν
1211 1239 1368 1284 ε’κεῖνος
1387 1238 1491 1293 μετὰ
1513 1242 1587 1280 τοῦ
1609 1238 1750 1284 κίονος
1764 1245 1810 1281 35

184 1317 228 1351 15
244 1308 315 1350 καὶ
345 1308 418 1350 τὸν
447 1309 635 1363 ἄργυρον
660 1308 922 1363 ἀφελόμενος
942 1307 1015 1350 τὸν
1035 1312 1111 1350 νῦν
1133 1308 1356 1362 ὁρώμενον
1375 1306 1479 1362 μετὰ
1501 1311 1574 1362 τῆς
1596 1307 1750 1352 οἰκείας

245 1378 395 1432 στήλης
426 1378 616 1432 ἀνήγειρε
647 1378 779 1419 κίονα.
843 1377 945 1419 ἀλλὰ
977 1377 1049 1419 καὶ
1080 1376 1208 1419 ὁλκὸν
1238 1377 1432 1431 μέγιστον
1463 1377 1511 1418 ἐκ
1541 1375 1749 1430 μολίβδου
1763 1383 1809 1419 36

244 1447 573 1500 ἐξειργασμένον,
619 1443 670 1487 δι’
705 1444 755 1487 οὗ
787 1445 834 1488 τὸ
865 1446 987 1501 ὕδωρ
1020 1447 1077 1492 εἶς
1107 1445 1182 1500 τὴν
1218 1445 1338 1486 πόλιν
1378 1446 1576 1500 εἰσήγετο,
1620 1460 1748 1487 κατα-

241 1515 397 1563 λέλυκε,
435 1515 592 1570 πολλῆς
629 1516 674 1557 ἓν
711 1519 799 1561 ταῖς
837 1515 1085 1570 οἰκοδομαῖς
1115 1519 1188 1570 τῆς
1219 1515 1320 1570 ὕλης
1351 1515 1502 1569 ταύτης
1535 1514 1748 1568 δεόμενος.
1764 1521 1800 1556 D

242 1634 265 1669 8
288 1633 367 1678 περὶ
392 1638 452 1669 τοῦ
477 1633 746 1679 Αὐγουστίωνος
772 1632 875 1670 ACE
902 1636 955 1676 (V.
971 1633 1086 1670 Cedr.
1107 1633 1124 1668 I
1144 1644 1181 1679 p.
1198 1633 1355 1678 656,18)
1431 1634 1472 1668 11
1501 1634 1699 1678 σημείωσαι
1718 1632 1750 1667 Ε

316 1743 348 1777 1.
374 1741 396 1776 2
422 1742 464 1777 οὐ
487 1743 598 1787 μόνου
614 1762 658 1767 —
676 1741 864 1787 πλειόνων]
891 1742 933 1777 οὐ
957 1743 1069 1787 μόνον
1095 1741 1134 1777 δὲ
1158 1741 1217 1777 τὸν
1243 1741 1335 1786 ἱερὸν
1360 1746 1480 1777 τοῦτον
1506 1742 1618 1786 δόμον
1642 1742 1662 1776 ὁ
1685 1742 1749 1787 βα-

316 1789 431 1829 σιλεὺς
457 1789 592 1829 ἐκεῖνος
616 1790 788 1835 ἐδείματο,
815 1789 902 1825 ἀλλὰ
928 1790 989 1825 καὶ
1017 1790 1156 1835 ἑτέρους
1180 1790 1341 1828 πλείονας
1368 1789 1466 1835 pr
1592 1790 1610 1823 1
1637 1790 1749 1834 μόνου

318 1837 397 1882 ΑΕ,
422 1839 530 1882 μόνον
557 1836 733 1883 0wpDi3
773 1839 903 1873 utitur
930 1837 1108 1874 Zonaras
1135 1837 1254 1873 modo
1283 1837 1497 1880 adiectivo,
1534 1836 1654 1872 modo
1683 1836 1750 1871 ad-

319 1886 472 1929 verbio,
498 1896 536 1920 v.
562 1885 654 1921 XIV
681 1886 714 1928 6,
732 1885 789 1921 29.
821 1886 873 1930 13,
894 1886 950 1921 14.
979 1886 1033 1930 15,
1052 1886 1085 1921 5.
1112 1885 1183 1921 XV
1210 1886 1242 1929 2,
1264 1886 1319 1921 11.
1346 1886 1403 1929 28,
1421 1885 1479 1920 38.
1506 1884 1618 1920 XVII
1643 1884 1700 1928 21,
1715 1885 1748 1919 ὃ.

319 1933 450 1968 XVIII
475 1933 532 1978 25,
554 1934 597 1969 13
625 1937 664 1969 et
690 1933 786 1968 XIII
812 1934 868 1978 20,
888 1934 945 1969 26.
972 1933 1064 1969 XIV
1091 1934 1123 1978 6,
1145 1933 1200 1969 16.
1227 1933 1298 1969 XV
1322 1933 1354 1978 6,
1378 1933 1430 1969 13.
1458 1933 1514 1975 22,
1533 1933 1590 1968 30.
1618 1932 1750 1968 XVIII

319 1980 375 2022 22,
395 1981 417 2016 3
537 1981 560 2016 4
585 1981 700 2020 αὐτοῖς
728 1981 895 2028 CDEwp
1020 1981 1041 2016 ἶ)
1067 1986 1158 2027 post
1184 1987 1317 2027 τεχνῶν
1344 1981 1435 2016 add.
1462 1981 1522 2016 καὶ
1547 1981 1750 2026 ἐπιστημῶν

321 2028 418 2074 pr
532 2031 554 2064 6
579 2029 816 2065 διδασκαλίων
842 2029 884 2074 Β,
910 2030 1134 2065 διδασκάλων
1159 2029 1195 2064 D
1310 2030 1473 2075 ἀγροικίᾳ
1500 2028 1587 2075 w*p
1613 2029 1750 2064 invitis

319 2075 391 2112 AR
495 2077 516 2111 7
543 2077 782 2122 κατεκράτηνε
807 2077 839 2112 Ε
944 2078 967 2113 8
990 2077 1041 2122 τὸ]
1068 2083 1130 2112 τοῦ
1156 2077 1187 2113 Ε
1285 2078 1332 2112 10
1356 2078 1567 2112 τετελείωται
1595 2075 1751 2122 EwpDi

366 2124 403 2159 ἐν
430 2124 460 2159 ὦ
483 2124 488 2168 Ι
509 2124 546 2159 ἐν
571 2124 601 2159 ὧ
626 2125 673 2168 A,
699 2125 735 2159 ἐν
762 2125 792 2160 ὦ
818 2125 859 2170 Ε,
886 2125 945 2171 ἐφ’
971 2126 1080 2170 οὗπερ
1109 2124 1266 2171 prDi
1421 2127 1462 2160 11
1490 2126 1576 2160 ἔνθα
1604 2125 1702 2170 pr

364 2172 447 2217 πρὶν
461 2171 607 2218 AEwp,
632 2172 760 2217 πρώην
775 2173 806 2208 O
906 2173 950 2208 13
963 2173 1122 2218 σταθμὸν
1140 2172 1307 2219 prDi,
1335 2175 1505 2218 σταθμῶν
1519 2173 1565 2218 Α,
1593 2172 1751 2218 σταθμὸν

319 2231 368 2255 ex
397 2221 568 2264 σταθμῶν
594 2231 695 2255 corr.
722 2220 754 2255 E
868 2221 912 2256 16
939 2221 1092 2266 ἀνέγειρε
1118 2220 1203 2266 w*p
1230 2222 1366 2257 invitis
1393 2221 1465 2256 AR
1576 2221 1749 2267 μολίβδου

318 2268 439 2311 ARw,
463 2268 644 2315 μολύβδου
671 2267 767 2314 pr

248 2382 424 2418 dictione
451 2381 534 2427 XV,
565 2392 703 2418 mense
730 2381 964 2418 Februario.
1015 2381 1157 2427 Neque
1183 2393 1281 2418 vero
1321 2382 1398 2418 hoe
1434 2383 1563 2418 solum
1601 2383 1673 2419 sed
1711 2386 1749 2419 et
1763 2384 1808 2420 31

248 2431 328 2466 alia
351 2431 468 2476 plura
494 2430 643 2476 templa
669 2434 882 2466 exstruere
909 2431 1060 2476 coepit3
1088 2440 1195 2475 quae
1221 2430 1273 2465 ad
1292 2430 1548 2466 aedificanda
1575 2441 1668 2466 cum
1694 2432 1748 2466 in-

247 2478 370 2514 finitis
396 2488 498 2524 opus
524 2481 631 2514 esset
657 2478 852 2524 pecuniis,
879 2478 1080 2523 stipendia
1108 2477 1158 2513 de
1184 2479 1350 2513 consilio
1378 2479 1575 2524 praefecti
1607 2479 1749 2515 libera-

248 2527 342 2562 lium
371 2527 517 2561 artium
534 2526 739 2572 magistris
767 2526 859 2561 olim
885 2526 926 2561 in
943 2526 1130 2561 omnibus
1146 2527 1318 2561 urbibus
1334 2527 1552 2562 constituta
1571 2527 1750 2572 sustulit3

248 2575 304 2609 ita
329 2574 453 2609 urbes
479 2574 722 2609 vacantibus
747 2573 971 2609 litterarum
999 2574 1104 2609 ludis
1132 2575 1335 2609 rusticitas
1362 2575 1522 2610 invasit.
1762 2576 1809 2611 32

367 2620 486 2658 Anno
513 2622 601 2657 eius
635 2622 753 2667 regni
794 2621 918 2658 XVII.
958 2625 998 2657 et
1046 2632 1198 2668 magna
1237 2622 1424 2658 columna
1467 2623 1507 2657 in
1548 2623 1748 2659 vestibulo
1762 2624 1809 2660 33

250 2670 387 2715 magni
413 2669 549 2715 templi
577 2669 773 2705 collocata
791 2669 978 2705 absoluta
1004 2674 1081 2714 est;
1109 2671 1172 2705 cui
1189 2674 1415 2715 equestrem
1443 2680 1556 2706 suam
1573 2674 1748 2706 statuam

250 2718 450 2763 imposuit.
500 2717 557 2753 Eo
584 2716 672 2753 loeo
706 2717 818 2763 prius
856 2719 990 2753 suerat
1029 2718 1215 2753 columna
1254 2719 1392 2764 magni
1419 2718 1635 2754 Theodosii
1674 2719 1809 2755 sta-34

250 2771 359 2800 tuam
376 2769 612 2811 argenteam
631 2766 845 2810 sustinens,
871 2765 922 2801 ab
944 2765 1132 2809 Arcadio,
1160 2767 1247 2801 eius
1275 2766 1366 2811 filio,
1394 2766 1541 2801 factam
1570 2767 1750 2812 pondere

251 2813 323 2849 VII
349 2813 500 2848 milium
529 2817 568 2848 et
588 2811 713 2848 CCCC
739 2813 951 2858 librat-uim
979 2824 1100 2859 quam
1127 2814 1192 2848 iile
1211 2824 1300 2849 eum
1317 2814 1506 2849 columna
1525 2814 1748 2859 demolitus,
1763 2815 1810 2851 35

251 2866 424 2905 argento
455 2860 624 2906 direpto,
663 2871 751 2896 eam
779 2862 970 2907 reposuit,
1011 2871 1117 2906 quae
1143 2861 1276 2896 adhuc
1302 2872 1391 2897 eum
1420 2863 1507 2897 eius
1533 2866 1668 2898 statua
1695 2863 1750 2897 vi-

252 2910 362 2944 situr.
414 2908 623 2944 Destruxit
649 2909 769 2944 etiam
797 2909 978 2944 canalem
1007 2910 1226 2944 maximum
1256 2910 1500 2955 plmnbeum,
1534 2911 1613 2956 quo
1643 2921 1748 2956 :uma
1764 2911 1810 2946 36
