2054 3282
42 0 89 22 '‘J!

697 253 900 294 ROMANI
925 251 1173 293 DIOGENIS
1198 250 1306 292 RES.
1680 252 1751 291 685

255 377 328 420 τὸν
358 378 664 432 αὐτοκράτορα.
726 378 788 425 ὥς
820 377 857 419 δ’
891 377 1084 432 ἐμηνύθη
1115 381 1166 432 τῇ
1196 376 1410 431 βασιλίσσῃ
1450 375 1496 417 τὸ
1533 375 1749 431 βούλευμα
1764 377 1811 414 15

254 451 328 489 τοῦ
360 447 528 501 ἀνδρός,
576 447 762 489 στείλασα
794 447 990 501 συνέσχεν
1021 445 1161 499 αὐτόν,
1193 445 1265 487 καὶ
1295 444 1411 499 ἤχθη
1445 444 1664 499 δεσμώτης
1694 445 1752 490 εἷς

254 514 301 557 τὸ
332 515 564 564 Βυζάντιον
593 516 665 557 καὶ
696 515 904 570 ἐλεγχθεὶς
935 515 997 561 ὡς
1028 513 1250 568 ἐπίβουλος
1279 513 1509 568 κατεκρίθη
1541 511 1613 554 καὶ
1646 513 1752 558 τέως

254 584 385 638 ὁρίοις
425 585 697 639 κατεκλείσθη
740 587 1045 638 περιγραπτοῒς.
1115 581 1183 624 εἶτ’
1228 580 1355 628 αὖθις
1397 581 1460 628 ὡς
1501 580 1751 635 κατάκριτος
1765 582 1811 618 16
1836 582 1872 617 D

218 653 419 707 5εἶσῆκτο
449 652 559 707 πρὸς
588 653 707 707 βῆμα
740 652 792 707 δὴ
824 651 871 693 τὸ
902 651 1122 706 βασίλειον,
1154 647 1204 691 ἵν’
1238 651 1263 705 ἧ
1295 654 1446 704 ψῆφος
1473 649 1690 704 κυρωθείη
1723 649 1748 703 ἡ

254 718 345 762 κατ’
378 721 522 762 αὐτοῦ.
585 721 698 767 ἔλεος
729 719 805 762 οὖν
835 724 908 761 τοῦ
941 719 1097 773 ἀνδρὸς
1128 718 1251 774 εἰσῄει
1272 718 1368 764 τοὺς
1388 721 1659 772 παρεστῶτας
1679 717 1750 759 καὶ
1765 720 1810 755 17

253 793 378 831 πᾶσιν
409 790 657 831 ἒπαθαίνετο
688 790 714 844 ἡ
746 789 886 844 ψυχή·
919 788 971 843 ἦν
1003 788 1083 842 γὰρ
1116 788 1167 829 οὗ
1197 787 1332 842 μόνον
1362 786 1436 841 τὴν
1467 785 1584 841 ἰσχὺν
1613 786 1749 840 ἀπαρ-

254 858 437 912 άμιλλος,
483 857 584 899 ἀλλὰ
616 857 688 899 καὶ
719 858 884 899 ἰδέσθαι
924 857 1064 902 καλός.
1134 856 1370 898 συνέπαθεν
1410 854 1486 896 οὖν
1523 854 1627 909 μετὰ
1666 857 1752 896 τῶν
1766 857 1811 893 18

253 925 394 967 ἄλλων
429 926 501 968 καὶ
538 927 564 981 ἡ
602 926 761 981 βασιλὶς
797 923 861 968 ἐπ’
895 926 1012 979 αὐτῷ
1048 925 1119 966 καὶ
1157 924 1295 971 οἶκτος
1331 924 1454 978 ἔλαβε
1489 927 1563 965 τοῦ
1595 922 1752 977 ἀνδρὸς

195 999 241 1034 10
253 994 325 1036 καὶ
355 995 497 1050 αὐτήν,
529 996 567 1036 εἶ
595 995 641 1037 δὲ
668 995 739 1036 καὶ
761 996 885 1049 ἔρως,
918 994 999 1035 οὐκ
1021 994 1107 1048 ἔχω
1130 993 1272 1047 λέγειν,
1305 993 1375 1034 καὶ
1396 991 1484 1034 ἀντὶ
1505 995 1576 1046 τῆς
1596 992 1750 1046 ψήφου

253 1067 326 1118 τῆς
362 1063 585 1118 ὁριζούσης
628 1063 775 1118 ἐκείνῳ
818 1062 892 1117 τὴν
931 1061 1101 1104 κόλασιν
1139 1065 1211 1116 τῆς
1247 1061 1464 1106 κολάσεως
1501 1060 1752 1113 ἐλευθεροῦν

254 1130 382 1173 αὐτὸν
420 1132 614 1186 ἒξήνεκτο
651 1132 866 1187 ψήφισμα.
928 1130 998 1172 καὶ
1029 1131 1054 1172 ὁ
1084 1130 1163 1185 μὲν
1200 1130 1343 1175 λυθεὶς
1380 1133 1454 1170 τοῦ
1492 1128 1752 1183 ἐγκλήματος
1767 1131 1812 1167 19

254 1199 364 1254 ἐξῄει
393 1199 502 1254 πρὸς
532 1199 606 1254 τὴν
637 1200 948 1242 Καππαδοκῶν
981 1198 1101 1254 (αὕτη
1135 1197 1215 1253 γὰρ
1248 1199 1395 1252 ἐκείνῳ
1426 1196 1604 1252 πατρίς),
1647 1198 1672 1251 ἦ
1707 1196 1751 1238 δὲ

253 1268 412 1323 βασιλὶς
441 1269 803 1323 μεταπεμψαμένη
837 1267 964 1309 αὐτὸν
993 1268 1222 1322 μάγιστρον
1252 1266 1323 1308 καὶ
1345 1265 1624 1321 στρατηλάτην
1644 1281 1750 1319 προ-
1767 1267 1966 1305 ΡῙΙ277Α

195 1339 241 1374 15
254 1337 493 1391 εχειρίσατο,
524 1337 606 1392 ἤδη
638 1337 709 1378 καὶ
739 1337 910 1392 βασιλέα
941 1340 1087 1378 τοῦτον
1118 1336 1296 1377 ἀνειπεῖν
1326 1335 1388 1382 ὡς
1417 1335 1551 1390 ἄνδρα
1573 1335 1750 1389 κρίνασα

253 1405 356 1460 παρ’
388 1406 515 1460 ἑαυτῇ
547 1405 842 1460 γενναιότατον.
895 1405 1143 1447 ἀνεκόπτετο
1172 1405 1314 1459 μέντοι
1346 1403 1413 1446 διὰ
1444 1403 1493 1445 τὰ
1525 1403 1649 1458 ὅρκια
1680 1403 1751 1444 καὶ
1765 1405 1812 1441 20

252 1472 300 1515 τὸ
331 1474 559 1529 ἔγγραφον,
592 1475 616 1516 ὃ
647 1474 763 1529 παρὰ
795 1478 868 1516 τοῦ
899 1474 1159 1529 πατριάρχου
1188 1474 1398 1529 τετήρητο.
1460 1472 1531 1514 καὶ
1562 1471 1614 1527 ἦν
1646 1473 1751 1527 αὐτῇ

249 1542 418 1598 μέλημα
450 1542 571 1590 ὅπως
600 1546 723 1585 τοῦτο
760 1542 966 1598 ἀφέλοιτο.
1028 1543 1242 1584 σκέπτεται
1283 1542 1421 1584 τοίνυν
1462 1540 1558 1596 περὶ
1599 1541 1749 1583 τούτου
1764 1543 1809 1578 91

252 1641 298 1678 17
335 1642 431 1682 ὅπως
460 1642 628 1689 ἠπατήθη
660 1643 682 1679 ὅ
709 1643 928 1689 πατριάρχης
959 1642 1020 1679 καὶ
1050 1643 1189 1679 δέδωκε
1221 1647 1264 1688 τῇ
1294 1643 1460 1688 δεσποίνῃ
1487 1641 1525 1678 τὸ
1550 1646 1611 1678 τοῦ
1637 1643 1748 1687 ὅρκου

250 1689 561 1737 αὐτῆς-ἔγγραφον
585 1690 615 1727 C

324 1779 347 1815 3
371 1779 527 1826 ἔλεχθεὶς
554 1780 591 1815 D
703 1780 728 1816 4
751 1781 962 1827 κατεκλείθη
989 1780 1025 1816 D
1139 1781 1162 1818 5
1187 1781 1336 1827 εἶςήχθη
1364 1780 1431 1818 CD
1546 1783 1637 1827 post
1660 1779 1749 1825 πρὸς

325 1828 417 1863 add.
443 1827 482 1862 τὸ
508 1827 635 1874 13pr
733 1828 803 1864 5.6
828 1829 850 1874 ἦ
877 1833 972 1864 ante
997 1828 1075 1864 κατ’
1102 1839 1177 1865 om.
1196 1829 1293 1875 Ewp
1391 1829 1413 1864 6
1438 1828 1541 1874 εἰςήει
1568 1832 1663 1864 ante
1688 1833 1748 1864 τοῦ

324 1875 489 1922 DE(wp)
587 1877 607 1912 7
632 1876 820 1912 ἕπαθένετο
839 1877 919 1921 DE,
945 1877 1146 1912 ἕπαθείνετο
1167 1876 1255 1923 w*p
1353 1876 1385 1912 9.
1414 1877 1459 1911 10
1483 1877 1584 1923 ἔλαβε
1609 1881 1669 1911 τοῦ
1693 1877 1749 1911 ἀν-

324 1923 408 1968 δρὸς
433 1924 493 1959 καὶ
518 1923 627 1969 αὐτὴν
652 1923 800 1977 Apr‚
833 1925 935 1971 ἔλαβε
960 1925 1020 1960 καὶ
1045 1924 1154 1970 αὐτὴν
1181 1930 1240 1960 τοῦ
1265 1924 1395 1970 ἀνδρὸς
1421 1923 1494 1968 BC,
1535 1929 1595 1959 τοῦ
1621 1924 1749 1968 ἀνδρὸς

325 1972 432 2016 εἰσῄει
471 1972 532 2007 καὶ
569 1971 679 2017 αὐτὴν
712 1972 768 2007 Dz
805 1971 944 2007 Haasii
983 1973 1247 2008 annotatione
1285 1972 1338 2007 ad
1376 1982 1434 2007 vs.
1460 1972 1483 2007 6
1521 1972 1749 2018 pertinente

325 2019 403 2054 hue
430 2029 642 2065 perperam
669 2020 798 2055 relata
920 2020 965 2055 13
989 2020 1234 2055 καππαὸοκῶν
1259 2019 1330 2055 AR.
1356 2018 1515 2065 Seylitz.
1543 2030 1580 2065 p.
1606 2019 1687 2062 665,
1713 2020 1747 2063 5,

324 2068 572 2102 καππαόοκίαν
598 2067 734 2113 Dsswp
833 2067 878 2103 14
901 2068 1220 2112 μεταπεμψάμενος
1243 2067 1274 2102 Ε
1371 2071 1463 2113 post
1486 2068 1748 2112 προεχειρίσατο

326 2114 508 2150 distinxit
535 2115 647 2150 B-W
765 2114 810 2150 15
866 2119 926 2150 ost
952 2115 1019 2159 ἤδη
1047 2114 1139 2150 add.
1166 2114 1206 2150 δὲ
1232 2113 1261 2151 C
1396 2115 1439 2150 17
1465 2115 1553 2160 αὐτῇ
1579 2113 1746 2160 prDi,

325 2162 412 2208 αὑτὴ
438 2161 474 2197 Α
573 2163 618 2198 18
642 2162 811 2208 ἀφέληται
836 2125 913 2207 EC,
938 2163 1094 2208 ἀφέλητο
1119 2163 1216 2208 Ewp

253 2258 341 2301 Quo
367 2258 455 2294 eius
481 2258 647 2293 consilio
674 2258 875 2294 intellecto
906 2259 1050 2305 regina
1077 2268 1167 2293 cum
1200 2268 1291 2294 eum
1324 2259 1746 2305 comprehendendum
1762 2263 1807 2298 15

253 2309 446 2350 curasset,
483 2306 547 2341 ille
574 2307 613 2340 in
642 2306 813 2341 vinculis
845 2305 897 2341 ad
924 2305 1163 2351 Byzantium
1192 2306 1413 2352 perductus
1440 2308 1631 2343 facinoris
1657 2318 1748 2343 eon-

254 2354 429 2389 vincitur
455 2358 494 2389 et
520 2358 565 2389 ut
591 2353 801 2389 insidiator
834 2353 1127 2389 condemnatus
1159 2354 1264 2389 inter
1298 2355 1568 2400 praescriptos
1605 2355 1747 2391 limites

253 2404 476 2437 coercetur.
527 2401 684 2436 Deinde
717 2411 858 2436 rursus
890 2405 935 2437 ut
967 2401 1259 2437 condemnatus
1291 2401 1343 2436 ad
1378 2402 1554 2437 tribunal
1589 2404 1747 2449 regium
1763 2405 1807 2441 16

253 2449 482 2493 adducitur,
507 2454 552 2484 ut
578 2450 778 2485 sententia
797 2450 838 2484 in
857 2459 947 2484 eum
968 2450 1048 2484 lata
1067 2450 1338 2484 confirmetur.
1389 2449 1535 2485 Verum
1562 2451 1747 2486 omnibus
1764 2453 1807 2489 17

254 2497 479 2532 astantibus
505 2497 780 2532 misericordia
809 2497 882 2532 viri
902 2497 1064 2532 incessit
1090 2500 1129 2531 et
1146 2497 1267 2531 animi
1288 2496 1520 2541 doluerunt3
1546 2508 1622 2534 nec
1642 2499 1746 2534 enim

253 2544 400 2580 robore
427 2545 638 2580 dumtaxat
666 2549 753 2580 crat
779 2545 1095 2590 incomparabili,
1121 2543 1191 2579 sed
1218 2545 1347 2579 forma
1367 2545 1488 2580 etiam
1515 2546 1748 2591 praestanti.

253 2592 313 2628 Ac
339 2593 482 2638 regina
508 2602 591 2627 una
618 2603 707 2628 cum
735 2593 879 2628 ceteris
906 2593 1010 2627 illius
1036 2593 1226 2635 miserita,
1253 2602 1349 2627 num
1372 2603 1469 2627 vero
1496 2603 1633 2629 amore
1653 2603 1747 2639 quo·
1763 2595 1808 2632 18

255 2650 335 2685 quc
362 2643 491 2686 capta,
520 2640 654 2676 dicere
681 2651 760 2675 non
782 2650 956 2686 possum,
983 2644 1022 2675 vt
1041 2641 1241 2675 sententia
1260 2639 1513 2675 damnatoria
1532 2641 1571 2675 in
1591 2641 1748 2676 absolu-

254 2688 398 2723 toi-iam
426 2693 681 2732 commutata,
710 2689 874 2723 crimine
899 2688 1055 2723 solutus
1080 2688 1120 2722 in
1140 2686 1438 2733 Cappadociam
1460 2688 1630 2733 patriam
1653 2689 1748 2726 abit.
1763 2690 1808 2726 19

256 2735 413 2781 Regina
440 2746 537 2771 vero
565 2746 655 2771 eum
683 2739 917 2772 revocatum
945 2736 1182 2780 magistrum
1211 2739 1251 2771 et
1277 2735 1420 2770 ducem
1448 2736 1655 2781 copiarum
1684 2736 1748 2773 de-

255 2783 445 2828 signavit,
485 2787 696 2829 postquam
730 2784 807 2818 iam
835 2793 970 2818 secum
1005 2783 1211 2818 constituit
1237 2793 1328 2818 eum
1355 2786 1399 2818 ut
1426 2783 1557 2819 virum
1585 2785 1749 2820 fortissi-

256 2840 364 2866 mum
397 2841 535 2866 creare
567 2842 715 2877 regem.
766 2830 952 2866 Attamen
981 2830 1241 2865 iureiurando
1275 2834 1314 2866 et
1340 2831 1587 2877 syngrapha,
1626 2833 1809 2878 quam20

258 2888 282 2913 a
322 2878 562 2924 patriarcha,
602 2880 666 2914 cui
706 2878 801 2914 data
839 2883 926 2914 erat
958 2878 1219 2922 asservanda,
1258 2882 1538 2924 recuperatam
1574 2879 1747 2925 volebat,

257 2925 565 2972 impediebatur.
623 2925 701 2962 Init
738 2927 863 2972 igitur
901 2926 1126 2972 improbum
1166 2919 1205 2961 δι
1243 2926 1490 2972 profundum
1527 2927 1746 2975 consilium,
1760 2928 1806 2966 21
