<?xml version="1.0" encoding="UTF-8"?>
<!DOCTYPE html PUBLIC "-//W3C//DTD XHTML 1.0 Transitional//EN"
    "http://www.w3.org/TR/xhtml1/DTD/xhtml1-transitional.dtd">
<html xmlns="http://www.w3.org/1999/xhtml" xml:lang="en" lang="en">
 <head>
  <title>
</title>
<meta http-equiv="Content-Type" content="text/html;charset=utf-8" />
  <meta name='ocr-system' content='tesseract 3.04.00' />
  <meta name='ocr-capabilities' content='ocr_page ocr_carea ocr_par ocr_line ocrx_word'/>
</head>
<body>
  <div class='ocr_page' id='page_1' title='image "./corpusscriptorum31niebuoft/corpusscriptorum31niebuoft_0666.png"; bbox 0 0 2054 3282; ppageno 0'>
   <div class='ocr_carea' id='block_1_1' title="bbox 355 234 1501 283">
    <p class='ocr_par' dir='ltr' id='par_1_1' title="bbox 355 234 1501 283">
     <span class='ocr_line' id='line_1_1' title="bbox 355 234 1501 283; baseline 0.001 -9"><span class='ocrx_word' id='word_1_1' title='bbox 355 235 427 274; x_wconf 82' lang='lat'><em>640</em></span> <span class='ocrx_word' id='word_1_2' title='bbox 701 235 881 275; x_wconf 81' lang='lat' dir='ltr'>ZONAR.</span> <span class='ocrx_word' id='word_1_3' title='bbox 910 234 1039 273; x_wconf 88' lang='lat' dir='ltr'><strong>EPIT.</strong></span> <span class='ocrx_word' id='word_1_4' title='bbox 1067 235 1178 273; x_wconf 87' lang='lat' dir='ltr'>XVII</span> <span class='ocrx_word' id='word_1_5' title='bbox 1204 234 1260 282; x_wconf 78' lang='lat'><em>25,</em></span> <span class='ocrx_word' id='word_1_6' title='bbox 1288 235 1440 283; x_wconf 80' lang='grc'>37-26,</span> <span class='ocrx_word' id='word_1_7' title='bbox 1467 235 1501 275; x_wconf 83' lang='lat'><em>7.</em></span> 
     </span>
    </p>
   </div>
   <div class='ocr_carea' id='block_1_2' title="bbox 291 358 2054 1373">
    <p class='ocr_par' dir='ltr' id='par_1_2' title="bbox 295 358 1852 620">
     <span class='ocr_line' id='line_1_2' title="bbox 295 358 1850 416; baseline 0.002 -17"><span class='ocrx_word' id='word_1_8' title='bbox 295 363 341 399; x_wconf 90' lang='lat'><em>38</em></span> <span class='ocrx_word' id='word_1_9' title='bbox 355 360 468 414; x_wconf 92' lang='grc' dir='ltr'><em>ρίτην</em></span> <span class='ocrx_word' id='word_1_10' title='bbox 499 359 710 414; x_wconf 78' lang='grc' dir='ltr'><em>ἐκόμισαν.</em></span> <span class='ocrx_word' id='word_1_11' title='bbox 773 360 796 400; x_wconf 87' lang='grc' dir='ltr'><em>ὁ</em></span> <span class='ocrx_word' id='word_1_12' title='bbox 827 360 966 413; x_wconf 92' lang='grc' dir='ltr'><em>μέντοι</em></span> <span class='ocrx_word' id='word_1_13' title='bbox 997 358 1188 412; x_wconf 84' lang='grc' dir='ltr'><em>βασιλεὺς</em></span> <span class='ocrx_word' id='word_1_14' title='bbox 1218 359 1378 413; x_wconf 76' lang='grc' dir='ltr'><em>μαθὼν</em></span> <span class='ocrx_word' id='word_1_15' title='bbox 1408 363 1481 401; x_wconf 81' lang='grc' dir='ltr'><em>τοῦ</em></span> <span class='ocrx_word' id='word_1_16' title='bbox 1514 359 1744 414; x_wconf 87' lang='grc' dir='ltr'><em>Λιπαρίτου</em></span> <span class='ocrx_word' id='word_1_17' title='bbox 1775 360 1850 416; x_wconf 87' lang='grc' dir='ltr'><em>τὴν</em></span> 
     </span>
     <span class='ocr_line' id='line_1_3' title="bbox 334 426 1852 482; baseline 0.002 -14"><span class='ocrx_word' id='word_1_18' title='bbox 334 427 521 476; x_wconf 71' lang='grc' dir='ltr'><em>ἅλωσιν,</em></span> <span class='ocrx_word' id='word_1_19' title='bbox 565 429 716 482; x_wconf 83' lang='grc' dir='ltr'><em>πέμπει</em></span> <span class='ocrx_word' id='word_1_20' title='bbox 754 427 861 481; x_wconf 84' lang='grc' dir='ltr'><em>πρὸς</em></span> <span class='ocrx_word' id='word_1_21' title='bbox 898 426 969 467; x_wconf 86' lang='grc' dir='ltr'><em>τὸν</em></span> <span class='ocrx_word' id='word_1_22' title='bbox 1007 427 1246 481; x_wconf 77' lang='grc' dir='ltr'><em>σουλτάνον,</em></span> <span class='ocrx_word' id='word_1_23' title='bbox 1293 428 1529 482; x_wconf 72' lang='grc' dir='ltr'><strong><em>ἐλευθερίας</em></strong></span> <span class='ocrx_word' id='word_1_24' title='bbox 1570 429 1744 477; x_wconf 81' lang='grc' dir='ltr'><em>ἀξιῶσαι</em></span> <span class='ocrx_word' id='word_1_25' title='bbox 1780 429 1852 471; x_wconf 89' lang='grc' dir='ltr'><em>τὸν</em></span> 
     </span>
     <span class='ocr_line' id='line_1_4' title="bbox 353 495 1850 552; baseline 0.002 -16"><span class='ocrx_word' id='word_1_26' title='bbox 353 495 584 550; x_wconf 83' lang='grc' dir='ltr'><em>Λιπαρίτην</em></span> <span class='ocrx_word' id='word_1_27' title='bbox 625 497 761 550; x_wconf 81' lang='grc' dir='ltr'><em>ζητῶν</em></span> <span class='ocrx_word' id='word_1_28' title='bbox 798 495 870 536; x_wconf 81' lang='grc' dir='ltr'><em>καὶ</em></span> <span class='ocrx_word' id='word_1_29' title='bbox 908 495 1034 547; x_wconf 80' lang='grc' dir='ltr'><em>λύτρα</em></span> <span class='ocrx_word' id='word_1_30' title='bbox 1074 495 1222 537; x_wconf 87' lang='grc' dir='ltr'><em>τούτου</em></span> <span class='ocrx_word' id='word_1_31' title='bbox 1259 497 1433 550; x_wconf 80' lang='grc' dir='ltr'><em>πέμψας</em></span> <span class='ocrx_word' id='word_1_32' title='bbox 1463 496 1595 538; x_wconf 86' lang='grc' dir='ltr'><em>πολλὰ</em></span> <span class='ocrx_word' id='word_1_33' title='bbox 1628 497 1698 538; x_wconf 76' lang='grc' dir='ltr'><em>καὶ</em></span> <span class='ocrx_word' id='word_1_34' title='bbox 1731 498 1850 552; x_wconf 85' lang='grc' dir='ltr'><em>δῶρα</em></span> 
     </span>
     <span class='ocr_line' id='line_1_5' title="bbox 355 563 1851 620; baseline 0.001 -15"><span class='ocrx_word' id='word_1_35' title='bbox 355 564 399 605; x_wconf 86' lang='grc' dir='ltr'><em>δὲ</em></span> <span class='ocrx_word' id='word_1_36' title='bbox 442 569 503 617; x_wconf 74' lang='grc' dir='ltr'><em>τῷ</em></span> <span class='ocrx_word' id='word_1_37' title='bbox 547 563 723 604; x_wconf 84' lang='grc' dir='ltr'><em>σουλτὰν</em></span> <span class='ocrx_word' id='word_1_38' title='bbox 766 563 836 604; x_wconf 76' lang='grc' dir='ltr'><em>καὶ</em></span> <span class='ocrx_word' id='word_1_39' title='bbox 881 563 1066 609; x_wconf 85' lang='grc' dir='ltr'><em>σπονδὰς</em></span> <span class='ocrx_word' id='word_1_40' title='bbox 1108 565 1239 618; x_wconf 85' lang='grc' dir='ltr'><em>μέσον</em></span> <span class='ocrx_word' id='word_1_41' title='bbox 1274 564 1497 618; x_wconf 82' lang='grc' dir='ltr'><em>Ῥωμαίων</em></span> <span class='ocrx_word' id='word_1_42' title='bbox 1536 565 1606 606; x_wconf 82' lang='grc' dir='ltr'><em>καὶ</em></span> <span class='ocrx_word' id='word_1_43' title='bbox 1647 565 1851 620; x_wconf 81' lang='grc' dir='ltr'><em>Τούρκων</em></span> 
     </span>
    </p>

    <p class='ocr_par' dir='ltr' id='par_1_3' title="bbox 293 631 1886 756">
     <span class='ocr_line' id='line_1_6' title="bbox 293 631 1886 689; baseline 0.003 -16"><span class='ocrx_word' id='word_1_44' title='bbox 293 638 339 674; x_wconf 90' lang='grc'><em>39</em></span> <span class='ocrx_word' id='word_1_45' title='bbox 354 634 490 686; x_wconf 82' lang='grc' dir='ltr'><em>ζητῶν</em></span> <span class='ocrx_word' id='word_1_46' title='bbox 513 632 715 685; x_wconf 79' lang='grc' dir='ltr'><em>γενέσθαι.</em></span> <span class='ocrx_word' id='word_1_47' title='bbox 769 632 793 673; x_wconf 82' lang='grc' dir='ltr'>ὁ</span> <span class='ocrx_word' id='word_1_48' title='bbox 816 632 861 673; x_wconf 83' lang='grc' dir='ltr'><em>δὲ</em></span> <span class='ocrx_word' id='word_1_49' title='bbox 883 631 1059 673; x_wconf 83' lang='grc' dir='ltr'><em>σουλτὰν</em></span> <span class='ocrx_word' id='word_1_50' title='bbox 1080 631 1151 674; x_wconf 87' lang='grc' dir='ltr'><em>τὸν</em></span> <span class='ocrx_word' id='word_1_51' title='bbox 1172 633 1250 686; x_wconf 84' lang='grc' dir='ltr'><em>μὲν</em></span> <span class='ocrx_word' id='word_1_52' title='bbox 1272 633 1502 688; x_wconf 84' lang='grc' dir='ltr'><em>Λιπαρίτην</em></span> <span class='ocrx_word' id='word_1_53' title='bbox 1525 634 1667 688; x_wconf 85' lang='grc' dir='ltr'><em>δῶρον</em></span> <span class='ocrx_word' id='word_1_54' title='bbox 1689 634 1848 689; x_wconf 79' lang='grc' dir='ltr'><strong><em>στέλλει,</em></strong></span> <span class='ocrx_word' id='word_1_55' title='bbox 1864 636 1886 670; x_wconf 75' lang='lat'>5</span> 
     </span>
     <span class='ocr_line' id='line_1_7' title="bbox 351 699 1851 756; baseline 0.003 -16"><span class='ocrx_word' id='word_1_56' title='bbox 351 700 400 741; x_wconf 80' lang='grc' dir='ltr'><em>τὰ</em></span> <span class='ocrx_word' id='word_1_57' title='bbox 434 701 480 742; x_wconf 87' lang='grc' dir='ltr'><em>δέ</em></span> <span class='ocrx_word' id='word_1_58' title='bbox 512 717 556 754; x_wconf 91' lang='grc' dir='ltr'><em>γε</em></span> <span class='ocrx_word' id='word_1_59' title='bbox 587 701 713 754; x_wconf 83' lang='grc' dir='ltr'><em>λύτρα</em></span> <span class='ocrx_word' id='word_1_60' title='bbox 745 700 879 741; x_wconf 82' lang='grc' dir='ltr'><em>πάντα</em></span> <span class='ocrx_word' id='word_1_61' title='bbox 911 705 972 754; x_wconf 73' lang='grc' dir='ltr'><em>τῷ</em></span> <span class='ocrx_word' id='word_1_62' title='bbox 1003 699 1107 754; x_wconf 78' lang='grc' dir='ltr'><em>ὑπὲρ</em></span> <span class='ocrx_word' id='word_1_63' title='bbox 1141 699 1192 742; x_wconf 79' lang='grc' dir='ltr'><em>οὗ</em></span> <span class='ocrx_word' id='word_1_64' title='bbox 1225 701 1536 756; x_wconf 78' lang='grc' dir='ltr'><em>ἒπεπόμφεισαν</em></span> <span class='ocrx_word' id='word_1_65' title='bbox 1577 702 1740 744; x_wconf 85' lang='grc' dir='ltr'><em>δέδωκε</em></span> <span class='ocrx_word' id='word_1_66' title='bbox 1780 703 1851 744; x_wconf 82' lang='grc' dir='ltr'><em>καὶ</em></span> 
     </span>
    </p>

    <p class='ocr_par' dir='ltr' id='par_1_4' title="bbox 292 768 1851 826">
     <span class='ocr_line' id='line_1_8' title="bbox 292 768 1851 826; baseline 0.002 -17"><span class='ocrx_word' id='word_1_67' title='bbox 292 775 340 809; x_wconf 88' lang='lat'><em>40</em></span> <span class='ocrx_word' id='word_1_68' title='bbox 351 770 497 823; x_wconf 84' lang='grc' dir='ltr'><em>μηκέτι</em></span> <span class='ocrx_word' id='word_1_69' title='bbox 520 769 627 810; x_wconf 83' lang='grc' dir='ltr'><em>ὅπλα</em></span> <span class='ocrx_word' id='word_1_70' title='bbox 650 768 755 810; x_wconf 79' lang='grc' dir='ltr'><em>κατὰ</em></span> <span class='ocrx_word' id='word_1_71' title='bbox 782 769 987 823; x_wconf 79' lang='grc' dir='ltr'><em>Τούρκων</em></span> <span class='ocrx_word' id='word_1_72' title='bbox 1018 769 1203 823; x_wconf 73' lang='grc' dir='ltr'><em>ἄρασθαι</em></span> <span class='ocrx_word' id='word_1_73' title='bbox 1234 771 1541 825; x_wconf 81' lang='grc' dir='ltr'><em>παρηγγύησεν.</em></span> <span class='ocrx_word' id='word_1_74' title='bbox 1604 771 1851 826; x_wconf 75' lang='grc' dir='ltr'><em>ε’κπέπομφε</em></span> 
     </span>
    </p>

    <p class='ocr_par' dir='ltr' id='par_1_5' title="bbox 310 837 1849 894">
     <span class='ocr_line' id='line_1_9' title="bbox 310 837 1849 894; baseline 0.001 -16"><span class='ocrx_word' id='word_1_75' title='bbox 310 838 399 879; x_wconf 81' lang='grc' dir='ltr'><em>Οδὲ</em></span> <span class='ocrx_word' id='word_1_76' title='bbox 421 838 613 883; x_wconf 84' lang='grc' dir='ltr'><em>κάκεῖνος</em></span> <span class='ocrx_word' id='word_1_77' title='bbox 634 838 820 891; x_wconf 81' lang='grc' dir='ltr'><em>πρέσβυν</em></span> <span class='ocrx_word' id='word_1_78' title='bbox 842 837 950 891; x_wconf 84' lang='grc' dir='ltr'><em>πρὸς</em></span> <span class='ocrx_word' id='word_1_79' title='bbox 981 837 1163 892; x_wconf 76' lang='grc' dir='ltr'><em>βασιλέα,</em></span> <span class='ocrx_word' id='word_1_80' title='bbox 1196 839 1244 879; x_wconf 84' lang='grc' dir='ltr'><em>ὃν</em></span> <span class='ocrx_word' id='word_1_81' title='bbox 1276 839 1455 880; x_wconf 78' lang='grc' dir='ltr'><em>ἐκάλουν</em></span> <span class='ocrx_word' id='word_1_82' title='bbox 1486 839 1634 880; x_wconf 75' lang='grc' dir='ltr'><em>ἐκεῖνοι</em></span> <span class='ocrx_word' id='word_1_83' title='bbox 1665 840 1849 894; x_wconf 81' lang='grc' dir='ltr'><em>σερίφην.</em></span> 
     </span>
    </p>

    <p class='ocr_par' dir='ltr' id='par_1_6' title="bbox 292 904 2054 1099">
     <span class='ocr_line' id='line_1_10' title="bbox 292 904 1848 961; baseline 0.001 -14"><span class='ocrx_word' id='word_1_84' title='bbox 292 912 333 947; x_wconf 88' lang='grc'><em>41</em></span> <span class='ocrx_word' id='word_1_85' title='bbox 354 904 476 952; x_wconf 82' lang='grc' dir='ltr'><em>οὗτος</em></span> <span class='ocrx_word' id='word_1_86' title='bbox 516 904 552 947; x_wconf 78' lang='grc' dir='ltr'><em>δ’</em></span> <span class='ocrx_word' id='word_1_87' title='bbox 588 907 668 947; x_wconf 75' lang='grc' dir='ltr'><em>ἐστὶ</em></span> <span class='ocrx_word' id='word_1_88' title='bbox 707 910 806 960; x_wconf 83' lang='grc' dir='ltr'><em>παρ’</em></span> <span class='ocrx_word' id='word_1_89' title='bbox 842 907 982 952; x_wconf 73' lang='grc' dir='ltr'><em>αὐτοῖς</em></span> <span class='ocrx_word' id='word_1_90' title='bbox 1020 906 1123 960; x_wconf 86' lang='grc' dir='ltr'><em>ὅπερ</em></span> <span class='ocrx_word' id='word_1_91' title='bbox 1163 906 1290 947; x_wconf 86' lang='grc' dir='ltr'><em>πάλαι</em></span> <span class='ocrx_word' id='word_1_92' title='bbox 1327 905 1379 960; x_wconf 79' lang='grc' dir='ltr'><em>ἦν</em></span> <span class='ocrx_word' id='word_1_93' title='bbox 1415 904 1514 960; x_wconf 85' lang='grc' dir='ltr'><em>παρ’</em></span> <span class='ocrx_word' id='word_1_94' title='bbox 1548 908 1647 961; x_wconf 80' lang='grc' dir='ltr'><em>ἡμῖν</em></span> <span class='ocrx_word' id='word_1_95' title='bbox 1678 907 1702 947; x_wconf 83' lang='grc' dir='ltr'>ὁ</span> <span class='ocrx_word' id='word_1_96' title='bbox 1733 907 1848 961; x_wconf 82' lang='grc' dir='ltr'><em>λεγό-</em></span> 
     </span>
     <span class='ocr_line' id='line_1_11' title="bbox 351 974 1910 1030; baseline -0.001 -15"><span class='ocrx_word' id='word_1_97' title='bbox 351 990 478 1028; x_wconf 86' lang='grc' dir='ltr'><em>μενος</em></span> <span class='ocrx_word' id='word_1_98' title='bbox 510 975 749 1028; x_wconf 82' lang='grc' dir='ltr'><em>σύγκελλος·</em></span> <span class='ocrx_word' id='word_1_99' title='bbox 783 975 844 1021; x_wconf 85' lang='grc' dir='ltr'><em>ὡς</em></span> <span class='ocrx_word' id='word_1_100' title='bbox 877 974 955 1029; x_wconf 84' lang='grc' dir='ltr'><em>γὰρ</em></span> <span class='ocrx_word' id='word_1_101' title='bbox 979 975 1002 1016; x_wconf 86' lang='grc' dir='ltr'><em>ὁ</em></span> <span class='ocrx_word' id='word_1_102' title='bbox 1025 975 1248 1028; x_wconf 80' lang='grc' dir='ltr'><em>σύγκελλος</em></span> <span class='ocrx_word' id='word_1_103' title='bbox 1268 979 1341 1016; x_wconf 86' lang='grc' dir='ltr'><em>τοῦ</em></span> <span class='ocrx_word' id='word_1_104' title='bbox 1362 975 1621 1030; x_wconf 82' lang='grc' dir='ltr'><em>πατριάρχου</em></span> <span class='ocrx_word' id='word_1_105' title='bbox 1643 975 1850 1022; x_wconf 73' lang='grc' dir='ltr'><em>’θανόντος</em></span> <span class='ocrx_word' id='word_1_106' title='bbox 1867 979 1910 1014; x_wconf 91' lang='grc'><em>10</em></span> 
     </span>
     <span class='ocr_line' id='line_1_12' title="bbox 352 1042 2054 1099; baseline 0.002 -16"><span class='ocrx_word' id='word_1_107' title='bbox 352 1044 409 1088; x_wconf 85' lang='grc' dir='ltr'><em>εἷς</em></span> <span class='ocrx_word' id='word_1_108' title='bbox 439 1042 510 1084; x_wconf 88' lang='grc' dir='ltr'><em>τὸν</em></span> <span class='ocrx_word' id='word_1_109' title='bbox 542 1044 701 1085; x_wconf 78' lang='grc' dir='ltr'><em>ἐκείνου</em></span> <span class='ocrx_word' id='word_1_110' title='bbox 733 1043 862 1084; x_wconf 84' lang='grc' dir='ltr'><em>τόπον</em></span> <span class='ocrx_word' id='word_1_111' title='bbox 894 1044 1220 1091; x_wconf 72' lang='grc' dir='ltr'><em>ἀντικαθίστατο,</em></span> <span class='ocrx_word' id='word_1_112' title='bbox 1266 1044 1377 1085; x_wconf 82' lang='grc' dir='ltr'><em>οὕτω</em></span> <span class='ocrx_word' id='word_1_113' title='bbox 1414 1043 1484 1085; x_wconf 81' lang='grc' dir='ltr'><em>καὶ</em></span> <span class='ocrx_word' id='word_1_114' title='bbox 1516 1044 1539 1084; x_wconf 86' lang='grc' dir='ltr'>ὁ</span> <span class='ocrx_word' id='word_1_115' title='bbox 1571 1045 1744 1099; x_wconf 81' lang='grc' dir='ltr'><em>σερίφης</em></span> <span class='ocrx_word' id='word_1_116' title='bbox 1774 1049 1897 1086; x_wconf 82' lang='grc' dir='ltr'><em>τοῦΙ)</em></span> <span class='ocrx_word' id='word_1_117' title='bbox 1918 1050 1971 1087; x_wconf 89' lang='lat' dir='ltr'><em>IV</em></span> <span class='ocrx_word' id='word_1_118' title='bbox 1991 1051 2054 1086; x_wconf 82' lang='lat'><em>174</em></span> 
     </span>
    </p>

    <p class='ocr_par' dir='ltr' id='par_1_7' title="bbox 291 1111 1847 1304">
     <span class='ocr_line' id='line_1_13' title="bbox 291 1111 1847 1168; baseline 0.002 -15"><span class='ocrx_word' id='word_1_119' title='bbox 291 1118 339 1153; x_wconf 89' lang='lat'><em>42</em></span> <span class='ocrx_word' id='word_1_120' title='bbox 352 1111 510 1166; x_wconf 80' lang='grc' dir='ltr'><em>χαλιφᾶ</em></span> <span class='ocrx_word' id='word_1_121' title='bbox 531 1113 770 1166; x_wconf 72' lang='grc' dir='ltr'><em>φθαρέντος</em></span> <span class='ocrx_word' id='word_1_122' title='bbox 792 1112 949 1157; x_wconf 76' lang='grc' dir='ltr'><em>ἐκεῖνος</em></span> <span class='ocrx_word' id='word_1_123' title='bbox 969 1112 1040 1154; x_wconf 86' lang='grc' dir='ltr'><em>τὸν</em></span> <span class='ocrx_word' id='word_1_124' title='bbox 1062 1113 1352 1167; x_wconf 83' lang='grc' dir='ltr'><em>τελευτήσαντα</em></span> <span class='ocrx_word' id='word_1_125' title='bbox 1377 1113 1590 1168; x_wconf 86' lang='grc' dir='ltr'><em>διεδέχετο.</em></span> <span class='ocrx_word' id='word_1_126' title='bbox 1646 1114 1847 1156; x_wconf 72' lang='grc' dir='ltr'><em>εἰσελθὼν</em></span> 
     </span>
     <span class='ocr_line' id='line_1_14' title="bbox 354 1178 1845 1236; baseline 0.003 -16"><span class='ocrx_word' id='word_1_127' title='bbox 354 1178 429 1220; x_wconf 82' lang='grc' dir='ltr'><em>οὖν</em></span> <span class='ocrx_word' id='word_1_128' title='bbox 473 1181 530 1227; x_wconf 82' lang='grc' dir='ltr'><em>εἷς</em></span> <span class='ocrx_word' id='word_1_129' title='bbox 567 1180 641 1234; x_wconf 83' lang='grc' dir='ltr'><em>τὴν</em></span> <span class='ocrx_word' id='word_1_130' title='bbox 677 1180 956 1235; x_wconf 84' lang='grc' dir='ltr'><em>μεγαλόπολιν</em></span> <span class='ocrx_word' id='word_1_131' title='bbox 988 1182 1012 1222; x_wconf 88' lang='grc' dir='ltr'>ὁ</span> <span class='ocrx_word' id='word_1_132' title='bbox 1043 1182 1216 1236; x_wconf 80' lang='grc' dir='ltr'><em>σερίφης</em></span> <span class='ocrx_word' id='word_1_133' title='bbox 1253 1181 1323 1222; x_wconf 82' lang='grc' dir='ltr'><em>καὶ</em></span> <span class='ocrx_word' id='word_1_134' title='bbox 1361 1183 1416 1228; x_wconf 86' lang='grc' dir='ltr'><em>εἷς</em></span> <span class='ocrx_word' id='word_1_135' title='bbox 1456 1182 1618 1236; x_wconf 81' lang='grc' dir='ltr'><em>ὁμιλίαν</em></span> <span class='ocrx_word' id='word_1_136' title='bbox 1650 1188 1711 1236; x_wconf 74' lang='grc' dir='ltr'><em>τῷ</em></span> <span class='ocrx_word' id='word_1_137' title='bbox 1741 1198 1845 1236; x_wconf 79' lang='grc' dir='ltr'><em>κρα-</em></span> 
     </span>
     <span class='ocr_line' id='line_1_15' title="bbox 352 1248 1846 1304; baseline 0.003 -16"><span class='ocrx_word' id='word_1_138' title='bbox 352 1252 486 1289; x_wconf 85' lang='grc' dir='ltr'><em>τοῦντι</em></span> <span class='ocrx_word' id='word_1_139' title='bbox 508 1248 650 1289; x_wconf 74' lang='grc' dir='ltr'><em>ἐλθὼν</em></span> <span class='ocrx_word' id='word_1_140' title='bbox 670 1249 741 1290; x_wconf 81' lang='grc' dir='ltr'><em>καὶ</em></span> <span class='ocrx_word' id='word_1_141' title='bbox 763 1250 965 1304; x_wconf 82' lang='grc' dir='ltr'><em>ὁμιλήσας</em></span> <span class='ocrx_word' id='word_1_142' title='bbox 986 1251 1272 1304; x_wconf 72' lang='grc' dir='ltr'><em>ὑπερηφάνως</em></span> <span class='ocrx_word' id='word_1_143' title='bbox 1303 1250 1467 1304; x_wconf 76' lang='grc' dir='ltr'><em>φόρους</em></span> <span class='ocrx_word' id='word_1_144' title='bbox 1498 1267 1538 1292; x_wconf 87' lang='grc' dir='ltr'><em>τε</em></span> <span class='ocrx_word' id='word_1_145' title='bbox 1569 1251 1693 1292; x_wconf 87' lang='grc' dir='ltr'><em>τελεῖν</em></span> <span class='ocrx_word' id='word_1_146' title='bbox 1724 1251 1846 1293; x_wconf 82' lang='grc' dir='ltr'><em>ἀπαι-</em></span> 
     </span>
    </p>

    <p class='ocr_par' dir='ltr' id='par_1_8' title="bbox 292 1317 1906 1373">
     <span class='ocr_line' id='line_1_16' title="bbox 292 1317 1906 1373; baseline 0.001 -14"><span class='ocrx_word' id='word_1_147' title='bbox 292 1324 339 1359; x_wconf 88' lang='grc'><em>43</em></span> <span class='ocrx_word' id='word_1_148' title='bbox 353 1319 437 1358; x_wconf 85' lang='grc' dir='ltr'><em>τῶν</em></span> <span class='ocrx_word' id='word_1_149' title='bbox 458 1322 519 1371; x_wconf 76' lang='grc' dir='ltr'><em>τῷ</em></span> <span class='ocrx_word' id='word_1_150' title='bbox 541 1317 727 1365; x_wconf 80' lang='grc' dir='ltr'><em>σουλτάν,</em></span> <span class='ocrx_word' id='word_1_151' title='bbox 751 1318 1023 1372; x_wconf 71' lang='grc' dir='ltr'><em>ἀπεπέμφθη.</em></span> <span class='ocrx_word' id='word_1_152' title='bbox 1080 1319 1272 1359; x_wconf 78' lang='grc' dir='ltr'><em>ἐντεῦθεν</em></span> <span class='ocrx_word' id='word_1_153' title='bbox 1293 1319 1605 1373; x_wconf 76' lang='grc' dir='ltr'><em>βαρυθυμήσας</em></span> <span class='ocrx_word' id='word_1_154' title='bbox 1626 1319 1651 1360; x_wconf 83' lang='grc' dir='ltr'>ὁ</span> <span class='ocrx_word' id='word_1_155' title='bbox 1672 1319 1847 1362; x_wconf 85' lang='grc' dir='ltr'><em>σουλτάν</em></span> <span class='ocrx_word' id='word_1_156' title='bbox 1863 1321 1906 1356; x_wconf 81' lang='lat'><em>15</em></span> 
     </span>
    </p>
   </div>
   <div class='ocr_carea' id='block_1_3' title="bbox 355 1411 1631 1457">
    <p class='ocr_par' dir='ltr' id='par_1_9' title="bbox 355 1411 1631 1457">
     <span class='ocr_line' id='line_1_17' title="bbox 355 1411 1631 1457; baseline 0.002 -11"><span class='ocrx_word' id='word_1_157' title='bbox 355 1411 399 1446; x_wconf 94' lang='grc'><em>15</em></span> <span class='ocrx_word' id='word_1_158' title='bbox 425 1412 474 1446; x_wconf 81' lang='grc' dir='ltr'><em>ὅτι</em></span> <span class='ocrx_word' id='word_1_159' title='bbox 501 1411 603 1450; x_wconf 82' lang='grc' dir='ltr'><em>αὐτὸς</em></span> <span class='ocrx_word' id='word_1_160' title='bbox 630 1416 720 1456; x_wconf 77' lang='lat' dir='ltr'><em>(om.</em></span> <span class='ocrx_word' id='word_1_161' title='bbox 747 1411 794 1453; x_wconf 84' lang='lat' dir='ltr'><em>E)</em></span> <span class='ocrx_word' id='word_1_162' title='bbox 820 1412 840 1446; x_wconf 83' lang='grc' dir='ltr'>ὁ</span> <span class='ocrx_word' id='word_1_163' title='bbox 865 1411 1010 1447; x_wconf 87' lang='grc' dir='ltr'><em>σουλτὰν</em></span> <span class='ocrx_word' id='word_1_164' title='bbox 1036 1411 1124 1448; x_wconf 83' lang='grc' dir='ltr'><em>κατὰ</em></span> <span class='ocrx_word' id='word_1_165' title='bbox 1145 1413 1333 1457; x_wconf 86' lang='grc' dir='ltr'><em>Ῥωμαίων</em></span> <span class='ocrx_word' id='word_1_166' title='bbox 1358 1412 1541 1457; x_wconf 79' lang='grc' dir='ltr'><em>ἐχώρησεν</em></span> <span class='ocrx_word' id='word_1_167' title='bbox 1569 1412 1631 1450; x_wconf 83' lang='lat' dir='ltr'><em>CE</em></span> 
     </span>
    </p>
   </div>
   <div class='ocr_carea' id='block_1_4' title="bbox 423 1495 1847 2019">
    <p class='ocr_par' dir='ltr' id='par_1_10' title="bbox 423 1495 1847 1971">
     <span class='ocr_line' id='line_1_18' title="bbox 428 1495 1847 1542; baseline 0.002 -13"><span class='ocrx_word' id='word_1_168' title='bbox 428 1495 442 1529; x_wconf 89' lang='lat'>1</span> <span class='ocrx_word' id='word_1_169' title='bbox 473 1495 622 1540; x_wconf 81' lang='grc' dir='ltr'><em>ἐκόμισα</em></span> <span class='ocrx_word' id='word_1_170' title='bbox 648 1495 684 1529; x_wconf 94' lang='lat' dir='ltr'>D</span> <span class='ocrx_word' id='word_1_171' title='bbox 781 1495 912 1540; x_wconf 74' lang='grc' dir='ltr'><em>μαθὼν</em></span> <span class='ocrx_word' id='word_1_172' title='bbox 939 1499 1028 1541; x_wconf 77' lang='lat' dir='ltr'><strong>post</strong></span> <span class='ocrx_word' id='word_1_173' title='bbox 1052 1496 1168 1540; x_wconf 86' lang='grc' dir='ltr'><em>λιπαρ.</em></span> <span class='ocrx_word' id='word_1_174' title='bbox 1197 1496 1331 1542; x_wconf 88' lang='lat' dir='ltr'><strong>DEwp</strong></span> <span class='ocrx_word' id='word_1_175' title='bbox 1429 1496 1451 1530; x_wconf 82' lang='lat'><strong>2</strong></span> <span class='ocrx_word' id='word_1_176' title='bbox 1477 1497 1664 1531; x_wconf 86' lang='grc' dir='ltr'><em>σουλτάνον</em></span> <span class='ocrx_word' id='word_1_177' title='bbox 1677 1496 1723 1542; x_wconf 92' lang='lat' dir='ltr'><em>A,</em></span> <span class='ocrx_word' id='word_1_178' title='bbox 1750 1498 1847 1532; x_wconf 87' lang='grc' dir='ltr'><em>σουλ-</em></span> 
     </span>
     <span class='ocr_line' id='line_1_19' title="bbox 423 1541 1846 1591; baseline 0.002 -14"><span class='ocrx_word' id='word_1_179' title='bbox 423 1543 484 1578; x_wconf 87' lang='grc' dir='ltr'><em>τάν</em></span> <span class='ocrx_word' id='word_1_180' title='bbox 497 1541 655 1588; x_wconf 76' lang='lat' dir='ltr'><em>prDi</em></span> <span class='ocrx_word' id='word_1_181' title='bbox 739 1542 771 1577; x_wconf 78' lang='grc'><em>2.</em></span> <span class='ocrx_word' id='word_1_182' title='bbox 786 1544 808 1578; x_wconf 89' lang='lat'><strong>3</strong></span> <span class='ocrx_word' id='word_1_183' title='bbox 826 1543 884 1578; x_wconf 89' lang='grc' dir='ltr'><em>τὸν</em></span> <span class='ocrx_word' id='word_1_184' title='bbox 898 1543 1010 1587; x_wconf 79' lang='grc' dir='ltr'><em>ἄνδρα</em></span> <span class='ocrx_word' id='word_1_185' title='bbox 1023 1544 1087 1580; x_wconf 85' lang='lat' dir='ltr'><em>BC</em></span> <span class='ocrx_word' id='word_1_186' title='bbox 1169 1544 1191 1579; x_wconf 90' lang='lat'>3</span> <span class='ocrx_word' id='word_1_187' title='bbox 1203 1544 1342 1589; x_wconf 84' lang='grc' dir='ltr'><em>πέμψαι</em></span> <span class='ocrx_word' id='word_1_188' title='bbox 1357 1544 1388 1578; x_wconf 87' lang='grc' dir='ltr'>Β</span> <span class='ocrx_word' id='word_1_189' title='bbox 1484 1544 1507 1578; x_wconf 82' lang='lat'>4</span> <span class='ocrx_word' id='word_1_190' title='bbox 1521 1544 1665 1579; x_wconf 88' lang='grc' dir='ltr'><em>σουλτὰν</em></span> <span class='ocrx_word' id='word_1_191' title='bbox 1679 1544 1846 1591; x_wconf 77' lang='lat' dir='ltr'><em>prDi,</em></span> 
     </span>
     <span class='ocr_line' id='line_1_20' title="bbox 425 1590 1845 1637; baseline 0.003 -13"><span class='ocrx_word' id='word_1_192' title='bbox 425 1591 570 1625; x_wconf 81' lang='grc' dir='ltr'><em>σουλτᾶν</em></span> <span class='ocrx_word' id='word_1_193' title='bbox 596 1590 642 1634; x_wconf 92' lang='lat' dir='ltr'><em>A,</em></span> <span class='ocrx_word' id='word_1_194' title='bbox 669 1601 706 1625; x_wconf 91' lang='lat' dir='ltr'><em>v.</em></span> <span class='ocrx_word' id='word_1_195' title='bbox 735 1591 787 1625; x_wconf 87' lang='lat' dir='ltr'><em>ad</em></span> <span class='ocrx_word' id='word_1_196' title='bbox 813 1590 925 1626; x_wconf 90' lang='lat' dir='ltr'>XVII</span> <span class='ocrx_word' id='word_1_197' title='bbox 942 1590 998 1635; x_wconf 80' lang='grc'><em>25,</em></span> <span class='ocrx_word' id='word_1_198' title='bbox 1014 1591 1056 1626; x_wconf 91' lang='grc'><em>21</em></span> <span class='ocrx_word' id='word_1_199' title='bbox 1156 1595 1246 1637; x_wconf 83' lang='lat' dir='ltr'><strong>post-</strong></span> <span class='ocrx_word' id='word_1_200' title='bbox 1271 1591 1423 1630; x_wconf 82' lang='grc' dir='ltr'><em>σπονδὰς</em></span> <span class='ocrx_word' id='word_1_201' title='bbox 1450 1592 1540 1626; x_wconf 84' lang='lat' dir='ltr'><strong>add.</strong></span> <span class='ocrx_word' id='word_1_202' title='bbox 1567 1593 1674 1627; x_wconf 80' lang='grc' dir='ltr'><em>αἰτῶν</em></span> <span class='ocrx_word' id='word_1_203' title='bbox 1701 1594 1845 1628; x_wconf 88' lang='lat' dir='ltr'><strong>omisso</strong></span> 
     </span>
     <span class='ocr_line' id='line_1_21' title="bbox 423 1637 1847 1686; baseline 0.002 -14"><span class='ocrx_word' id='word_1_204' title='bbox 423 1642 507 1673; x_wconf 86' lang='lat' dir='ltr'><em>tum</em></span> <span class='ocrx_word' id='word_1_205' title='bbox 535 1640 650 1683; x_wconf 84' lang='grc' dir='ltr'><em>ζητῶν</em></span> <span class='ocrx_word' id='word_1_206' title='bbox 669 1637 734 1674; x_wconf 89' lang='lat' dir='ltr'><em>BC</em></span> <span class='ocrx_word' id='word_1_207' title='bbox 831 1638 852 1673; x_wconf 84' lang='grc'><strong>5</strong></span> <span class='ocrx_word' id='word_1_208' title='bbox 879 1640 995 1683; x_wconf 84' lang='grc' dir='ltr'><em>ζητῶν</em></span> <span class='ocrx_word' id='word_1_209' title='bbox 1020 1639 1179 1684; x_wconf 73' lang='grc' dir='ltr'><em>γενέσθαι</em></span> <span class='ocrx_word' id='word_1_210' title='bbox 1198 1638 1243 1683; x_wconf 85' lang='grc' dir='ltr'><em>Α,</em></span> <span class='ocrx_word' id='word_1_211' title='bbox 1272 1640 1430 1684; x_wconf 79' lang='grc' dir='ltr'><em>γενέσθαι</em></span> <span class='ocrx_word' id='word_1_212' title='bbox 1452 1640 1559 1675; x_wconf 81' lang='grc' dir='ltr'><em>αἰτῶν</em></span> <span class='ocrx_word' id='word_1_213' title='bbox 1577 1639 1724 1686; x_wconf 85' lang='lat' dir='ltr'><strong>DEwp,</strong></span> <span class='ocrx_word' id='word_1_214' title='bbox 1750 1641 1847 1686; x_wconf 88' lang='grc' dir='ltr'><em>γενή-</em></span> 
     </span>
     <span class='ocr_line' id='line_1_22' title="bbox 423 1686 1846 1731; baseline 0.002 -11"><span class='ocrx_word' id='word_1_215' title='bbox 423 1687 547 1720; x_wconf 77' lang='grc' dir='ltr'><em>σεσθαι</em></span> <span class='ocrx_word' id='word_1_216' title='bbox 564 1686 710 1721; x_wconf 83' lang='lat' dir='ltr'><strong>omisso</strong></span> <span class='ocrx_word' id='word_1_217' title='bbox 723 1687 839 1730; x_wconf 85' lang='grc' dir='ltr'><em>ζητῶν</em></span> <span class='ocrx_word' id='word_1_218' title='bbox 857 1687 911 1728; x_wconf 87' lang='lat' dir='ltr'><em>(v.</em></span> <span class='ocrx_word' id='word_1_219' title='bbox 926 1686 978 1721; x_wconf 84' lang='lat' dir='ltr'><em>ad</em></span> <span class='ocrx_word' id='word_1_220' title='bbox 992 1697 1050 1722; x_wconf 83' lang='lat' dir='ltr'><em>VS.</em></span> <span class='ocrx_word' id='word_1_221' title='bbox 1064 1687 1100 1729; x_wconf 90' lang='lat'><em>4)</em></span> <span class='ocrx_word' id='word_1_222' title='bbox 1119 1686 1153 1721; x_wconf 87' lang='lat' dir='ltr'>R</span> <span class='ocrx_word' id='word_1_223' title='bbox 1250 1687 1369 1731; x_wconf 83' lang='grc' dir='ltr'><em>δῶρον</em></span> <span class='ocrx_word' id='word_1_224' title='bbox 1382 1688 1509 1722; x_wconf 83' lang='grc' dir='ltr'><em>στέλλει</em></span> <span class='ocrx_word' id='word_1_225' title='bbox 1526 1687 1635 1722; x_wconf 86' lang='lat' dir='ltr'><em>ARW</em></span> <span class='ocrx_word' id='word_1_226' title='bbox 1663 1690 1715 1730; x_wconf 83' lang='lat' dir='ltr'><em>(v.</em></span> <span class='ocrx_word' id='word_1_227' title='bbox 1731 1687 1846 1724; x_wconf 78' lang='lat' dir='ltr'><strong>Cedr.</strong></span> 
     </span>
     <span class='ocr_line' id='line_1_23' title="bbox 423 1733 1846 1780; baseline 0.001 -12"><span class='ocrx_word' id='word_1_228' title='bbox 423 1733 446 1768; x_wconf 89' lang='lat' dir='ltr'><em>l.</em></span> <span class='ocrx_word' id='word_1_229' title='bbox 467 1744 498 1768; x_wconf 86' lang='lat' dir='ltr'><em>c.</em></span> <span class='ocrx_word' id='word_1_230' title='bbox 518 1744 554 1779; x_wconf 93' lang='lat' dir='ltr'><em>p.</em></span> <span class='ocrx_word' id='word_1_231' title='bbox 570 1733 650 1778; x_wconf 84' lang='lat'><strong>581,</strong></span> <span class='ocrx_word' id='word_1_232' title='bbox 669 1733 717 1778; x_wconf 74' lang='lat'><em>2),</em></span> <span class='ocrx_word' id='word_1_233' title='bbox 745 1734 971 1777; x_wconf 81' lang='grc' dir='ltr'><em>δωροστέλλει</em></span> <span class='ocrx_word' id='word_1_234' title='bbox 993 1734 1039 1778; x_wconf 89' lang='lat' dir='ltr'><em>D,</em></span> <span class='ocrx_word' id='word_1_235' title='bbox 1066 1734 1203 1779; x_wconf 85' lang='grc' dir='ltr'><em>δωρεὰν</em></span> <span class='ocrx_word' id='word_1_236' title='bbox 1229 1735 1356 1769; x_wconf 86' lang='grc' dir='ltr'><em>στέλλει</em></span> <span class='ocrx_word' id='word_1_237' title='bbox 1376 1746 1400 1780; x_wconf 90' lang='lat' dir='ltr'>p</span> <span class='ocrx_word' id='word_1_238' title='bbox 1498 1738 1589 1780; x_wconf 75' lang='lat' dir='ltr'><strong>post</strong></span> <span class='ocrx_word' id='word_1_239' title='bbox 1609 1736 1734 1770; x_wconf 85' lang='grc' dir='ltr'><em>στέλλει</em></span> <span class='ocrx_word' id='word_1_240' title='bbox 1754 1736 1846 1770; x_wconf 85' lang='lat' dir='ltr'><strong>add.</strong></span> 
     </span>
     <span class='ocr_line' id='line_1_24' title="bbox 423 1781 1845 1828; baseline 0.002 -13"><span class='ocrx_word' id='word_1_241' title='bbox 423 1782 520 1825; x_wconf 82' lang='grc' dir='ltr'><em>αὐτῷ</em></span> <span class='ocrx_word' id='word_1_242' title='bbox 532 1781 661 1826; x_wconf 84' lang='lat' dir='ltr'><em>Bpr</em></span> <span class='ocrx_word' id='word_1_243' title='bbox 735 1782 756 1815; x_wconf 83' lang='lat'>6</span> <span class='ocrx_word' id='word_1_244' title='bbox 771 1782 886 1816; x_wconf 83' lang='grc' dir='ltr'><em>ἔδωκε</em></span> <span class='ocrx_word' id='word_1_245' title='bbox 897 1781 960 1817; x_wconf 87' lang='lat' dir='ltr'><em>BC</em></span> <span class='ocrx_word' id='word_1_246' title='bbox 1035 1783 1054 1817; x_wconf 83' lang='lat'><strong>7</strong></span> <span class='ocrx_word' id='word_1_247' title='bbox 1070 1783 1223 1826; x_wconf 70' lang='grc' dir='ltr'><em>ἄρασθαι</em></span> <span class='ocrx_word' id='word_1_248' title='bbox 1240 1786 1333 1818; x_wconf 84' lang='lat' dir='ltr'><strong>ant-e</strong></span> <span class='ocrx_word' id='word_1_249' title='bbox 1348 1782 1436 1817; x_wconf 80' lang='grc' dir='ltr'><em>κατὰ</em></span> <span class='ocrx_word' id='word_1_250' title='bbox 1451 1782 1486 1816; x_wconf 92' lang='lat' dir='ltr'>D</span> <span class='ocrx_word' id='word_1_251' title='bbox 1561 1784 1800 1828; x_wconf 77' lang='grc' dir='ltr'><em>κατηγγύησεν</em></span> <span class='ocrx_word' id='word_1_252' title='bbox 1814 1783 1845 1818; x_wconf 84' lang='grc' dir='ltr'>Β</span> 
     </span>
     <span class='ocr_line' id='line_1_25' title="bbox 425 1829 1846 1876; baseline 0.002 -13"><span class='ocrx_word' id='word_1_253' title='bbox 425 1830 447 1864; x_wconf 86' lang='grc'>8</span> <span class='ocrx_word' id='word_1_254' title='bbox 471 1829 627 1875; x_wconf 85' lang='grc' dir='ltr'><em>πρέσβυν</em></span> <span class='ocrx_word' id='word_1_255' title='bbox 654 1829 779 1874; x_wconf 83' lang='lat' dir='ltr'><strong>BSwp,</strong></span> <span class='ocrx_word' id='word_1_256' title='bbox 805 1830 953 1875; x_wconf 86' lang='grc' dir='ltr'><em>πρέσβιν</em></span> <span class='ocrx_word' id='word_1_257' title='bbox 973 1829 1043 1864; x_wconf 82' lang='lat' dir='ltr'><em>AR</em></span> <span class='ocrx_word' id='word_1_258' title='bbox 1141 1835 1235 1864; x_wconf 75' lang='lat' dir='ltr'><strong>ante</strong></span> <span class='ocrx_word' id='word_1_259' title='bbox 1260 1831 1399 1874; x_wconf 81' lang='grc' dir='ltr'><em>βασιλέα</em></span> <span class='ocrx_word' id='word_1_260' title='bbox 1426 1830 1517 1864; x_wconf 80' lang='lat' dir='ltr'><strong>add.</strong></span> <span class='ocrx_word' id='word_1_261' title='bbox 1543 1830 1601 1865; x_wconf 87' lang='grc' dir='ltr'><em>τὸν</em></span> <span class='ocrx_word' id='word_1_262' title='bbox 1626 1831 1689 1866; x_wconf 86' lang='lat' dir='ltr'><em>BC</em></span> <span class='ocrx_word' id='word_1_263' title='bbox 1784 1832 1846 1876; x_wconf 85' lang='grc' dir='ltr'><em>βα-</em></span> 
     </span>
     <span class='ocr_line' id='line_1_26' title="bbox 427 1876 1846 1924; baseline 0.002 -13"><span class='ocrx_word' id='word_1_264' title='bbox 427 1877 543 1911; x_wconf 86' lang='grc' dir='ltr'><em>σιλέαν</em></span> <span class='ocrx_word' id='word_1_265' title='bbox 570 1876 604 1911; x_wconf 90' lang='lat' dir='ltr'>D</span> <span class='ocrx_word' id='word_1_266' title='bbox 647 1912 649 1916; x_wconf 21' lang='grc' dir='ltr'><em>Α</em></span> <span class='ocrx_word' id='word_1_267' title='bbox 774 1877 796 1912; x_wconf 89' lang='grc'>9</span> <span class='ocrx_word' id='word_1_268' title='bbox 822 1877 921 1916; x_wconf 81' lang='grc' dir='ltr'><em>οὗτος</em></span> <span class='ocrx_word' id='word_1_269' title='bbox 948 1877 980 1912; x_wconf 75' lang='grc' dir='ltr'><em>δ’</em></span> <span class='ocrx_word' id='word_1_270' title='bbox 1007 1877 1078 1912; x_wconf 79' lang='grc' dir='ltr'><em>ἐστὶ</em></span> <span class='ocrx_word' id='word_1_271' title='bbox 1102 1877 1184 1922; x_wconf 88' lang='grc' dir='ltr'><em>παρ’</em></span> <span class='ocrx_word' id='word_1_272' title='bbox 1210 1878 1326 1916; x_wconf 86' lang='grc' dir='ltr'><em>αὐτοῖς</em></span> <span class='ocrx_word' id='word_1_273' title='bbox 1351 1878 1455 1912; x_wconf 88' lang='grc' dir='ltr'><em>πάλαι</em></span> <span class='ocrx_word' id='word_1_274' title='bbox 1480 1878 1523 1922; x_wconf 85' lang='grc' dir='ltr'><em>ἧν</em></span> <span class='ocrx_word' id='word_1_275' title='bbox 1544 1878 1625 1923; x_wconf 83' lang='grc' dir='ltr'><em>παρ’</em></span> <span class='ocrx_word' id='word_1_276' title='bbox 1651 1880 1736 1923; x_wconf 81' lang='grc' dir='ltr'><em>ὅπερ</em></span> <span class='ocrx_word' id='word_1_277' title='bbox 1763 1879 1846 1924; x_wconf 83' lang='grc' dir='ltr'><em>ἡμῖν</em></span> 
     </span>
     <span class='ocr_line' id='line_1_27' title="bbox 425 1923 1846 1971; baseline 0.002 -13"><span class='ocrx_word' id='word_1_278' title='bbox 425 1923 512 1970; x_wconf 70' lang='lat' dir='ltr'><em>w*p</em></span> <span class='ocrx_word' id='word_1_279' title='bbox 612 1925 657 1959; x_wconf 89' lang='lat'><em>10</em></span> <span class='ocrx_word' id='word_1_280' title='bbox 682 1925 871 1970; x_wconf 85' lang='grc' dir='ltr'><em>σύγκελλος</em></span> <span class='ocrx_word' id='word_1_281' title='bbox 896 1924 1040 1970; x_wconf 84' lang='lat' dir='ltr'><em>Apr,</em></span> <span class='ocrx_word' id='word_1_282' title='bbox 1068 1925 1250 1970; x_wconf 84' lang='grc' dir='ltr'><em>σύγγελλος</em></span> <span class='ocrx_word' id='word_1_283' title='bbox 1276 1925 1324 1968; x_wconf 90' lang='lat' dir='ltr'><em>D,</em></span> <span class='ocrx_word' id='word_1_284' title='bbox 1349 1926 1517 1970; x_wconf 84' lang='grc' dir='ltr'><em>σύγκελος</em></span> <span class='ocrx_word' id='word_1_285' title='bbox 1543 1926 1584 1969; x_wconf 81' lang='grc' dir='ltr'><em>Ε,</em></span> <span class='ocrx_word' id='word_1_286' title='bbox 1610 1927 1771 1971; x_wconf 84' lang='grc' dir='ltr'><em>σύγγελος</em></span> <span class='ocrx_word' id='word_1_287' title='bbox 1785 1927 1846 1964; x_wconf 84' lang='lat' dir='ltr'><em>Cw</em></span> 
     </span>
    </p>

    <p class='ocr_par' dir='ltr' id='par_1_11' title="bbox 474 1972 1847 2019">
     <span class='ocr_line' id='line_1_28' title="bbox 474 1972 1847 2019; baseline 0.002 -13"><span class='ocrx_word' id='word_1_288' title='bbox 474 1972 760 2018; x_wconf 80' lang='grc' dir='ltr'><em>ὡς-σύγκελλος</em></span> <span class='ocrx_word' id='word_1_289' title='bbox 779 1983 853 2007; x_wconf 86' lang='grc'><strong>0111.</strong></span> <span class='ocrx_word' id='word_1_290' title='bbox 870 1972 898 2008; x_wconf 85' lang='lat' dir='ltr'>C</span> <span class='ocrx_word' id='word_1_291' title='bbox 984 1973 1166 2018; x_wconf 88' lang='grc' dir='ltr'><em>σύγγελλος</em></span> <span class='ocrx_word' id='word_1_292' title='bbox 1185 1973 1219 2007; x_wconf 93' lang='lat' dir='ltr'>D</span> <span class='ocrx_word' id='word_1_293' title='bbox 1308 1973 1351 2008; x_wconf 78' lang='lat'><em>12</em></span> <span class='ocrx_word' id='word_1_294' title='bbox 1376 1975 1542 2011; x_wconf 77' lang='grc' dir='ltr'><em>θανόντος</em></span> <span class='ocrx_word' id='word_1_295' title='bbox 1559 1973 1617 2019; x_wconf 86' lang='lat' dir='ltr'><em>Bp</em></span> <span class='ocrx_word' id='word_1_296' title='bbox 1715 1975 1847 2013; x_wconf 80' lang='grc' dir='ltr'><em>ἐκεῖνος</em></span> 
     </span>
    </p>
   </div>
   <div class='ocr_carea' id='block_1_5' title="bbox 422 2031 1853 2435">
    <p class='ocr_par' dir='ltr' id='par_1_12' title="bbox 1444 2031 1479 2053">
     <span class='ocr_line' id='line_1_29' title="bbox 1444 2031 1479 2053; baseline 0 -7"><span class='ocrx_word' id='word_1_297' title='bbox 1444 2031 1479 2053; x_wconf 66' lang='grc' dir='ltr'><em>χε</em></span> 
     </span>
    </p>

    <p class='ocr_par' dir='ltr' id='par_1_13' title="bbox 422 2055 1853 2435">
     <span class='ocr_line' id='line_1_30' title="bbox 427 2055 1846 2103; baseline 0.001 -12"><span class='ocrx_word' id='word_1_298' title='bbox 427 2067 502 2091; x_wconf 92' lang='grc'><strong>0111.</strong></span> <span class='ocrx_word' id='word_1_299' title='bbox 528 2067 591 2101; x_wconf 88' lang='lat' dir='ltr'><em>wp</em></span> <span class='ocrx_word' id='word_1_300' title='bbox 619 2057 755 2091; x_wconf 77' lang='lat' dir='ltr'><strong>invitis</strong></span> <span class='ocrx_word' id='word_1_301' title='bbox 780 2055 851 2091; x_wconf 86' lang='lat' dir='ltr'><em>AR</em></span> <span class='ocrx_word' id='word_1_302' title='bbox 948 2057 1120 2102; x_wconf 79' lang='grc' dir='ltr'><em>διεδέχετο</em></span> <span class='ocrx_word' id='word_1_303' title='bbox 1145 2055 1312 2102; x_wconf 78' lang='lat' dir='ltr'><strong>prDi,</strong></span> <span class='ocrx_word' id='word_1_304' title='bbox 1343 2058 1517 2098; x_wconf 81' lang='grc' dir='ltr'><em>διεδέξατο</em></span> <span class='ocrx_word' id='word_1_305' title='bbox 1543 2056 1578 2091; x_wconf 88' lang='grc' dir='ltr'><strong>Α</strong></span> <span class='ocrx_word' id='word_1_306' title='bbox 1676 2057 1719 2092; x_wconf 90' lang='grc'><em>13</em></span> <span class='ocrx_word' id='word_1_307' title='bbox 1742 2059 1846 2103; x_wconf 87' lang='grc' dir='ltr'><em>μεγά-</em></span> 
     </span>
     <span class='ocr_line' id='line_1_31' title="bbox 424 2103 1844 2149; baseline 0.001 -11"><span class='ocrx_word' id='word_1_308' title='bbox 424 2105 490 2149; x_wconf 87' lang='grc' dir='ltr'><em>λην</em></span> <span class='ocrx_word' id='word_1_309' title='bbox 505 2104 607 2138; x_wconf 89' lang='grc' dir='ltr'><em>πόλιν</em></span> <span class='ocrx_word' id='word_1_310' title='bbox 625 2104 724 2149; x_wconf 87' lang='lat' dir='ltr'><em>Ewp</em></span> <span class='ocrx_word' id='word_1_311' title='bbox 824 2104 869 2139; x_wconf 84' lang='lat'><em>14</em></span> <span class='ocrx_word' id='word_1_312' title='bbox 885 2119 920 2139; x_wconf 91' lang='grc' dir='ltr'><em>τε</em></span> <span class='ocrx_word' id='word_1_313' title='bbox 940 2115 1014 2139; x_wconf 86' lang='grc'><strong>0111.</strong></span> <span class='ocrx_word' id='word_1_314' title='bbox 1034 2104 1097 2140; x_wconf 88' lang='lat' dir='ltr'><em>BC</em></span> <span class='ocrx_word' id='word_1_315' title='bbox 1195 2104 1239 2139; x_wconf 84' lang='lat'><em>15</em></span> <span class='ocrx_word' id='word_1_316' title='bbox 1257 2119 1285 2139; x_wconf 90' lang='grc' dir='ltr'><em>τ.</em></span> <span class='ocrx_word' id='word_1_317' title='bbox 1304 2104 1449 2139; x_wconf 87' lang='grc' dir='ltr'><em>σουλτὰν</em></span> <span class='ocrx_word' id='word_1_318' title='bbox 1466 2103 1633 2149; x_wconf 77' lang='lat' dir='ltr'><strong>prDi,</strong></span> <span class='ocrx_word' id='word_1_319' title='bbox 1652 2118 1680 2139; x_wconf 87' lang='grc' dir='ltr'><em>τ.</em></span> <span class='ocrx_word' id='word_1_320' title='bbox 1700 2106 1844 2140; x_wconf 88' lang='grc' dir='ltr'><em>σουλτᾶν</em></span> 
     </span>
     <span class='ocr_line' id='line_1_32' title="bbox 424 2151 1843 2198; baseline 0.001 -12"><span class='ocrx_word' id='word_1_321' title='bbox 424 2151 470 2196; x_wconf 87' lang='lat' dir='ltr'><em>A,</em></span> <span class='ocrx_word' id='word_1_322' title='bbox 498 2162 535 2186; x_wconf 90' lang='lat' dir='ltr'><em>v.</em></span> <span class='ocrx_word' id='word_1_323' title='bbox 563 2152 615 2186; x_wconf 89' lang='lat' dir='ltr'><em>ad</em></span> <span class='ocrx_word' id='word_1_324' title='bbox 640 2151 753 2186; x_wconf 91' lang='lat' dir='ltr'><strong>XVII</strong></span> <span class='ocrx_word' id='word_1_325' title='bbox 779 2151 835 2195; x_wconf 84' lang='lat'><em>25,</em></span> <span class='ocrx_word' id='word_1_326' title='bbox 861 2152 903 2186; x_wconf 94' lang='grc'><strong>21</strong></span> <span class='ocrx_word' id='word_1_327' title='bbox 1027 2153 1091 2187; x_wconf 91' lang='lat' dir='ltr'><em>Ad</em></span> <span class='ocrx_word' id='word_1_328' title='bbox 1117 2153 1341 2198; x_wconf 80' lang='lat' dir='ltr'>marginem</span> <span class='ocrx_word' id='word_1_329' title='bbox 1368 2153 1454 2187; x_wconf 84' lang='lat' dir='ltr'>cod.</span> <span class='ocrx_word' id='word_1_330' title='bbox 1481 2152 1517 2186; x_wconf 93' lang='lat' dir='ltr'>A</span> <span class='ocrx_word' id='word_1_331' title='bbox 1542 2162 1666 2187; x_wconf 86' lang='lat' dir='ltr'><strong>manu</strong></span> <span class='ocrx_word' id='word_1_332' title='bbox 1692 2155 1843 2188; x_wconf 82' lang='lat' dir='ltr'>recenti</span> 
     </span>
     <span class='ocr_line' id='line_1_33' title="bbox 423 2200 1853 2245; baseline 0.001 -11"><span class='ocrx_word' id='word_1_333' title='bbox 423 2200 769 2245; x_wconf 78' lang='lat' dir='ltr'><strong>negligentissime</strong></span> <span class='ocrx_word' id='word_1_334' title='bbox 798 2202 836 2235; x_wconf 84' lang='lat' dir='ltr'><em>et</em></span> <span class='ocrx_word' id='word_1_335' title='bbox 862 2203 1087 2235; x_wconf 85' lang='lat' dir='ltr'><strong>atramento</strong></span> <span class='ocrx_word' id='word_1_336' title='bbox 1112 2210 1243 2245; x_wconf 85' lang='lat' dir='ltr'><strong>paene</strong></span> <span class='ocrx_word' id='word_1_337' title='bbox 1269 2200 1443 2235; x_wconf 85' lang='lat' dir='ltr'><strong>evanido</strong></span> <span class='ocrx_word' id='word_1_338' title='bbox 1470 2200 1608 2234; x_wconf 87' lang='lat' dir='ltr'><strong>addita</strong></span> <span class='ocrx_word' id='word_1_339' title='bbox 1641 2204 1752 2236; x_wconf 81' lang='lat' dir='ltr'><strong>sunt:</strong></span> <span class='ocrx_word' id='word_1_340' title='bbox 1792 2201 1853 2236; x_wconf 66' lang='grc' dir='ltr'><em>ἐν·Δ</em></span> 
     </span>
     <span class='ocr_line' id='line_1_34' title="bbox 423 2246 1843 2293; baseline 0.002 -12"><span class='ocrx_word' id='word_1_341' title='bbox 423 2247 548 2282; x_wconf 75' lang='grc' dir='ltr'><em>τεῦθεν</em></span> <span class='ocrx_word' id='word_1_342' title='bbox 574 2247 669 2291; x_wconf 88' lang='grc' dir='ltr'><em>οἶμαι</em></span> <span class='ocrx_word' id='word_1_343' title='bbox 703 2246 793 2282; x_wconf 83' lang='grc' dir='ltr'><em>κατὰ</em></span> <span class='ocrx_word' id='word_1_344' title='bbox 824 2247 882 2282; x_wconf 86' lang='grc' dir='ltr'><em>τὸν</em></span> <span class='ocrx_word' id='word_1_345' title='bbox 907 2253 967 2282; x_wconf 85' lang='grc' dir='ltr'><em>τοῦ</em></span> <span class='ocrx_word' id='word_1_346' title='bbox 997 2249 1151 2292; x_wconf 86' lang='grc' dir='ltr'><em>χοσρόου</em></span> <span class='ocrx_word' id='word_1_347' title='bbox 1176 2249 1305 2292; x_wconf 85' lang='grc' dir='ltr'><em>χρόνον</em></span> <span class='ocrx_word' id='word_1_348' title='bbox 1332 2247 1391 2291; x_wconf 70' lang='grc' dir='ltr'>(ῗ),</span> <span class='ocrx_word' id='word_1_349' title='bbox 1431 2247 1471 2282; x_wconf 87' lang='grc' dir='ltr'><em>τὰ</em></span> <span class='ocrx_word' id='word_1_350' title='bbox 1496 2247 1668 2291; x_wconf 82' lang='grc' dir='ltr'><em>ρωμαίων</em></span> <span class='ocrx_word' id='word_1_351' title='bbox 1692 2249 1843 2293; x_wconf 79' lang='grc' dir='ltr'><em>ἤρξαντο</em></span> 
     </span>
     <span class='ocr_line' id='line_1_35' title="bbox 422 2295 1843 2340; baseline 0.002 -11"><span class='ocrx_word' id='word_1_352' title='bbox 422 2295 663 2329; x_wconf 83' lang='grc' dir='ltr'><em>καταδουλοῦν</em></span> <span class='ocrx_word' id='word_1_353' title='bbox 688 2296 724 2329; x_wconf 85' lang='grc' dir='ltr'><em>οἵ</em></span> <span class='ocrx_word' id='word_1_354' title='bbox 744 2295 869 2339; x_wconf 82' lang='grc' dir='ltr'><em>πέρσαι</em></span> <span class='ocrx_word' id='word_1_355' title='bbox 896 2296 1113 2334; x_wconf 86' lang='grc' dir='ltr'><em>συνεπιόντες</em></span> <span class='ocrx_word' id='word_1_356' title='bbox 1133 2321 1381 2330; x_wconf 88' lang='grc'><strong>...........</strong></span> <span class='ocrx_word' id='word_1_357' title='bbox 1402 2297 1506 2340; x_wconf 75' lang='lat' dir='ltr'><strong>(post</strong></span> <span class='ocrx_word' id='word_1_358' title='bbox 1523 2297 1740 2334; x_wconf 86' lang='grc' dir='ltr'><em>συνεπιόντες</em></span> <span class='ocrx_word' id='word_1_359' title='bbox 1757 2299 1843 2332; x_wconf 79' lang='lat' dir='ltr'><strong>tota</strong></span> 
     </span>
     <span class='ocr_line' id='line_1_36' title="bbox 423 2342 1843 2387; baseline 0.002 -11"><span class='ocrx_word' id='word_1_360' title='bbox 423 2343 508 2377; x_wconf 75' lang='lat' dir='ltr'><strong>fere</strong></span> <span class='ocrx_word' id='word_1_361' title='bbox 539 2342 646 2378; x_wconf 80' lang='lat' dir='ltr'><strong>linea</strong></span> <span class='ocrx_word' id='word_1_362' title='bbox 678 2343 884 2378; x_wconf 77' lang='lat' dir='ltr'><strong>vermibus</strong></span> <span class='ocrx_word' id='word_1_363' title='bbox 917 2346 976 2379; x_wconf 78' lang='lat' dir='ltr'><strong>est</strong></span> <span class='ocrx_word' id='word_1_364' title='bbox 1010 2346 1148 2385; x_wconf 81' lang='lat' dir='ltr'><strong>exesa)</strong></span> <span class='ocrx_word' id='word_1_365' title='bbox 1183 2347 1252 2377; x_wconf 89' lang='grc' dir='ltr'><em>τῶν</em></span> <span class='ocrx_word' id='word_1_366' title='bbox 1285 2347 1427 2387; x_wconf 85' lang='grc' dir='ltr'><em>περσῶν</em></span> <span class='ocrx_word' id='word_1_367' title='bbox 1460 2343 1635 2387; x_wconf 83' lang='grc' dir='ltr'><em>ἀντιοχίας</em></span> <span class='ocrx_word' id='word_1_368' title='bbox 1661 2342 1710 2386; x_wconf 72' lang='lat' dir='ltr'><em>(P)</em></span> <span class='ocrx_word' id='word_1_369' title='bbox 1741 2344 1843 2379; x_wconf 83' lang='grc' dir='ltr'><em>δυνα-</em></span> 
     </span>
     <span class='ocr_line' id='line_1_37' title="bbox 422 2391 702 2435; baseline 0 -11"><span class='ocrx_word' id='word_1_370' title='bbox 422 2391 534 2425; x_wconf 88' lang='grc' dir='ltr'><em>στειάν</em></span> <span class='ocrx_word' id='word_1_371' title='bbox 559 2395 702 2435; x_wconf 82' lang='grc' dir='ltr'><em>τοῦρκοι</em></span> 
     </span>
    </p>
   </div>
   <div class='ocr_carea' id='block_1_6' title="bbox 288 2473 1842 2947">
    <p class='ocr_par' dir='ltr' id='par_1_14' title="bbox 288 2473 1842 2947">
     <span class='ocr_line' id='line_1_38' title="bbox 290 2473 1840 2520; baseline 0.001 -12"><span class='ocrx_word' id='word_1_372' title='bbox 290 2474 336 2508; x_wconf 87' lang='grc'><em>38</em></span> <span class='ocrx_word' id='word_1_373' title='bbox 352 2473 436 2508; x_wconf 84' lang='lat' dir='ltr'><strong>Rex</strong></span> <span class='ocrx_word' id='word_1_374' title='bbox 465 2476 600 2508; x_wconf 84' lang='lat' dir='ltr'><strong>autem</strong></span> <span class='ocrx_word' id='word_1_375' title='bbox 625 2474 768 2508; x_wconf 86' lang='lat' dir='ltr'><strong>nuntio</strong></span> <span class='ocrx_word' id='word_1_376' title='bbox 797 2473 847 2509; x_wconf 90' lang='lat' dir='ltr'><strong>de</strong></span> <span class='ocrx_word' id='word_1_377' title='bbox 873 2477 991 2519; x_wconf 81' lang='lat' dir='ltr'><strong>capto</strong></span> <span class='ocrx_word' id='word_1_378' title='bbox 1010 2473 1192 2520; x_wconf 86' lang='lat' dir='ltr'><strong>Liparite</strong></span> <span class='ocrx_word' id='word_1_379' title='bbox 1218 2476 1384 2518; x_wconf 82' lang='lat' dir='ltr'><strong>accepto</strong></span> <span class='ocrx_word' id='word_1_380' title='bbox 1411 2483 1601 2518; x_wconf 85' lang='lat' dir='ltr'><strong>magnam</strong></span> <span class='ocrx_word' id='word_1_381' title='bbox 1627 2475 1840 2519; x_wconf 83' lang='lat' dir='ltr'><strong>pecuniam</strong></span> 
     </span>
     <span class='ocr_line' id='line_1_39' title="bbox 351 2521 1842 2558; baseline 0.001 -2"><span class='ocrx_word' id='word_1_382' title='bbox 351 2531 399 2556; x_wconf 83' lang='lat' dir='ltr'><em>ac</em></span> <span class='ocrx_word' id='word_1_383' title='bbox 435 2531 604 2556; x_wconf 86' lang='lat' dir='ltr'><strong>munera</strong></span> <span class='ocrx_word' id='word_1_384' title='bbox 643 2521 729 2556; x_wconf 83' lang='lat' dir='ltr'><strong>eius</strong></span> <span class='ocrx_word' id='word_1_385' title='bbox 767 2521 990 2556; x_wconf 88' lang='lat' dir='ltr'><strong>redimendi</strong></span> <span class='ocrx_word' id='word_1_386' title='bbox 1026 2532 1148 2557; x_wconf 84' lang='lat' dir='ltr'><strong>causa</strong></span> <span class='ocrx_word' id='word_1_387' title='bbox 1188 2522 1346 2556; x_wconf 85' lang='lat' dir='ltr'><strong>sultano</strong></span> <span class='ocrx_word' id='word_1_388' title='bbox 1385 2521 1490 2555; x_wconf 87' lang='lat' dir='ltr'><strong>misit</strong></span> <span class='ocrx_word' id='word_1_389' title='bbox 1526 2521 1724 2556; x_wconf 82' lang='lat' dir='ltr'><strong>liberandi</strong></span> <span class='ocrx_word' id='word_1_390' title='bbox 1755 2523 1842 2558; x_wconf 85' lang='lat' dir='ltr'><strong>eius</strong></span> 
     </span>
     <span class='ocr_line' id='line_1_40' title="bbox 290 2568 1841 2614; baseline 0.001 -10"><span class='ocrx_word' id='word_1_391' title='bbox 290 2569 336 2604; x_wconf 84' lang='lat'><em>39</em></span> <span class='ocrx_word' id='word_1_392' title='bbox 351 2568 522 2613; x_wconf 84' lang='lat' dir='ltr'><strong>cupidus</strong></span> <span class='ocrx_word' id='word_1_393' title='bbox 562 2571 602 2604; x_wconf 87' lang='lat' dir='ltr'><em>et</em></span> <span class='ocrx_word' id='word_1_394' title='bbox 627 2571 780 2614; x_wconf 86' lang='lat' dir='ltr'><strong>petens,</strong></span> <span class='ocrx_word' id='word_1_395' title='bbox 819 2573 864 2604; x_wconf 93' lang='lat' dir='ltr'><strong>ut</strong></span> <span class='ocrx_word' id='word_1_396' title='bbox 891 2569 1013 2604; x_wconf 83' lang='lat' dir='ltr'><strong>Turci</strong></span> <span class='ocrx_word' id='word_1_397' title='bbox 1043 2579 1133 2604; x_wconf 88' lang='lat' dir='ltr'><em>cum</em></span> <span class='ocrx_word' id='word_1_398' title='bbox 1160 2569 1349 2604; x_wconf 81' lang='lat' dir='ltr'><strong>Romanis</strong></span> <span class='ocrx_word' id='word_1_399' title='bbox 1377 2568 1520 2603; x_wconf 82' lang='lat' dir='ltr'><strong>foedus</strong></span> <span class='ocrx_word' id='word_1_400' title='bbox 1550 2569 1714 2604; x_wconf 80' lang='lat' dir='ltr'><strong>ieerent.</strong></span> <span class='ocrx_word' id='word_1_401' title='bbox 1765 2570 1841 2611; x_wconf 80' lang='lat' dir='ltr'><em>Qui</em></span> 
     </span>
     <span class='ocr_line' id='line_1_41' title="bbox 350 2615 1840 2662; baseline 0.002 -12"><span class='ocrx_word' id='word_1_402' title='bbox 350 2616 534 2651; x_wconf 84' lang='lat' dir='ltr'><strong>sultanus</strong></span> <span class='ocrx_word' id='word_1_403' title='bbox 568 2615 788 2662; x_wconf 85' lang='lat' dir='ltr'><strong>Liparitem</strong></span> <span class='ocrx_word' id='word_1_404' title='bbox 823 2617 951 2662; x_wconf 85' lang='lat' dir='ltr'><strong>gratis</strong></span> <span class='ocrx_word' id='word_1_405' title='bbox 985 2617 1169 2660; x_wconf 84' lang='lat' dir='ltr'><strong>restituit,</strong></span> <span class='ocrx_word' id='word_1_406' title='bbox 1210 2617 1316 2652; x_wconf 89' lang='lat' dir='ltr'><strong>omni</strong></span> <span class='ocrx_word' id='word_1_407' title='bbox 1352 2616 1525 2660; x_wconf 77' lang='lat' dir='ltr'><strong>pecunia</strong></span> <span class='ocrx_word' id='word_1_408' title='bbox 1550 2615 1616 2659; x_wconf 89' lang='lat' dir='ltr'><strong>illi,</strong></span> <span class='ocrx_word' id='word_1_409' title='bbox 1655 2627 1726 2661; x_wconf 88' lang='lat' dir='ltr'><em>pro</em></span> <span class='ocrx_word' id='word_1_410' title='bbox 1761 2628 1840 2662; x_wconf 89' lang='lat' dir='ltr'><em>quo</em></span> 
     </span>
     <span class='ocr_line' id='line_1_42' title="bbox 348 2663 1840 2708; baseline 0.001 -10"><span class='ocrx_word' id='word_1_411' title='bbox 348 2664 470 2699; x_wconf 82' lang='lat' dir='ltr'><strong>missa</strong></span> <span class='ocrx_word' id='word_1_412' title='bbox 497 2667 594 2707; x_wconf 88' lang='lat' dir='ltr'><strong>erat,</strong></span> <span class='ocrx_word' id='word_1_413' title='bbox 621 2663 770 2698; x_wconf 84' lang='lat' dir='ltr'><strong>tradita</strong></span> <span class='ocrx_word' id='word_1_414' title='bbox 795 2664 934 2698; x_wconf 88' lang='lat' dir='ltr'><strong>addita</strong></span> <span class='ocrx_word' id='word_1_415' title='bbox 949 2664 1233 2708; x_wconf 82' lang='lat' dir='ltr'><strong>admonitione,</strong></span> <span class='ocrx_word' id='word_1_416' title='bbox 1260 2674 1311 2699; x_wconf 92' lang='lat' dir='ltr'><strong>ne</strong></span> <span class='ocrx_word' id='word_1_417' title='bbox 1331 2664 1371 2698; x_wconf 91' lang='lat' dir='ltr'><em>in</em></span> <span class='ocrx_word' id='word_1_418' title='bbox 1390 2666 1594 2707; x_wconf 80' lang='lat' dir='ltr'><strong>posterum</strong></span> <span class='ocrx_word' id='word_1_419' title='bbox 1614 2674 1726 2698; x_wconf 83' lang='lat' dir='ltr'><strong>arma</strong></span> <span class='ocrx_word' id='word_1_420' title='bbox 1752 2676 1840 2700; x_wconf 84' lang='lat' dir='ltr'><strong>con-</strong></span> 
     </span>
     <span class='ocr_line' id='line_1_43' title="bbox 289 2710 1839 2757; baseline 0.001 -12"><span class='ocrx_word' id='word_1_421' title='bbox 289 2711 337 2746; x_wconf 82' lang='lat'><em>40</em></span> <span class='ocrx_word' id='word_1_422' title='bbox 350 2715 411 2746; x_wconf 80' lang='lat' dir='ltr'><strong>tra</strong></span> <span class='ocrx_word' id='word_1_423' title='bbox 438 2711 592 2746; x_wconf 75' lang='lat' dir='ltr'><strong>Tui-cos</strong></span> <span class='ocrx_word' id='word_1_424' title='bbox 625 2715 798 2756; x_wconf 83' lang='lat' dir='ltr'><strong>caperet.</strong></span> <span class='ocrx_word' id='word_1_425' title='bbox 848 2711 982 2757; x_wconf 84' lang='lat' dir='ltr'><strong>Atque</strong></span> <span class='ocrx_word' id='word_1_426' title='bbox 1008 2713 1094 2757; x_wconf 88' lang='lat' dir='ltr'><strong>ipse</strong></span> <span class='ocrx_word' id='word_1_427' title='bbox 1120 2712 1238 2746; x_wconf 81' lang='lat' dir='ltr'><strong>etiam</strong></span> <span class='ocrx_word' id='word_1_428' title='bbox 1266 2711 1442 2756; x_wconf 83' lang='lat' dir='ltr'><strong>legatum</strong></span> <span class='ocrx_word' id='word_1_429' title='bbox 1470 2710 1522 2744; x_wconf 85' lang='lat' dir='ltr'><em>ad</em></span> <span class='ocrx_word' id='word_1_430' title='bbox 1552 2721 1691 2756; x_wconf 84' lang='lat' dir='ltr'><strong>regem</strong></span> <span class='ocrx_word' id='word_1_431' title='bbox 1724 2713 1839 2757; x_wconf 82' lang='lat' dir='ltr'><strong>misit,</strong></span> 
     </span>
     <span class='ocr_line' id='line_1_44' title="bbox 288 2758 1839 2804; baseline 0.002 -12"><span class='ocrx_word' id='word_1_432' title='bbox 288 2759 333 2793; x_wconf 87' lang='lat'><em>41</em></span> <span class='ocrx_word' id='word_1_433' title='bbox 350 2769 468 2803; x_wconf 87' lang='lat' dir='ltr'><strong>quem</strong></span> <span class='ocrx_word' id='word_1_434' title='bbox 495 2759 550 2793; x_wconf 86' lang='lat' dir='ltr'><strong>illi</strong></span> <span class='ocrx_word' id='word_1_435' title='bbox 577 2759 774 2804; x_wconf 85' lang='lat' dir='ltr'><strong>seriphem</strong></span> <span class='ocrx_word' id='word_1_436' title='bbox 792 2759 1011 2804; x_wconf 81' lang='lat' dir='ltr'><strong>vocabant3</strong></span> <span class='ocrx_word' id='word_1_437' title='bbox 1038 2760 1152 2794; x_wconf 86' lang='lat' dir='ltr'><strong>cuius</strong></span> <span class='ocrx_word' id='word_1_438' title='bbox 1170 2759 1311 2794; x_wconf 86' lang='lat' dir='ltr'><strong>eadem</strong></span> <span class='ocrx_word' id='word_1_439' title='bbox 1330 2759 1415 2793; x_wconf 81' lang='lat' dir='ltr'><strong>fere</strong></span> <span class='ocrx_word' id='word_1_440' title='bbox 1442 2758 1616 2793; x_wconf 84' lang='lat' dir='ltr'><strong>conditio</strong></span> <span class='ocrx_word' id='word_1_441' title='bbox 1642 2762 1715 2802; x_wconf 86' lang='lat' dir='ltr'><strong>est,</strong></span> <span class='ocrx_word' id='word_1_442' title='bbox 1734 2770 1839 2804; x_wconf 82' lang='lat' dir='ltr'><strong>quae</strong></span> 
     </span>
     <span class='ocr_line' id='line_1_45' title="bbox 351 2805 1838 2851; baseline 0.001 -11"><span class='ocrx_word' id='word_1_443' title='bbox 351 2806 440 2840; x_wconf 87' lang='lat' dir='ltr'><strong>olim</strong></span> <span class='ocrx_word' id='word_1_444' title='bbox 475 2806 585 2851; x_wconf 84' lang='lat' dir='ltr'><strong>apud</strong></span> <span class='ocrx_word' id='word_1_445' title='bbox 617 2816 691 2841; x_wconf 90' lang='lat' dir='ltr'><em>nos</em></span> <span class='ocrx_word' id='word_1_446' title='bbox 717 2806 901 2851; x_wconf 77' lang='lat' dir='ltr'><strong>syncelli3</strong></span> <span class='ocrx_word' id='word_1_447' title='bbox 940 2817 1032 2841; x_wconf 85' lang='lat' dir='ltr'><em>nam</em></span> <span class='ocrx_word' id='word_1_448' title='bbox 1059 2807 1162 2841; x_wconf 86' lang='lat' dir='ltr'><strong>sieut</strong></span> <span class='ocrx_word' id='word_1_449' title='bbox 1187 2807 1220 2840; x_wconf 87' lang='lat' dir='ltr'><em>is</em></span> <span class='ocrx_word' id='word_1_450' title='bbox 1246 2805 1499 2851; x_wconf 82' lang='lat' dir='ltr'><strong>patriarchae</strong></span> <span class='ocrx_word' id='word_1_451' title='bbox 1529 2807 1675 2840; x_wconf 86' lang='lat' dir='ltr'><strong>mortui</strong></span> <span class='ocrx_word' id='word_1_452' title='bbox 1707 2807 1838 2842; x_wconf 85' lang='lat' dir='ltr'><strong>locum</strong></span> 
     </span>
     <span class='ocr_line' id='line_1_46' title="bbox 288 2853 1838 2900; baseline 0.001 -13"><span class='ocrx_word' id='word_1_453' title='bbox 288 2853 336 2888; x_wconf 90' lang='lat'><em>42</em></span> <span class='ocrx_word' id='word_1_454' title='bbox 350 2854 588 2898; x_wconf 81' lang='lat' dir='ltr'><strong>oceupabat,</strong></span> <span class='ocrx_word' id='word_1_455' title='bbox 614 2854 670 2888; x_wconf 86' lang='lat' dir='ltr'><strong>ita</strong></span> <span class='ocrx_word' id='word_1_456' title='bbox 697 2855 817 2889; x_wconf 84' lang='lat' dir='ltr'><strong>etiam</strong></span> <span class='ocrx_word' id='word_1_457' title='bbox 844 2854 1023 2900; x_wconf 78' lang='lat' dir='ltr'><strong>sei-iphes</strong></span> <span class='ocrx_word' id='word_1_458' title='bbox 1050 2854 1259 2899; x_wconf 83' lang='lat' dir='ltr'><strong>chaliphae</strong></span> <span class='ocrx_word' id='word_1_459' title='bbox 1279 2853 1469 2887; x_wconf 81' lang='lat' dir='ltr'><strong>defuneto</strong></span> <span class='ocrx_word' id='word_1_460' title='bbox 1495 2854 1749 2893; x_wconf 83' lang='lat' dir='ltr'><strong>succedebat.</strong></span> <span class='ocrx_word' id='word_1_461' title='bbox 1800 2855 1838 2890; x_wconf 86' lang='lat' dir='ltr'><em>Is</em></span> 
     </span>
     <span class='ocr_line' id='line_1_47' title="bbox 348 2901 1838 2947; baseline 0.002 -12"><span class='ocrx_word' id='word_1_462' title='bbox 348 2901 474 2947; x_wconf 85' lang='lat' dir='ltr'><strong>igitur</strong></span> <span class='ocrx_word' id='word_1_463' title='bbox 501 2911 689 2947; x_wconf 84' lang='lat' dir='ltr'><strong>magnam</strong></span> <span class='ocrx_word' id='word_1_464' title='bbox 715 2902 857 2937; x_wconf 72' lang='lat' dir='ltr'><strong>urbem</strong></span> <span class='ocrx_word' id='word_1_465' title='bbox 884 2902 1092 2947; x_wconf 79' lang='lat' dir='ltr'><strong>ingressus</strong></span> <span class='ocrx_word' id='word_1_466' title='bbox 1108 2905 1145 2937; x_wconf 91' lang='lat' dir='ltr'><em>et</em></span> <span class='ocrx_word' id='word_1_467' title='bbox 1164 2901 1338 2947; x_wconf 82' lang='lat' dir='ltr'><strong>superbe</strong></span> <span class='ocrx_word' id='word_1_468' title='bbox 1356 2911 1445 2935; x_wconf 79' lang='lat' dir='ltr'><strong>eum</strong></span> <span class='ocrx_word' id='word_1_469' title='bbox 1466 2901 1707 2946; x_wconf 82' lang='lat' dir='ltr'><strong>imperatore</strong></span> <span class='ocrx_word' id='word_1_470' title='bbox 1722 2902 1838 2938; x_wconf 83' lang='lat' dir='ltr'><strong>eollo-</strong></span> 
     </span>
    </p>
   </div>
  </div>
 </body>
</html>
