2054 3282
314 267 382 304 164
691 262 872 302 zoNAR.
900 262 1031 300 EPIT.
1059 260 1150 300 xiv
1178 260 1209 308 7,
1235 261 1364 308 33—8,
1393 260 1424 299 1.

310 390 381 432 καὶ
414 390 549 435 οὕτως
575 389 809 442 ἐπανῆλθεν
831 389 886 432 εἰς
908 386 953 427 τὸ
979 386 1208 434 Βυζάντιον
1229 384 1300 426 καὶ
1331 389 1450 439 τιμῆς
1479 385 1664 439 μεγάλης
1693 384 1809 440 παρὰ

252 463 298 498 34
311 463 383 500 τοῦ
415 458 620 514 βασιλέως
651 458 818 511 ἠξίωτο,
853 457 970 509 ἄγων
1001 454 1128 496 αὐτόν
1159 470 1201 495 τε
1231 453 1303 495 τὸν
1324 453 1369 494 Γ
1362 453 1529 508 ελίμερα
1553 453 1627 495 σὺν
1650 453 1811 508 γυναικὶ

311 527 381 569 καὶ
424 528 581 572 τέκνοις
625 526 695 567 καὶ
739 525 948 579 συγγενέσι
991 524 1062 564 καὶ
1105 527 1244 565 πᾶσαν
1287 522 1361 577 τὴν
1398 523 1628 577 θεραπείαν
1667 523 1811 564 αὐτοῦ.

251 601 298 636 35
312 596 394 637 εἶτα
426 596 496 637 καὶ
531 595 743 649 θρίαμβον
775 594 840 634 ἐπὶ
871 597 920 647 τῇ
953 593 1044 646 νίκῃ
1083 593 1305 646 κατήγαγε,
1350 591 1600 646 τελουμένης
1639 591 1813 646 ἁμίλλης

311 666 452 706 ἵππων
483 665 526 705 ἐν
557 669 618 717 τῷ
646 663 831 716 θεάτρῳ,
865 663 993 702 αὐτοῦ
1016 677 1056 702 τε
1078 665 1151 702 τοῦ
1174 665 1441 715 κρατοῦντος,
1475 661 1537 706 ὡς
1558 660 1674 714 ἔθος,
1705 664 1851 714 προ-5

253 724 255 726 ¹
311 734 560 787 καθημένου
593 731 663 772 καὶ
694 736 766 785 τῆς
798 731 1016 784 γερουσίας
1047 730 1267 784 παρούσης
1293 729 1364 771 καὶ
1385 734 1458 770 τοῦ
1482 729 1622 784 δήμου
1643 729 1812 775 παντός.

195 807 224 841 Β
252 807 297 842 36
311 802 381 843 καὶ
412 801 560 855 προῄει
591 800 668 854 μὲν
701 800 747 840 ἐκ
780 804 851 853 τῆς
882 802 967 840 τῶν
998 799 1140 839 ἵππων
1172 799 1399 853 ἀφετηρίας
1431 798 1455 839 ὁ
1487 798 1813 853 ἀρχιστράτηγος

311 875 382 924 τῆς
412 869 679 923 πορφυρίδος
700 872 772 909 τοῦ
799 867 839 908 Γ
834 868 1022 922 ελίμερος
1049 869 1348 921 παρεπομένου
1381 867 1582 922 ἐχόμενος
1612 871 1662 922 τῇ
1693 867 1812 922 χειρί·

252 944 297 979 37
312 938 715 992 συμπαρω,ιιάρτοων
748 937 785 977 δ’
819 937 936 990 αὐτῷ
967 936 1038 977 καὶ
1071 937 1110 977 οἱ
1147 940 1233 977 τῶν
1275 937 1436 984 τάξεων
1480 935 1699 991 στρατηγοὶ
1741 934 1813 977 καὶ

251 1012 298 1047 38
311 1006 595 1061 ταγματάρχαι
627 1005 697 1046 καὶ
729 1005 902 1060 λοχαγοὶ
933 1005 1003 1046 καὶ
1036 1006 1076 1045 οἱ
1105 1009 1178 1047 τοῦ
1202 1005 1245 1045 Γ
1240 1005 1429 1059 ελίμερος
1460 1008 1678 1059 συγγενεῖς.
1729 1003 1811 1059 ἤδη
1829 1009 1874 1044 10

312 1073 349 1116 δ’
392 1075 600 1130 ἔφθακὼς
643 1076 775 1116 ἔναντι
819 1078 892 1115 τοῦ
936 1078 1191 1128 κρατοῦντος
1227 1074 1251 1116 ὁ
1290 1074 1533 1127 Βελισάριος
1570 1073 1704 1115 πείθει
1741 1072 1814 1114 τὸν

312 1144 515 1198 Γελίμερα
549 1145 605 1189 εἰς
635 1143 851 1198 τοῦδαφος
882 1143 1130 1198 καταβαλεῖν
1163 1142 1311 1184 ἑαυτὸν
1341 1142 1413 1184 καὶ
1435 1143 1571 1188 οὕτως
1593 1143 1813 1196 ἀπονεῖμαι

252 1218 373 1267 39τῴ
410 1213 571 1267 βασιλεῖ
605 1212 678 1266 τὴν
714 1212 1010 1267 προσκύνησιν.
1074 1212 1097 1253 ὁ
1131 1209 1167 1252 δ’
1203 1212 1329 1252 ἐποίει
1360 1211 1406 1253 τὸ
1437 1211 1812 1265 προσταττόμενον,

251 1288 299 1322 40
311 1282 622 1336 καταχεάμενος
654 1281 842 1335 δάκρυσι.
904 1281 975 1322 καὶ
1007 1280 1132 1326 αὐτὸς
1155 1281 1200 1322 δὲ
1222 1281 1245 1322 ὁ
1267 1281 1516 1335 Βελισάριος
1535 1279 1814 1335 προσούδισεν

312 1350 474 1404 ἑαυτόν,
520 1350 835 1404 ἐνδεικνύμενος
877 1355 939 1404 τῷ
981 1349 1025 1390 Γ
1021 1349 1172 1403 ελίμερι
1217 1350 1275 1390 ὅτι
1321 1350 1399 1404 οὐχ
1443 1349 1505 1396 ὡς
1548 1348 1814 1404 αἰχμάλωτος
1830 1351 1873 1388 15

313 1421 470 1465 ἐκεῖνος
500 1423 621 1460 τοῦτο
642 1424 811 1474 ποιῆσαι
833 1418 1029 1474 ἀπῄτητο,
1061 1417 1148 1460 ἀλλ’
1182 1419 1241 1460 ὅτι
1274 1419 1386 1460 οὕτω
1419 1419 1651 1473 νενόμισται
1680 1433 1813 1473 προσ-

312 1489 528 1531 κυνεῖσθάι
570 1492 656 1530 τῶν
688 1488 914 1543 Ῥωμαίων
952 1488 1048 1534 τοὺς
1084 1488 1275 1542 βασιλεῖς,
1319 1488 1389 1529 καὶ
1429 1486 1554 1528 οἱονεὶ
1592 1487 1814 1541 κουφίζων

198 1564 227 1600 C
252 1565 296 1598 41
314 1559 429 1612 αὐτῷ
461 1557 507 1599 τὸ
541 1558 796 1612 δυστύχημα.
859 1558 929 1599 καὶ
960 1557 1034 1612 τὴν
1066 1558 1158 1612 ἴσην
1195 1557 1241 1598 δὲ
1279 1562 1327 1612 τῇ
1366 1557 1580 1612 βασιλίσσῃ
1624 1554 1943 1611 προσκύ-ΒΙΠ
1956 1557 2026 1593 279

313 1707 336 1741 4
362 1707 434 1745 οἷος
462 1709 482 1742 ὁ
506 1707 685 1752 θρίαμβος
712 1705 953 1753 (θρίγαμβοςῖ
982 1706 1027 1751 Ε)
1053 1706 1191 1752 γέγονεν
1218 1704 1281 1741 CE

389 1851 420 1886 1,
446 1851 468 1885 2
494 1850 554 1886 καὶ
580 1856 681 1896 τιμῆς
708 1870 750 1875 -
779 1850 912 1895 ἠξίωτο
938 1854 1028 1896 post
1054 1850 1077 1885 3
1102 1849 1208 1885 αὐτοῦ
1236 1849 1334 1895 pr
1463 1849 1484 1885 7
1511 1852 1602 1894 post
1626 1848 1814 1894 ἀρχιστρά-

620 1897 998 1982 βεὲωάρᾶοῆέῑνεψ
1029 1896 1274 1980 {559‘2‘227223
1298 1898 1346 1980 ἐρ
1373 1897 1815 1981 ⁶20522⁷⁰²¹3²510ss¹¹¹⁰t<3

387 1957 787 2039 {lgexglfgff'lggssissv
814 1995 846 2036 7,
865 1993 912 2029 26
970 1973 1066 2029 ⁰.lO.
1096 1973 1137 2028 11
1155 1959 1234 2038 γήῼδη
1254 1959 1296 2027 ὃς
1313 1959 1431 2028 ῖ-ηγῗ2
1455 1993 1663 2038 καταβαλεῖν
1689 1958 1815 2028 οαῐζίίαΑ

388 2044 529 2083 (unum
557 2052 730 2085 versum,
760 2053 795 2077 v.
815 2043 935 2085 B·W,
963 2042 1060 2086 Byz.
1080 2040 1275 2077 Zeitschr.
1294 2052 1329 2076 a.
1350 2040 1442 2076 1892
1461 2052 1498 2086 p.
1512 2040 1597 2086 220>
1695 2040 1751 2075 11.
1770 2040 1815 2075 14

386 2090 606 2135 βελλισάριος
633 2090 741 2136 Ewp,
769 2101 805 2125 v.
833 2090 885 2124 ad
911 2089 1002 2125 XIV
1030 2090 1062 2134 7,
1086 2090 1129 2124 21
1242 2089 1284 2124 12
1309 2087 1533 2134 καταβαλεῖν]
1560 2089 1648 2124 ἑλεῖν
1673 2087 1709 2123 Α
1734 2088 1814 2132 (de-

388 2139 511 2173 sierat
537 2148 680 2173 versus
707 2139 878 2173 omissus
902 2138 944 2172 in
965 2137 1094 2183 καταβ)
1200 2137 1243 2172 15
1269 2137 1482 2182 αἰχμαλώτω
1510 2136 1540 2171 Β
1641 2136 1684 2172 16
1709 2149 1814 2181 προσ-

387 2186 569 2221 κυνεῖσθαι
598 2190 775 2222 exeunte
801 2196 924 2222 versu
951 2196 1026 2222 om.
1053 2185 1082 2221 C
1182 2186 1226 2220 18
1249 2185 1401 2231 βασιλίδι
1428 2183 1457 2220 C

257 2330 303 2365 34
317 2330 557 2376 Byzantium
573 2333 612 2365 et
625 2330 712 2376 ipso
729 2329 930 2366 Gelimero
946 2340 1036 2365 cum
1050 2340 1192 2374 uxore,
1207 2329 1355 2374 liberis,
1375 2329 1560 2374 cognatis
1574 2331 1614 2364 et
1627 2328 1814 2364 omnibus

257 2378 304 2413 35
318 2379 404 2414 eius
432 2379 660 2413 ministeriis
675 2378 861 2413 adductis
887 2388 911 2412 a
925 2388 1025 2423 rege
1051 2388 1201 2424 magno
1218 2378 1371 2413 honore
1397 2380 1457 2412 est
1471 2376 1675 2422 dignatus.
1709 2375 1813 2411 Tum

318 2426 368 2461 de
394 2426 565 2461 victoria
591 2426 768 2461 habebat
794 2426 1040 2471 triumphum
1067 2429 1106 2461 et
1132 2425 1216 2460 ludi
1243 2428 1450 2470 equestres
1475 2425 1517 2459 in
1535 2424 1692 2459 theatro
1719 2426 1814 2459 sunt

317 2475 406 2517 acti,
445 2475 533 2519 ipso
572 2474 817 2519 imperatore
856 2473 906 2509 de
931 2483 1043 2509 more
1069 2473 1326 2519 praesidente
1369 2475 1409 2507 et
1439 2475 1584 2507 senatu
1624 2471 1813 2516 omnique

257 2520 303 2555 36
318 2521 467 2567 populo
511 2526 736 2566 praesente.
786 2521 1041 2557 Procedebat
1082 2526 1217 2555 autem
1262 2530 1312 2555 ex
1356 2530 1553 2564 equorum
1580 2519 1813 2555 carceribus

318 2568 535 2604 Belisarius
562 2570 792 2614 imperator,
821 2568 1011 2604 Gelimeri
1037 2568 1322 2613 subsequentis
1357 2577 1580 2613 purpuram
1609 2577 1734 2602 manu
1759 2569 1813 2601 te-

258 2615 304 2650 37
319 2626 428 2660 nens,
457 2617 742 2652 comitantibus
759 2617 931 2652 ducibus
946 2620 986 2651 et
1001 2616 1173 2651 tribunis
1191 2620 1230 2651 et
1244 2615 1550 2650 centurionibus
1571 2619 1610 2650 et
1624 2613 1813 2650 Gelimeri

258 2663 305 2697 38
319 2665 513 2708 cognatis.
565 2664 746 2709 Cumque
782 2664 835 2700 ad
860 2665 1144 2710 imperatorem
1171 2666 1411 2708 perventum
1438 2667 1553 2706 esset,
1596 2662 1814 2698 Belisarius

318 2709 518 2746 Gelimero
539 2711 767 2756 persuadet,
802 2715 847 2746 ut
874 2712 983 2747 humi
1010 2722 1053 2747 se
1079 2712 1280 2757 proiceret
1294 2720 1514 2756 regemque
1541 2711 1597 2745 ita
1611 2710 1813 2746 adoraret.

187 2757 244 2792 39.
259 2757 306 2792 40
319 2757 430 2793 Facit
476 2759 551 2802 ille,
596 2764 640 2794 ut
678 2760 908 2803 iubebatur,
954 2759 1128 2794 lacrimis
1173 2758 1370 2804 oppletus.
1437 2757 1518 2794 Sed
1563 2768 1606 2794 se
1644 2758 1814 2803 proiecit

319 2806 405 2850 ipse
431 2810 469 2841 et
497 2806 724 2851 Belisarius,
751 2810 796 2842 ut
822 2806 1022 2842 Gelimero
1051 2806 1280 2842 ostenderet
1306 2806 1416 2841 illum
1443 2806 1484 2841 id
1510 2807 1646 2841 facere
1660 2806 1813 2840 iussum

319 2863 401 2888 non
426 2856 471 2887 ut
497 2855 712 2899 captivum,
740 2855 812 2890 sed
838 2855 933 2900 quia
959 2855 1080 2890 moris
1107 2856 1212 2889 esset
1237 2854 1401 2890 adorari
1426 2854 1501 2889 hoc
1526 2853 1646 2889 modo
1672 2852 1813 2887 Roma-

258 2899 303 2934 41
319 2910 464 2934 norum
496 2911 626 2946 reg-es,
665 2906 704 2936 et
730 2906 775 2937 ut
801 2903 888 2937 eius
912 2902 1180 2937 calamitatem
1207 2902 1451 2937 sublevaret.
1502 2900 1608 2936 Cum.
1639 2899 1811 2936 eundem

320 2948 510 2983 honorem
548 2953 586 2983 et
612 2950 779 2995 reginae
819 2951 1025 2985 habuisset
1051 2949 1286 2992 Gelimerus,
1327 2950 1496 2995 hospitio
1525 2948 1735 2995 splendido
1774 2950 1813 2982 et
