2054 3282
927 165 935 190 i

353 238 618 286 MANVELIS
643 242 784 283 FVGA
810 243 883 281 AD
909 240 1189 281 AGARENOS
1215 240 1282 278 ET
1308 238 1544 277 REDITVS.
1630 239 1701 278 373

205 371 448 416 ἐπανελθεῖν
477 370 764 425 προετρέπετο.
814 366 886 411 καὶ
916 368 964 415 ὃς
999 364 1224 422 ἐπανῆλθε,
1254 363 1302 407 τὸ
1334 360 1372 406 δ’
1405 363 1526 410 ὅπως
1557 362 1699 418 ὁιηγη-
1714 363 1762 400 24

203 442 315 484 τέον·
361 441 442 483 ἔστι
485 439 566 494 γὰρ
609 439 690 481 οὐκ
733 438 860 492 ἄχαρι
901 435 1010 491 πρὸς
1054 435 1254 490 διήγησιν.
1317 432 1502 487 ἐντυχὼν
1536 437 1599 486 τῷ
1628 431 1702 479 τὰς
1714 432 1761 470 25

202 510 354 557 πίστεις
392 510 440 552 ἐκ
478 506 685 564 βασιλέως
722 506 840 560 αὐτῷ
877 505 1090 559 κομίζοντι
1128 506 1309 558 μοναχῷ
1340 500 1412 543 καὶ
1443 500 1702 555 συνθέμενος

203 579 477 632 ὑποστρέψαι,
508 575 695 630 πρόσεισι
725 579 787 629 τῷ
816 577 902 616 τῶν
926 572 1199 628 Ἰσμαηλιτῶν
1229 571 1407 626 ἀρχηγῷ
1437 569 1508 612 καὶ
1538 569 1701 611 αἰτεῖται

167 645 437 702 5στράτευμά
469 646 510 687 οἱ
547 644 740 699 δοθῆναι,
784 643 850 684 ἵνα
888 640 994 684 κατὰ
1026 641 1101 696 τὴν
1137 639 1445 682 Καππαδοκίαν
1478 637 1702 693 γενόμενος

203 714 458 769 ἀνταποόοίη
489 716 574 760 τοῖς
605 713 662 759 εἷς
691 711 764 754 τὸν
797 710 968 765 βασιλέα
1009 712 1272 751 κατειποῦσιν
1311 709 1439 750 αὐτοῦ
1480 707 1586 761 (ἐκεῖ
1619 706 1700 762 γὰρ

203 783 340 838 ἔλεγεν
371 784 498 825 οἰκεῖν
533 780 631 828 τοὺς
661 779 925 836 κατηγόρους
955 777 1118 832 αὐτοῦ),
1163 778 1283 833 ἠξίου
1322 776 1368 819 δὲ
1404 776 1476 820 τὸν
1513 775 1701 831 ἀρχηγὸν
1713 776 1760 812 26

202 855 289 895 τῶν
320 851 568 906 Ἀγαρηνῶν
603 849 676 892 καὶ
713 848 786 891 τὸν
821 847 913 890 υἱὸν
943 848 1073 889 αὐτοῦ
1106 847 1398 900 συνεκπέμψαι
1430 846 1561 900 αὐτῷ,
1603 844 1699 886 “fra

204 937 270 964 σοι
298 920 476 963 τοῦτον”
506 919 642 974 λέγων
671 917 906 973 “γυμνάσω
937 916 1045 971 πρὸς
1075 915 1124 957 τὰ
1155 915 1377 970 πολέμια.”
1426 915 1452 956 ὁ
1483 913 1529 956 δὲ
1557 913 1698 955 πείθε-
1712 914 1759 951 27
1784 913 1821 950 D

145 991 193 1028 10
203 1006 268 1032 ται
297 989 369 1032 καὶ
399 988 471 1031 τὸν
502 989 656 1030 οἰκεῖον
689 987 806 1041 αὐτῷ
844 986 1123 1039 συνεκπέμπει
1160 984 1268 1026 υἱόν·
1308 983 1481 1038 ἐθάρρει
1520 982 1600 1037 γὰρ
1638 987 1700 1036 τῷ

203 1057 414 1113 Μανουὴλ
445 1056 516 1099 καὶ
548 1056 740 1099 ἐπίστευε.
797 1055 992 1100 κάκεῖνος
1023 1053 1159 1108 ἀπῄει,
1191 1052 1263 1094 καὶ
1293 1052 1375 1107 ἤδη
1407 1056 1492 1098 τοῖς
1516 1051 1698 1106 Ῥωμαϊ-
1712 1051 1759 1088 28

203 1131 295 1174 κοῖς
331 1126 495 1181 ἐγγίσας
530 1125 661 1179 ὁρίοις
698 1123 770 1166 τὸν
806 1127 880 1164 τοῦ
918 1123 1123 1177 ἄρχοντος
1153 1124 1238 1163 τῶν
1272 1121 1319 1163 ἐκ
1350 1125 1423 1176 τῆς
1443 1120 1576 1174 Ἅγαρ
1608 1118 1833 1162 vivaIlI
1848 1120 1914 1156 121

204 1194 553 1250 συμπαραλαβὼν
577 1190 665 1248 μετ’
689 1193 843 1247 ὀλίγων
863 1191 1136 1246 Σαρακηνῶν
1157 1190 1266 1246 ἐξῄει
1288 1190 1420 1245 δῆθεν
1439 1188 1549 1243 πρὸς
1569 1204 1697 1243 κυνη-

41 1266 73 1300 3³⁸
89 1263 190 1300 1414
204 1263 354 1318 γέσιον,
404 1262 575 1304 πολλῶν
621 1262 738 1316 αὐτῷ
782 1259 1060 1315 θεραπόντων
1106 1259 1417 1313 συνεπομένων.
1491 1258 1554 1304 ὡς
1596 1260 1699 1311 γοῦν
1711 1258 1758 1295 29

38 1328 39 1333 ’
145 1334 190 1371 15
204 1331 319 1379 ἐντὸς
348 1332 496 1387 χώρας
521 1330 755 1384 Ῥωμαίων
786 1330 956 1384 ἐγένετο,
987 1333 1049 1383 τῷ
1079 1328 1161 1382 υἱῷ
1191 1331 1264 1369 τοῦ
1290 1326 1551 1381 Ἰσμαηλίτου
1582 1341 1696 1379 περι-

202 1400 386 1454 πλακεὶς,
417 1399 499 1442 ε’σὺ
528 1399 638 1454 μέν”
668 1399 750 1454 ἔφη
771 1398 960 1450 “τέκνον,
992 1396 1229 1451 ὑπόστρεφε
1248 1394 1357 1450 πρὸς
1376 1394 1426 1437 τὰ
1448 1395 1513 1443 σά,
1545 1393 1630 1449 ἐγὼ
1653 1393 1699 1436 δὲ

200 1468 310 1525 πρὸς
324 1468 561 1524 Ῥωμαίους
580 1466 885 1522 πορεύσομαι.”
921 1464 1167 1508 ἐπανελθὼν
1189 1462 1226 1507 δ’
1249 1465 1307 1511 εἷς
1326 1463 1400 1519 τὴν
1419 1462 1698 1518 μεγαλόπολιν
1710 1464 1758 1501 30

273 1599 293 1635 1
319 1598 380 1635 καὶ
405 1599 443 1638 δς
467 1597 643 1644 ἐπανῆλθε
669 1607 746 1634 om.
772 1595 802 1634 C
907 1595 947 1632 δὲ
971 1595 1019 1640 D,
1045 1596 1083 1635 ὃς
1109 1605 1211 1631 corr.
1238 1594 1307 1633 Dw
1417 1593 1440 1629 2
1464 1593 1526 1629 καὶ
1551 1592 1599 1637 D,
1625 1592 1696 1628 ἔστι

273 1657 374 1683 corr.
401 1645 470 1685 Dw
594 1645 811 1691 ἐντυχόντων
836 1643 883 1688 D,
909 1642 1066 1690 ἐντυχὼν
1091 1649 1141 1688 τῷ
1168 1653 1270 1678 corr.
1298 1642 1366 1680 Dw
1485 1642 1508 1677 3
1533 1640 1628 1686 αὐτῷ
1653 1640 1696 1676 ἐκ

270 1694 444 1741 βασιλέως
470 1693 506 1729 D
647 1694 830 1738 κομίσαντι
857 1691 889 1728 Ο
1035 1690 1059 1727 4
1082 1704 1141 1726 πω
1157 1716 1329 1726 ........
1344 1690 1449 1725 λιτῶν
1475 1689 1522 1734 D,
1549 1694 1600 1734 τῷ
1625 1693 1697 1723 τῶν

271 1742 486 1788 ἰσμαηλιτῶν
511 1741 579 1779 Dw
676 1739 709 1776 4.
724 1740 747 1776 5
772 1740 921 1786 ἀρχηγῷ
948 1765 1150 1775 .........
1172 1739 1178 1783 Ι
1200 1738 1429 1784 στρατεύμασι
1455 1737 1503 1782 D,
1528 1736 1610 1782 ἀρχ.
1636 1736 1697 1771 καὶ

270 1790 411 1826 αἰτεῖται
435 1789 630 1834 στράτευμά
653 1789 690 1823 οἵ
712 1788 781 1827 Dw
878 1787 902 1823 4
925 1788 1057 1833 αἰτῆται
1083 1787 1180 1833 Ewp
1290 1786 1312 1822 6
1336 1785 1512 1821 ἄνταποῦο
1527 1812 1535 1819 .
1551 1811 1559 1819 .
1575 1811 1582 1820 .
1598 1811 1606 1820 .
1625 1798 1697 1823 τοις

271 1837 319 1880 D,
344 1838 555 1882 ἀνταποὸοίη
582 1837 720 1872 relicto
749 1850 819 1875 τοις
844 1846 918 1881 pro
945 1841 1013 1874 τοῖς
1039 1835 1107 1873 Dw
1213 1834 1235 1870 7
1260 1834 1490 1879 κατοιγόρους
1517 1832 1564 1875 D,
1593 1843 1695 1868 corr.

272 1885 342 1924 Dw
438 1885 461 1920 8
485 1889 556 1920 τῶν
582 1883 693 1930 pr,
719 1883 777 1919 τὸν
802 1881 896 1919 ΑΒί
921 1883 1007 1926 (sed
1033 1882 1188 1918 mavult
1213 1881 1320 1918 idem
1345 1886 1416 1916 τῶν
1442 1884 1467 1916 t.
1490 1880 1524 1915 V
1551 1891 1587 1926 p.
1612 1879 1694 1922 108)

319 1932 383 1969 σὺν
407 1933 589 1978 ἐκπέμψαι
614 1931 660 1976 D,
688 1942 788 1968 corr.
803 1931 872 1969 Dw
969 1931 1002 1967 8.
1029 1931 1052 1967 9
1080 1932 1137 1966 ἵνα
1162 1943 1217 1965 σοι
1243 1935 1364 1965 τοῦτον
1387 1929 1499 1974 λέγων
1525 1927 1629 1973 (λέγω
1645 1926 1694 1970 Α)

271 1979 417 2027 AEwp,
443 1980 554 2026 λέγων
579 1979 630 2018 ὥς
654 1979 697 2015 ἄν
721 1993 775 2014 σοι
801 1984 922 2015 τοῦτον
948 1978 980 2015 O
1127 1978 1172 2013 10
1195 1977 1271 2012 υἱὸν
1295 1976 1442 2022 AEwp,
1467 1976 1576 2011 παῖδα
1602 1975 1634 2010 Ο

274 2028 318 2064 12
342 2028 400 2064 τὸν
426 2038 501 2063 om.
526 2026 584 2062 Di
609 2027 746 2062 invitis
770 2025 906 2073 Apr
1064 2030 1135 2061 τῶν
1160 2024 1234 2070 ΒΟ,
1261 2025 1320 2061 τὸν
1345 2022 1472 2059 AEDi
1498 2023 1585 2066 (sed
1615 2033 1694 2058 ma-

272 2076 360 2112 vult
385 2076 491 2111 idem
517 2079 588 2111 τῶν
614 2079 638 2109 t.
658 2073 691 2110 V
717 2074 738 2109 1.
766 2076 826 2117 c.)‚
854 2085 928 2110 om.
957 2073 1003 2117 D,
1030 2078 1092 2109 τοῦ
1119 2073 1202 2118 w*p
1302 2072 1347 2107 13
1371 2072 1500 2117 ὀλίγων
1525 2069 1694 2116 prDz',

271 2124 387 2169 ὀλίγον
410 2121 446 2159 Α
544 2122 589 2158 14
613 2122 677 2157 οὖν
699 2121 796 2167 pr
896 2121 940 2157 17
964 2121 1158 2166 πορεύομαι
1176 2120 1225 2163 D,
1251 2120 1501 2166 proficiscor:
1533 2119 1600 2155 Wo
1627 2119 1694 2154 lat.

318 2171 358 2207 δὲ
383 2170 419 2206 D
515 2169 875 2206 κωνσταντινούπολιν
898 2168 947 2213 D,
974 2168 1146 2215 Cpolim:
1177 2169 1245 2205 Wo
1271 2168 1336 2203 lat.

200 2302 253 2339 ad
281 2312 373 2338 eum
400 2302 528 2346 mittit,
554 2301 719 2337 hortans
744 2303 790 2336 ut
814 2300 966 2336 redeat.
1017 2299 1088 2336 Iile
1114 2299 1228 2343 redit,
1255 2298 1327 2335 sed
1350 2308 1431 2344 qua
1457 2298 1625 2341 ratione,
1652 2296 1693 2332 id
1706 2293 1753 2330 24

199 2360 298 2387 vero
325 2350 478 2386 referre
504 2359 654 2395 operae
680 2349 851 2394 pretium
878 2351 955 2391 est3
994 2347 1115 2383 habet
1146 2347 1251 2382 enim
1285 2346 1579 2392 expositionem
1611 2355 1693 2380 non

199 2397 472 2434 iniucundam.
508 2395 759 2442 Congressus
778 2406 868 2431 cum
883 2395 1092 2438 monacho,
1111 2395 1177 2440 qui
1194 2394 1311 2430 iidem
1331 2404 1356 2429 a
1373 2403 1473 2439 rege
1487 2392 1694 2435 afferebat,
1707 2389 1754 2426 ‘25

200 2455 325 2492 seque
349 2444 572 2481 rediturum
599 2444 799 2489 pollicitus
825 2443 1115 2478 ismaelitarum
1144 2442 1364 2487 principem
1394 2440 1582 2486 precibus
1600 2440 1695 2484 adit,

199 2497 246 2529 ut
289 2492 491 2528 exercitus
534 2492 609 2527 sibi
652 2491 780 2534 detur,
829 2501 1001 2536 quocum
1056 2491 1260 2536 profectus
1311 2490 1350 2524 in
1396 2488 1694 2534 Cappadociam

201 2540 402 2576 deiatores
439 2549 535 2575 suos
572 2539 640 2583 (ibi
682 2539 787 2574 enim
821 2549 890 2574 eos
924 2538 1122 2579 habitare)
1162 2537 1391 2580 ulciscatur,
1431 2539 1613 2581 oratque,
1650 2539 1695 2571 ut
1708 2533 1754 2569 26

201 2589 288 2624 eius
314 2587 419 2623 filius
443 2597 527 2623 una
552 2587 745 2630 mittatur,
780 2587 848 2632 qui
877 2587 916 2621 in
943 2596 988 2621 re
1014 2585 1174 2620 militari
1201 2587 1453 2620 exerceatur.
1502 2581 1754 2629 Princepsffl

200 2634 375 2671 Manueli
401 2645 551 2671 morem
580 2635 686 2679 gerit
713 2638 762 2678 et,
790 2634 886 2679 quia
911 2633 1029 2668 fidem
1056 2634 1091 2668 ei
1120 2633 1307 2673 habebat.
1333 2642 1450 2667 suum
1470 2631 1593 2666 filium
1612 2640 1695 2666 una

201 2683 336 2727 mittit3
374 2683 431 2718 ita
468 2681 638 2718 discedit
675 2681 752 2724 iiie,
789 2691 963 2727 cumque
996 2691 1124 2727 prope
1155 2680 1255 2716 fines
1291 2679 1493 2715 Romanos
1528 2682 1693 2714 ventum
1707 2676 1755 2713 28

202 2734 318 2775 esset,
352 2735 559 2776 assumpto
592 2730 783 2775 principis
809 2728 989 2774 Agat-eni
1018 2728 1096 2763 filio
1123 2738 1213 2763 cum
1246 2727 1387 2773 paucis
1412 2725 1626 2763 Saracenis
1652 2736 1695 2762 se

202 2781 393 2814 venatum
421 2778 479 2813 ire
504 2777 676 2820 simulat,
703 2777 836 2812 multis
864 2777 1052 2811 ministris
1079 2775 1373 2818 comitantibus,
1409 2783 1583 2819 cumque
1615 2772 1754 2809 iam29

201 2826 243 2861 iu
281 2824 462 2861 Romana
496 2825 710 2884 provincia
748 2828 991 2867 versaretur,
1035 2823 1156 2859 tilium
1197 2822 1423 2858 ismaelitae
1465 2822 1695 2868 amplexus:

200 2871 296 2908 “Tu
313 2871 495 2918 quidem⁸
530 2873 661 2917 inquit
684 2872 775 2916 “iili,
802 2871 854 2907 ad
873 2875 944 2906 tua
962 2875 1180 2915 revertere,
1206 2880 1284 2914 ego
1305 2880 1402 2905 vero
1421 2869 1472 2905 ad
1493 2869 1695 2904 Romanos

203 2918 471 2970 proficiscar.”
524 2917 676 2968 Cpolim
704 2922 840 2957 autem
866 2928 1055 2957 reversus
1080 2929 1231 2967 magna
1257 2928 1347 2956 cum
1374 2917 1527 2955 laetitia
1551 2921 1611 2954 cst
1628 2915 1755 2954 ‹ax-30
