2054 3282
421 272 592 314 CRETA
616 274 704 312 FI'P
727 268 1099 313 AGARENORVM.
1148 267 1505 310 EVPHROSYNE.
1645 270 1716 307 349

343 397 566 453 Θανούσης
597 396 643 440 δὲ
672 401 746 453 τῆς
776 396 960 451 συζύγου
990 399 1052 450 τῷ
1086 394 1249 450 βασιλεῖ
1281 394 1438 440 ἐκεῖνος
1475 393 1754 447 ὗπεκρίνετοδ

217 466 296 522 μὲν
327 467 371 514 ἒς
399 466 447 508 τὸ
477 466 695 521 προφανὲς
727 465 934 519 δευτέροις
964 464 1158 519 ὁμιλῆσαι
1189 463 1338 518 γάμοις
1376 461 1436 517 μὴ
1475 461 1718 517 βούλεσθαι,
1733 465 1809 500 PII
1821 463 1934 501 140A

218 535 412 590 κρύβδην
444 534 489 577 δὲ
519 534 628 589 πρὸς
657 533 754 580 τοὺς
781 534 956 588 ἐξόχους
975 537 1048 588 τῆς
1069 532 1288 587 γερουσίας
1310 531 1556 586 διεπέμπετο
1577 531 1718 579 ἀξιοῦ-

219 604 320 645 σθαι
350 601 452 657 παρ’
485 603 626 645 αὐτῶν
657 603 802 657 ἑτέραν
833 605 906 643 τοῦ
937 601 1033 656 βίου
1054 599 1262 642 κοινωνὸν
1283 599 1593 642 εἶσοικίσασθαι.
1649 598 1756 640 καὶ9

183 672 246 726 δή
278 676 434 726 σκῆψις
470 671 533 718 ὥς
570 671 800 726 εὐπρεπής·
847 669 982 712 δεινὸν
1025 668 1106 724 γὰρ
1150 669 1313 723 ἔφασαν
1355 667 1456 710 εἶναι
1494 668 1608 723 ἡμᾶς
1642 667 1721 722 μὲν

218 740 511 795 βασιλεύεσθαι
540 739 656 794 παρὰ
688 743 780 793 σοῦ,
811 738 885 785 τὰς
917 735 954 780 δ’
978 739 1104 793 ἡμῶν
1136 737 1359 783 συνοίκους
1388 736 1601 792 βασιλίδος
1631 751 1719 778 στε-

220 808 448 863 ρίσκεσθαι.
510 808 535 850 ὁ
573 807 619 849 δὲ
656 807 862 862 πρότερον
903 806 981 862 μὲν
1027 806 1305 860 ἀκκιζόμενος
1347 804 1422 860 τὴν
1459 805 1630 853 ἀξίωσιν
1668 804 1720 846 οὗ
1736 809 1782 844 10

219 877 433 930 προσίετο·
470 876 761 930 λιπαρούντων
793 873 830 917 δ’
864 875 1036 917 ἐκείνων
1067 877 1218 921 πίστεις
1249 874 1295 923 ἐξ
1325 874 1466 916 αὐτῶν
1497 873 1654 928 ἀπῄτει,
1687 873 1725 914 εἰ
1736 877 1779 913 11

221 944 440 999 βούλοιντο
483 944 714 998 ἀγαγέσθαι
751 943 878 986 αὐτὸν
919 943 1122 998 βασιλίδα,
1167 943 1229 989 ὡς
1272 942 1344 984 καὶ
1385 941 1489 997 μετὰ
1532 941 1721 983 θάνατον

164 1019 210 1055 10
223 1013 353 1054 αὐτοῦ
383 1013 624 1068 βασίλισσαν
654 1012 806 1068 ταύτην
837 1013 975 1061 ἕξουσι
1005 1011 1077 1053 καὶ
1106 1010 1155 1052 τὰ
1178 1011 1225 1053 ἔκ
1246 1011 1398 1065 ταύτης
1419 1011 1536 1064 αὐτῷ
1557 1009 1720 1064 φυησό-

222 1096 329 1136 μενα
362 1081 424 1127 ὡς
453 1081 649 1136 βασιλέας
678 1081 906 1136 τιμήσουσι.
966 1083 1093 1121 ταῦτα
1127 1079 1173 1122 δὲ
1197 1083 1282 1121 τῶν
1303 1083 1376 1134 τῆς
1397 1078 1631 1133 συγκλήτου
1653 1078 1720 1132 ἒγ-
1737 1083 1782 1119 12

224 1149 405 1205 γράφως
435 1150 553 1203 αὐτῷ
583 1149 958 1204 ἐπαγγειλαμένων,
990 1149 1185 1195 κάκεῖνος
1216 1148 1356 1195 αὐτοῖς
1385 1147 1721 1202 προσεποιήσατο

223 1218 445 1260 πείθεσθαι
476 1218 547 1259 καὶ
584 1218 837 1266 εἷσοικίζεται
875 1217 1051 1271 γυναῖκά
1094 1232 1194 1265 τινα,
1237 1217 1450 1271 θυγατέρα
1494 1216 1723 1270 λεγομένην
1737 1221 1767 1256 Β

225 1287 418 1341 γενέσθαι
448 1290 522 1328 τοῦ
548 1285 868 1340 βασιλεύσαντος
888 1285 1221 1340 Κωνσταντίνου,
1254 1286 1303 1327 ὃν
1324 1286 1350 1340 ἡ
1371 1285 1523 1340 μήτηρ,
1556 1284 1618 1330 ὡς
1638 1284 1721 1366 ἤδη

4 1326 40 1395 1¹³⁸
69 1362 127 1399 111
140 1362 212 1399 399
225 1355 468 1410 ἔμπροσθεν
505 1356 673 1410 εἴρηται,
717 1355 1012 1410 ἐξετύφλωσεν.
1074 1354 1127 1410 ἦν
1159 1352 1196 1396 δ’
1229 1354 1334 1409 αὕτη
1366 1353 1606 1407 κεκαρμένη
1637 1351 1723 1407 πρὸ
1739 1358 1783 1394 13

223 1424 412 1470 πλείονος
449 1423 520 1465 καὶ
555 1423 600 1465 ἐν
629 1427 679 1478 τῇ
709 1424 828 1478 νήσῳ
858 1427 908 1478 τῇ
939 1422 1176 1478 Πρίγκιπος
1205 1427 1294 1469 ταῖς
1324 1422 1609 1476 ἆσκουμέναις
1641 1421 1730 1462 ἐκεῖ

226 1553 244 1588 1
271 1554 368 1593 ὅπως
394 1553 456 1589 καὶ
479 1554 553 1589 τίνα
579 1553 744 1599 δευτέραν
771 1552 924 1600 γαμετὴν
948 1553 1086 1600 εἰλήφει
1112 1554 1134 1589 δ
1156 1552 1306 1599 Μιχαήλ
1333 1551 1396 1589 ΟΕ

298 1683 317 1718 1
344 1682 459 1728 ἀπεκρ
462 1682 551 1717 [vno
576 1681 607 1717 B
704 1681 727 1717 2
751 1681 787 1721 ἒς
804 1680 924 1727 ABD,
951 1682 1001 1722 εἷς
1019 1681 1188 1729 prDi‚
1214 1692 1252 1717 V.
1271 1680 1325 1717 ad
1343 1680 1435 1717 XIV
1454 1680 1509 1725 12,
1527 1679 1573 1715 14
1667 1678 1725 1725 γά-

297 1744 378 1776 μοις
401 1730 565 1775 ὁμιλῆσαι
592 1729 627 1764 D
699 1729 764 1776 μὴ]
791 1730 834 1765 οὔ
860 1729 891 1765 Β
964 1730 988 1766 3
1013 1730 1093 1770 τοὺς
1111 1735 1172 1776 τῆς
1191 1743 1264 1776 γερ.
1283 1729 1429 1774 ἐξόχους
1455 1727 1487 1764 Ο
1561 1728 1594 1763 3.
1609 1727 1632 1762 4
1657 1728 1726 1762 διε-

298 1778 452 1823 πέμπετο
476 1778 700 1819 ἀξιοῦσθαι
689 1777 774 1822 παρ’
793 1777 910 1814 αὐτῶν
937 1777 1016 1822 ΑΕ,
1044 1779 1327 1823 διαπεμπόμενος
1353 1777 1542 1818 ἀξιοῦσθαι
1567 1775 1651 1820 παρ’
1667 1774 1727 1810 αὗ·

299 1831 372 1861 τῶν
387 1826 650 1871 παρεσκεύαζεν
668 1825 765 1871 pr
864 1826 886 1862 7
906 1827 1076 1871 πρότερον
1093 1845 1136 1851 -
1151 1827 1174 1861 8
1198 1826 1346 1861 ἐκείνων
1368 1822 1535 1893 ΟννΡΒὶ,
1563 1834 1639 1859 om.
1657 1822 1727 1858 ΑΕ

301 1875 323 1910 7
344 1873 552 1918 αἰκιζόμενος
570 1873 614 1918 Ο,
641 1884 743 1909 corr.
741 1837 839 1918 p‚Dw
865 1873 1097 1919 ἀκκιτόμενος
1118 1873 1188 1918 w*,
1215 1873 1425 1918 ἀκιζόμενος
1443 1871 1490 1918 Ρ*
1587 1872 1610 1907 8
1626 1884 1728 1916 προς·

300 1958 368 1992 ίετο
394 1955 521 1993 01)Βὶ
546 1957 624 1992 vol.
651 1956 684 1992 V
710 1967 747 2003 p.
774 1956 854 2002 105,
879 1971 905 1992 π
906 1959 999 2003 ροςίε
1027 1957 1068 2003 Β,
1093 1958 1269 2002 προςιεται
1299 1955 1423 2002 wpDi
1548 1955 1588 1996 ἐξ
1612 1954 1730 1990 αὐτῶν

301 2015 377 2040 om.
403 2004 435 2040 Ο
524 2004 568 2039 10
591 2004 755 2051 βασιλίδα
780 2004 878 2051 pr
951 2005 1090 2051 ἐκείνην
1117 2005 1149 2041 Ο
1237 2005 1278 2040 ἐκ
1305 2005 1431 2049 ταύτης
1457 2003 1554 2048 αὐτῷ
1580 2002 1728 2048 AEwp,

298 2053 337 2094 ἐξ
353 2052 461 2098 αὐτῆς
480 2051 512 2088 Ο
612 2052 731 2088 1213
757 2053 875 2092 αὐτοῖς
891 2053 1167 2099 προςεποιησατο
1184 2053 1375 2088 πείθεσθαι
1399 2052 1596 2095 (πεισεσθαι
1613 2051 1642 2085 E
1645 2049 1728 2091 Dw)

301 2100 370 2135 ΛΕ
375 2100 452 2145 Dw,
478 2099 631 2135 ἐνέδωκε
656 2100 767 2146 δῆθεν
792 2105 852 2146 τῆς
879 2100 970 2145 (om.
990 2100 1051 2147 Bl)
1076 2101 1323 2146 πεπλασμένης
1349 2099 1606 2144 (πεπλασμένας
1627 2098 1728 2143 w*p)

299 2148 492 2187 ἒνστάσεως
517 2147 615 2193 pr
715 2147 759 2183 14
786 2151 926 2194 postu
899 2148 1016 2194 τμήρ
1043 2149 1135 2184 add.
1161 2148 1282 2194 εἰρήνη
1262 2147 1407 2193 rJpr
1506 2147 1575 2192 ἤδη
1605 2156 1679 2181 om.
1699 2145 1729 2180 1⁴}

302 2196 347 2230 15
371 2197 504 2241 εἴρηται
523 2195 726 2240 ἔμπροσθεν
745 2195 776 2230 Ε
873 2196 1019 2241 εἴρηται]
1039 2195 1111 2232 XV
1133 2197 1186 2241 13,
1205 2197 1228 2232 6
1242 2206 1291 2231 Ss.
1389 2195 1475 2240 αὕτη
1495 2193 1575 2239 AE,
1601 2194 1622 2239 ἡ
1641 2192 1728 2239 γυνὴ

301 2243 399 2290 pr
518 2242 607 2288 πρὸς
634 2242 664 2278 Ε
791 2243 836 2279 16
861 2248 903 2289 τῇ
929 2247 1024 2279 ante
1048 2244 1169 2290 πρίγκ.
1197 2254 1272 2279 om.
1301 2242 1332 2277 B
1455 2243 1654 2288 Πριγγίπου
1681 2240 1729 2286 D,

300 2291 494 2337 πριγκίπου
521 2289 590 2329 Dw

350 2421 510 2458 Interea
537 2433 607 2458 rex
636 2431 767 2458 uxore
800 2425 960 2458 mortua
995 2432 1037 2458 so
1064 2432 1089 2457 a
1114 2421 1303 2458 secundis
1329 2422 1480 2468 nuptiis
1511 2420 1767 2458 abhorrereS

231 2470 365 2517 palam
393 2480 490 2516 prae
517 2480 560 2505 so
588 2472 734 2514 s‚erens
773 2472 874 2505 ciam
909 2470 961 2505 ad
995 2470 1196 2516 principes
1231 2474 1396 2505 senatus
1427 2469 1545 2513 misit,
1583 2472 1630 2503 ut
1654 2468 1730 2513 ipsi

233 2522 428 2564 peterent,
469 2521 514 2553 ut
551 2518 718 2553 alteram
759 2518 926 2553 duceret
968 2518 1276 2554 uxorem.1‹:a
1318 2517 1519 2552 simulatio
1563 2516 1768 2553 honestas)

232 2566 367 2612 specie
406 2575 488 2601 non
523 2566 706 2610 carebat,
743 2575 877 2611 nequo
908 2567 1013 2601 onim
1041 2566 1260 2601 convenire
1287 2565 1476 2600 dicebant
1502 2574 1546 2600 so
1572 2564 1680 2609 ipsos
1707 2574 1732 2598 a

232 2623 332 2659 rege
358 2613 520 2659 quidem
547 2613 781 2659 gubernari,
819 2623 971 2649 uxores
1005 2624 1101 2649 vero
1128 2623 1224 2649 suas
1250 2613 1433 2659 reginam
1461 2622 1542 2648 non
1569 2611 1731 2647 habore.

232 2660 303 2697 Ille
329 2671 426 2697 vero
453 2670 540 2696 eam
576 2661 808 2707 petitionem
844 2661 1042 2707 principio
1085 2660 1395 2706 tergiversando
1433 2659 1619 2706 reppulit,
1660 2658 1732 2695 sed
1747 2660 1803 2696 10.
1831 2660 1875 2696 11

232 2709 307 2743 iilis
344 2708 588 2744 instantibus
613 2709 775 2764 petivit,
814 2714 871 2753 ut,
909 2709 940 2744 si
967 2709 1115 2744 vellent
1142 2709 1325 2764 reginam
1359 2707 1463 2747 duci,
1502 2707 1621 2743 iidem
1655 2706 1731 2741 sibi

232 2756 375 2792 darent
409 2766 452 2792 se
487 2766 575 2791 eam
611 2756 697 2802 ipso
733 2766 897 2802 quoque
930 2761 1088 2792 mortuo
1122 2757 1306 2802 reginam
1332 2756 1546 2801 agnituros
1572 2759 1611 2790 et
1638 2754 1731 2790 iibe-

233 2814 298 2839 ros
330 2813 380 2839 ex
414 2813 463 2839 ea
495 2809 612 2839 natos
644 2807 689 2839 ut
714 2814 834 2850 reges
861 2814 948 2840 esse
975 2805 1255 2839 honoraturos.
1307 2803 1420 2845 Quae
1447 2813 1538 2838 cum
1566 2805 1731 2838 senatus
1747 2803 1792 2839 12

231 2852 380 2897 scripto
400 2852 658 2897 promisisset,
684 2855 723 2887 et
741 2852 826 2897 ipse
846 2862 888 2887 se
908 2852 1052 2887 cedere
1071 2851 1286 2896 simulavit,
1313 2860 1443 2886 uxore
1463 2850 1597 2894 ducta,
1624 2859 1730 2895 quae

232 2899 313 2934 fllia
337 2898 587 2935 Constantini
620 2909 646 2934 a
677 2904 815 2944 matre,
854 2904 899 2935 ut
925 2899 1111 2942 diximus,
1153 2899 1360 2934 excaecati
1394 2908 1483 2934 esse
1519 2898 1732 2933 dicebatur

232 2950 272 2983 et
296 2946 422 2983 multo
448 2949 543 2983 anto
569 2949 686 2983 tonsa
710 2947 815 2984 inter
840 2946 1059 2984 monachas
1086 2946 1271 2994 religioni
1298 2946 1338 2982 in
1374 2946 1506 2982 insula
1534 2945 1732 2993 Principis
1749 2946 1792 2986 13
