2054 3282
402 210 734 251 IVSTINIANVS
759 210 798 250 11
822 209 1132 250 RECVPERAT
1157 194 1424 248 mpssva.
1593 207 1663 249 237

166 336 369 392 κεφαλήν.
430 335 501 379 καὶ
538 337 586 382 ὃς
623 335 821 378 συνέθετο
861 335 931 377 καὶ
976 335 1054 377 δύο
1097 333 1209 380 τινὰς
1251 337 1337 375 τῶν
1379 333 1669 389 ᾠκειωμένων
1687 339 1730 374 10

166 405 284 459 αὐτῷ
312 404 471 451 στείλας
503 405 546 446 ἓν
574 405 829 459 ἀπορρήτοις
851 404 1072 446 ἐνετείλατο
1093 403 1165 445 τὸν
1179 401 1470 444 Ἰουστινιανὸν
1491 402 1668 444 ἀνελεῖν·

168 474 192 515 ὃ
226 473 294 515 διὰ
329 473 486 515 δούλου
516 473 722 528 μαθοῦσα
754 474 779 527 ἡ
818 472 1026 526 Θεοδώρα
1058 477 1120 527 τῷ
1151 471 1271 526 ἀνδρὶ
1307 470 1583 525 καταγγέλλει.
1645 471 1741 512 611.

169 542 215 584 δὲ
245 542 342 588 τοὺς
374 542 645 588 ἐνταλθέντας
677 541 804 583 αὐτὸν
835 541 991 583 ἀνελεῖν
1023 541 1105 595 ἰδίᾳ
1136 540 1534 595 προσκαλεσάμενος
1571 540 1669 580 ἔκα-
1685 544 1714 581 C

131 619 266 654 ἶιστον
297 611 454 666 ἀγχόνῃ
487 611 685 665 στερίσκει
716 614 790 651 τοῦ
823 611 900 665 ζῆν
930 609 1001 651 καὶ
1032 609 1106 664 τὴν
1136 609 1214 664 μὲν
1236 607 1471 662 Θεοδώραν
1495 609 1554 654 εἷς
1574 607 1669 649 Χα-

168 679 316 733 ζαρίαν
347 680 594 734 ἐξέπεμψεν,
634 678 761 724 αὐτὸς
793 678 839 720 δὲ
870 679 928 724 εἷς
959 678 1109 720 ἁλιάδα
1141 677 1394 732 ἐμβεβηκὼς
1424 677 1669 731 ἀπέπλευσε,

167 747 276 802 πρὸς
300 747 491 802 Τέρβελιν
512 747 650 790 ἀπιὼν
669 746 741 789 τὸν
762 750 847 789 τῶν
870 746 1135 801 Βουλγάρων
1157 746 1399 801 ἕξάρχοντα.
1450 745 1671 791 κλύδωνος
1685 751 1730 786 13

170 816 216 859 δὲ
245 816 431 871 μεγάλου
470 816 768 871 κατειληφότος
808 815 935 858 αὐτὸν
974 815 1018 857 ἓν
1056 820 1118 869 τῷ
1160 815 1308 869 πλέειν,
1352 814 1581 857 καταδῦναι
1623 813 1671 856 τὸ

169 885 386 939 πλοιάριον
423 884 670 927 ἐκινδύνευε.
733 888 819 926 τῶν
851 883 897 926 δὲ
929 883 1228 938 συμπλεόντων
1258 883 1579 938 ἐπαγγείλασθαι
1609 888 1671 938 τῷ
1687 889 1731 924 14

113 963 159 998 10
171 954 264 1008 θεῷ
296 953 673 1009 συμβουλευόντων
703 954 833 1007 αὐτῷ,
865 954 903 994 εἷ
928 953 1184 1007 περισωθείη
1217 952 1288 994 καὶ
1312 952 1386 1007 τὴν
1407 951 1543 1007 ἀρχὴν
1564 952 1670 993 ἀπο-

170 1023 360 1078 λήψοιτο,
403 1023 463 1077 μή
500 1039 535 1063 τι
572 1021 708 1064 κακὸν
744 1025 829 1067 τοῖς
866 1021 956 1063 κατ’
995 1021 1125 1063 αὐτοῦ
1157 1022 1395 1075 γενομένοις
1427 1021 1671 1075 ἐπενεγκεῖν,

171 1092 330 1137 ἐκεῖνος
367 1091 436 1132 “ει’
470 1092 669 1146 φείσομαι
699 1091 860 1132 τούτων
871 1090 898 1105 ”
934 1091 1016 1144 ἔφη
1048 1090 1199 1143 “τινός,
1244 1090 1391 1131 αὐτίκα
1425 1105 1670 1131 καταποντι-

12 1172 157 1217 5721327
173 1159 318 1214 σθείην
339 1159 465 1201 ὡδί.”
525 1158 779 1214 περισωθεὶς
811 1157 888 1200 οὗν
919 1158 990 1199 καὶ
1019 1163 1082 1212 τῷ
1111 1174 1196 1200 των
1217 1158 1531 1213 Βουλγάρων”
1503 1173 1673 1214 αρχοντι
1686 1165 1731 1200 15

12 1219 38 1241 Ὢ·
171 1228 425 1283 προσελθὼν
456 1228 527 1269 καὶ
556 1227 722 1269 πλεῖστα
754 1228 1003 1282 παρασχών,
1048 1227 1151 1269 ἄλλα
1191 1243 1332 1282 μεντοι
1369 1226 1440 1290 καὶ
1476 1228 1722 1281 παρέχεινΙ)

114 1297 534 1351 15ἒπαγγειλάμενος,
566 1296 603 1338 εἰ
630 1293 730 1350 παρ’
765 1296 894 1338 αὐτοῦ
925 1296 1155 1350 καταχθείη
1187 1295 1296 1350 πρὸς
1320 1283 1395 1350 τὴν
1414 1294 1673 1349 προγονικὴν

172 1365 393 1420 βασιλείαν,
437 1364 508 1407 καὶ
546 1365 621 1419 τὴν
659 1365 872 1419 θυγατέρα
905 1364 1022 1418 αὐτῷ
1054 1365 1246 1412 συζεῦξαι
1277 1363 1673 1418 καθ-υποσχόμενος,

173 1433 249 1476 σὺν
280 1433 426 1488 ἐκείνῳ
456 1433 559 1487 μετὰ
595 1434 862 1488 βαρβαρικῆς
897 1434 1070 1488 βαρείας
1109 1433 1331 1487 δυνάμεως
1367 1431 1442 1486 τὴν
1480 1433 1671 1486 ὗπερκει-
1687 1440 1733 1475 16

171 1503 302 1557 μένην
339 1502 575 1557 κατειλήφει
614 1505 699 1543 τῶν
734 1502 901 1544 πόλεων
937 1501 1008 1543 καὶ
1037 1501 1122 1556 πρὸ
1153 1505 1239 1543 τῶν
1269 1505 1417 1556 τειχῶν
1449 1516 1673 1556 στρατοπε-

174 1650 219 1686 13
243 1651 292 1685 ὅτι
316 1649 404 1696 μετὰ
429 1654 500 1686 τῶν
524 1650 746 1696 Βουλγάρων
770 1656 811 1696 τῇ
836 1649 934 1686 πόλει
961 1650 1229 1695 ἐπιστρατεύσας
1245 1650 1389 1694 νύκτωρ
1414 1649 1508 1688 ἐντὸς
1533 1649 1675 1696 εἰσῆλθε

172 1697 232 1735 διὰ
257 1703 317 1734 τοῦ
341 1697 482 1744 ἀγωγοῢ
508 1697 572 1734 ΟΕ

244 1841 268 1877 3
292 1842 333 1877 ὃν
358 1839 406 1887 p*
433 1841 571 1877 invitis
597 1840 704 1876 ARW
802 1841 908 1877 δόλου
934 1841 966 1876 Ε
1063 1841 1086 1876 8
1110 1842 1304 1877 καταδῦναι
1332 1840 1498 1902 EwpDi,
1524 1841 1674 1877 καταδύ-

245 1902 300 1925 ναι
327 1889 397 1924 ΑΟ
523 1890 545 1924 9
569 1889 770 1924 ἐκινδύνευε
796 1888 905 1935 pr‚
932 1890 1016 1935 ἐκιν
1013 1888 1133 1924 ὅύνασ
1158 1893 1286 1924 mutat
1313 1889 1352 1924 in
1378 1887 1584 1925 ἓκινδύνευσ
1609 1890 1673 1925 vel

245 1937 428 1972 ἓκινόύνευ
454 1936 500 1981 Α,
526 1937 750 1972 ἐκινδύνευσε
775 1937 831 1972 Di
930 1937 976 1972 12
1001 1938 1071 1983 ἔφη
1098 1937 1232 1972 τούτων
1255 1937 1285 1971 Β
1386 1938 1430 1972 13
1456 1952 1516 1973 και
1543 1948 1618 1973 0111.
1638 1936 1674 1971 D

247 1985 293 2020 14
315 1998 456 2031 παρασχ
459 1984 511 2020 ὼν
536 1984 708 2031 prDi,
734 1991 928 2030 παρασχεῖν
952 1984 1024 2020 AR
1147 1985 1191 2020 15
1215 1985 1360 2031 γονικὴν
1386 1985 1416 2020 l]
1543 1986 1587 2022 17
1613 1986 1675 2032 βα-

245 2033 341 2079 ρείας
367 2031 535 2079 prDi,
565 2043 641 2068 om.
668 2032 703 2068 A
805 2033 847 2069 18
872 2033 1170 2078 στρατευσάμενος
1197 2032 1226 2069 C

175 2177 388 2223 pecuniam
416 2186 487 2222 per
513 2176 676 2212 nuntios
691 2177 904 2222 pollicitus,
930 2177 961 2212 si
978 2176 1189 2212 Iustiniani
1205 2180 1329 2223 caput
1355 2176 1407 2212 ad
1434 2187 1477 2212 se
1491 2177 1674 2221 misisset,

175 2224 227 2260 ab
255 2234 303 2260 oo
318 2225 516 2270 impetrat,
542 2227 588 2259 ut
613 2224 716 2260 duos
743 2235 765 2259 e
791 2225 874 2260 suis
902 2225 1167 2260 familiaribus
1194 2225 1368 2270 ableget,
1396 2225 1463 2270 qui
1491 2224 1735 2261 luscinia-10

176 2282 271 2307 num
312 2275 467 2307 secreto
495 2272 691 2307 tollerent.
742 2272 830 2314 Quo
874 2282 946 2318 per
973 2282 1133 2307 servum
1163 2273 1326 2318 cognito
1354 2271 1570 2308 Theodora
1596 2274 1733 2309 ma·11

177 2320 297 2356 ritum
324 2324 571 2366 praemonet.
623 2319 692 2355 Ille
719 2320 844 2366 igitur
859 2319 961 2355 duos
987 2320 1074 2355 illos
1093 2321 1257 2355 seorsim
1273 2321 1497 2363 arcessitos,
1524 2323 1675 2355 utrum·
1689 2322 1734 2357 1⁶2

178 2377 258 2414 que
286 2367 432 2414 laqueo
461 2368 670 2414 praefocat
695 2368 864 2414 ipseque
890 2367 1105 2403 Theodora.
1140 2369 1180 2402 in
1208 2367 1443 2404 Chazariam
1483 2367 1675 2414 ablegata

178 2415 408 2451 naviculam
436 2415 680 2460 conscendit,
707 2415 758 2451 ad
786 2415 999 2459 Tei-belim,
1028 2415 1298 2462 Bulgarorum
1327 2416 1560 2462 principem,
1587 2425 1675 2461 pro-

179 2464 371 2499 fecturus.
421 2462 466 2498 In
486 2473 535 2498 ea
558 2463 822 2510 navigatione
849 2473 999 2509 magna
1025 2467 1264 2508 tempestate
1291 2467 1390 2506 orta,
1418 2463 1608 2498 navicula
1634 2463 1674 2498 in
1692 2465 1735 2500 13

179 2511 358 2557 periculo
385 2511 673 2547 submersionis
689 2511 942 2547 versabatur.
993 2511 1167 2546 Monitus
1181 2512 1306 2557 igitur
1333 2511 1383 2545 ab
1412 2510 1469 2554 iis,
1497 2511 1565 2556 qui
1591 2521 1675 2546 una
1689 2512 1735 2548 14

179 2559 443 2604 navigabant,
480 2562 526 2594 ut
558 2562 696 2594 votum
729 2559 882 2595 faceret
915 2558 990 2594 deo
1024 2569 1078 2603 se,
1117 2560 1149 2593 si
1177 2559 1372 2594 evasisset
1398 2558 1609 2594 incolumis
1636 2562 1676 2595 et

178 2616 366 2667 regumn
385 2606 616 2652 recepisset,
654 2607 815 2642 veniam
849 2607 1036 2642 omnibus
1069 2607 1151 2642 suis
1190 2606 1435 2642 adversariis
1474 2606 1674 2650 (laturum,

178 2654 240 2689 “si
268 2653 354 2689 cui’
355 2653 520 2699 ’inquit
544 2653 732 2690 “illorum
760 2664 992 2700 pepercero,
1019 2655 1150 2690 statim
1179 2654 1242 2689 hie
1268 2653 1551 2700 sul)1nergar.'’
1576 2653 1674 2690 Cum
1690 2655 1736 2691 15

180 2707 316 2738 autem
343 2701 481 2737 salvus
505 2701 571 2737 ad
610 2701 879 2748 Bulgarorum
919 2713 1100 2749 princip(
1105 2713 1140 2737 m
1181 2702 1433 2748 pervenisset
1468 2701 1676 2758 multaqu(

181 2750 216 2784 ei
244 2749 420 2785 dedisset
448 2759 574 2795 seque
601 2749 791 2785 daturum
820 2750 1078 2797 promisissnt
1117 2751 1149 2784 si
1177 2750 1229 2785 ab
1269 2760 1316 2785 oo
1344 2749 1609 2785 reduceretm
1634 2750 1676 2785 in

180 2797 334 2833 avitum
361 2807 545 2843 regnum,
573 2801 612 2833 et
625 2798 788 2844 nuptias
815 2798 919 2833 filiae
945 2808 1044 2833 suae
1071 2798 1123 2833 illi
1140 2797 1350 2843 pollicitus,
1378 2807 1468 2832 cum
1494 2797 1560 2832 illo
1589 2798 1735 2835 bar-16

180 2844 372 2880 barorum
411 2845 536 2891 copiis
573 2845 808 2891 ingentibus
846 2846 1036 2881 subnisus
1068 2845 1317 2892 metropolim
1357 2845 1598 2891 aggreditur
1636 2851 1676 2882 et

182 2893 323 2929 castris
349 2896 443 2929 ante
469 2893 627 2928 moenia
656 2893 794 2939 positis
821 2894 969 2929 civium
998 2894 1152 2929 animos
1180 2896 1393 2940 pertentat,
1431 2902 1520 2928 cum
1549 2894 1595 2929 iis
1625 2894 1674 2930 «le
