1968 3302
596 231 936 272 MAGNENTIVS
961 230 1029 269 ET
1055 221 1334 266 VETRANIO.
1676 226 1723 263 37

222 360 301 417 γὰρ
333 359 404 403 καὶ
436 359 707 413 ΣΠασσαγέται
737 362 787 414 τῇ
818 356 994 412 Περσίδι
1025 355 1269 411 ἒπήλθοσαν
1300 352 1372 394 καὶ
1409 351 1515 405 αὐτῇ
1553 350 1720 404 ἐλυμαί-

221 446 351 472 νοντο.
414 428 707 475 Κωνστάντιος
744 427 790 470 δὲ
821 427 846 469 ὁ
875 425 1067 482 βασιλεὺς
1102 424 1177 479 τὴν
1213 423 1291 478 μὲν
1322 422 1489 477 Νίσιβιν
1525 420 1720 475 κατωχύ-
1738 418 1785 455 14·

221 515 335 553 ρωσε
365 499 436 540 καὶ
467 497 564 544 τοὺς
593 497 763 543 πολίτας
794 497 922 551 αὐτῆς
951 495 1218 550 ἀνεκτήσατο,
1251 492 1378 539 αὐτὸς
1400 491 1460 544 δέ,
1493 491 1723 545 ἀνακωχῆς

222 569 303 624 ἤδη
334 573 384 624 τῇ
415 567 504 622 ἑῴᾳ
536 567 762 621 γενομένης
793 566 840 608 ἐκ
871 568 957 607 τῶν
981 563 1179 618 Περσῶν,
1211 561 1321 618 πρὸς
1350 561 1399 603 τὰ
1431 561 1601 614 ἑσπέρια
1633 559 1721 614 ὤρ-

185 636 339 693 5μησε.
406 637 481 678 καί
515 636 555 678 οἱ
593 635 826 690 ἀγγέλλεται
863 633 1106 688 Βετρανίων
1141 631 1481 685 κοινοπραγήσας
1519 635 1581 684 τῷ
1622 628 1720 670 Μα-
1737 626 1782 662 15
1809 625 1838 663 C

221 706 400 761 γνεντίῳ.
462 708 547 747 τῶν
583 704 663 759 γὰρ
694 703 795 758 παρ’
830 703 1037 757 Ἰλλυριοῖς
1067 701 1215 756 ἄρχων
1246 698 1370 746 οὗτος
1400 697 1722 754 στρατευμάτων
1738 695 1782 730 16

219 775 438 830 τυγχάνων
469 773 540 815 καὶ
569 773 730 828 μαθὼν
751 777 824 814 τοῦ
848 771 1110 826 ΆΙαγνεντίου
1142 769 1216 824 τὴν
1247 769 1523 811 ἐπανάστασιν
1554 766 1626 809 καὶ
1650 765 1722 808 τὸν

220 843 354 899 φόνον
385 848 458 885 τοῦ
490 843 767 888 Κώνσταντος
799 842 878 896 οὐχ
908 842 1049 888 ὑπεῖξε
1079 844 1141 894 τῷ
1170 838 1482 893 τυραννήσαντι,
1515 835 1618 878 ἀλλὰ
1650 835 1722 877 καὶ

220 913 346 960 αὐτὸς
367 913 576 967 ἑτέρωθεν
596 911 805 966 τυραννίδι
827 909 1123 964 ἐπικεχείρηκε.
1185 913 1247 962 τῷ
1263 906 1547 960 Κωνσταντίῳ
1572 902 1609 947 δ’
1634 905 1720 946 ἕπι-
1738 902 1782 938 17

163 982 208 1018 10
220 982 399 1024 στέλλων
428 982 539 1036 ἔλεγε
559 986 622 1035 τῷ
642 980 835 1034 τυράννῳ
858 977 1229 1020 ἀντικαθίστασθαι
1250 976 1322 1018 καὶ
1343 974 1471 1018 αὐτὸν
1493 973 1722 1029 ἀφικέσθαι

220 1052 277 1097 εἷς
298 1051 458 1092 ἐκείνου
480 1049 702 1091 κατάλυσιν
722 1048 978 1103 κατήπειγεν.
1012 1046 1077 1088 ε’πὶ
1094 1046 1327 1100 συνθήκαις
1345 1043 1420 1086 οὖν
1437 1044 1462 1086 ὁ
1478 1042 1723 1098 Βετρανίων
1738 1041 1782 1076 18

219 1120 290 1162 καὶ
321 1120 346 1161 ὁ
368 1119 627 1173 ᾹῙαγνέντιος
658 1117 848 1172 ἀλλήλοις
879 1116 1144 1170 σπεισάμενοι
1174 1115 1368 1168 πρέσβεις
1399 1114 1534 1167 ἄμφω
1566 1114 1723 1157 κοινῶς

219 1188 328 1243 πρὸς
344 1188 415 1230 τὸν
433 1187 724 1229 Κωνστάντιον
740 1185 986 1238 στέλλουσιν,
1010 1185 1221 1233 ἀξιοῦντες
1237 1182 1366 1224 αὗτὸν
1386 1181 1652 1223 καταθέσθαι
1672 1179 1722 1221 τὰ

221 1258 328 1299 ὅπλα
361 1256 432 1299 καὶ
462 1256 536 1310 τὴν
566 1256 740 1310 πρώτην
771 1256 877 1309 ἔχειν
907 1254 1039 1308 τιμήν.
1101 1252 1195 1307 περὶ
1227 1256 1329 1306 γοῦν
1354 1250 1428 1306 τὴν
1449 1255 1521 1305 τῆς
1548 1249 1723 1305 Θρᾴκης
1737 1247 1782 1283 19

163 1325 468 1380 15ἹῙράκλειαν
498 1324 734 1379 ἐντυχόντες
766 1325 806 1365 οῖ
835 1323 1028 1378 πρέσβεις
1058 1326 1120 1376 τῷ
1151 1320 1429 1375 αὐτοκράτορι
1459 1318 1508 1360 τὰ
1528 1335 1722 1374 ,μεμηνυ-

219 1396 326 1450 μένα
367 1395 407 1436 οἱ
445 1393 706 1448 ἀπήγγειλαν.
769 1392 793 1434 ὁ
826 1392 871 1434 δὲ
903 1392 947 1433 ἒν
985 1390 1174 1445 φροντίδι
1213 1388 1280 1431 διὰ
1317 1392 1445 1430 ταῦτα
1486 1387 1722 1442 γενόμενος,
1736 1386 1784 1422 20
1808 1385 1845 1421 D

220 1463 371 1510 νυκτὸς
409 1463 703 1517 ἐπιγενομένης
746 1462 851 1515 ὄναρ
896 1461 978 1515 ὁρᾷ
1016 1463 1214 1501 τοιοῦτον.
1278 1458 1415 1500 ἐδόκει
1453 1456 1526 1499 τὸν
1562 1457 1723 1511 πατέρα
1736 1454 1782 1490 21

220 1603 242 1640 5
267 1605 318 1639 ὅτι
344 1603 404 1639 καὶ
429 1603 631 1647 Βετρανίων
657 1602 833 1648 τυραννίδι
859 1600 1127 1646 ἐπικεχείρηκεν
1154 1597 1184 1635 C
1283 1598 1329 1634 17
1354 1598 1440 1644 ὄναρ
1466 1603 1517 1644 τῷ
1535 1598 1724 1634 Κωνσταν-

220 1653 284 1698 τίῳ
308 1652 424 1698 ὀφθέν
449 1650 551 1688 ACE

294 1785 312 1819 1
339 1785 528 1830 μασαγέται
543 1781 757 1829 DszpDz‘
829 1782 863 1818 3.
876 1781 899 1817 4
924 1782 993 1827 ἤδη
1008 1781 1203 1826 ἀνακωχῆς
1218 1780 1250 1815 Ε
1323 1779 1347 1815 4
1365 1779 1530 1824 ὥρμῆσαι
1545 1778 1593 1822 D,
1622 1788 1724 1814 corr.

293 1833 362 1871 Dw
459 1833 482 1868 5
506 1833 701 1878 βετρανίων
726 1830 798 1866 AR
823 1833 905 1866 tres
924 1830 994 1876 Pp,
1020 1830 1236 1875 βρεττανίων
1263 1827 1372 1863 DEW
1469 1827 1492 1862 9
1517 1826 1668 1871 ἑτέρωθι
1687 1825 1724 1861 D

295 1881 336 1916 11
367 1882 559 1916 κατάλυσιν
583 1880 721 1915 ἐκείνου
747 1878 823 1921 BC,
849 1878 911 1924 τὴν
933 1878 1071 1913 ἐκείνου
1098 1877 1289 1912 κατάλυσιν
1315 1874 1477 1920 prDi
1619 1874 1725 1920 κατή-

292 1943 409 1974 πειγεν
420 1927 531 1974 Awp,
559 1929 759 1973 κατέπειγεν
774 1927 815 1971 Ε,
842 1926 1052 1962 ε’πέσπευδεν
1070 1925 1114 1967 R,
1140 1925 1308 1959 ἔσπευδεν
1326 1923 1374 1967 D,
1405 1923 1621 1968 ‘xazfinscysv
1636 1921 1722 1966 (sie)

294 1977 359 2012 vel
385 1976 606 2012 ἕπέσπευὸεν’
633 1975 703 2014 Dw
841 1975 884 2009 11
911 1975 1126 2019 βρεττανίων
1152 1972 1200 2017 D,
1228 1983 1329 2007 corr.
1356 1971 1425 2009 Dw
1560 1971 1606 2006 13
1631 1984 1724 2005 κων-

294 2025 450 2060 στάντιον
476 2022 644 2070 prDi‚
670 2024 876 2058 κώνσταντα
899 2021 935 2057 Α
1034 2021 1079 2056 16
1106 2019 1164 2056 διὰ
1181 2025 1287 2056 ταῦτα
1306 2030 1381 2055 0111.
1400 2020 1515 2055 initio
1535 2028 1679 2055 versus
1693 2018 1725 2053 Ε

296 2073 339 2107 17
365 2073 490 2111 νυκτὸς
515 2072 760 2118 ἐπιγενομένης
789 2082 863 2107 om.
892 2070 923 2106 Ε
1041 2071 1126 2115 ὄναρ
1154 2069 1220 2114 ὁρᾶ
1246 2068 1381 2104 τοῖόνδε
1406 2067 1448 2112 E,
1475 2068 1543 2113 ὁρᾷ
1565 2071 1724 2102 τοιοῦτον

294 2122 379 2165 ὄναρ
404 2120 507 2167 pr

222 2253 301 2288 iam
327 2251 583 2298 Massagetae
611 2251 789 2287 Persiam
828 2251 960 2286 adorti
1001 2251 1229 2286 vastabant.
1287 2249 1549 2286 Constantius
1589 2251 1724 2284 autem
1742 2242 1787 2278 14

222 2311 306 2344 rex,
346 2299 472 2335 Nisibi
499 2300 655 2334 munita
681 2300 852 2344 eiusque
879 2299 1036 2333 civibus
1071 2299 1274 2341 recreatis,
1314 2298 1401 2343 ipse
1439 2297 1607 2331 indutiis
1645 2296 1725 2331 iam

224 2349 368 2384 orienti
398 2348 501 2383 datis
528 2359 552 2382 a
579 2347 711 2383 Persis
738 2347 790 2382 ad
816 2350 970 2393 partem
1000 2346 1291 2381 occidentalem
1318 2345 1598 2391 proficiscitur,
1634 2354 1724 2378 euin
1743 2339 1787 2374 15

224 2397 260 2432 ei
298 2396 509 2432 nuntiatur
545 2395 737 2431 Vetranio
777 2394 945 2430 consilia
986 2394 1167 2429 iunxisse
1205 2404 1295 2428 cuin
1335 2393 1583 2438 Magnentio.
1649 2391 1725 2433 Qui
1743 2387 1786 2423 16

224 2454 314 2479 cuin
341 2443 594 2490 Illyricarum
631 2443 714 2478 dux
751 2443 956 2487 legionum
994 2445 1098 2477 esset
1134 2444 1173 2477 et
1208 2441 1470 2486 comperisset
1502 2439 1725 2483 Magnentii

224 2491 461 2527 seditionem
489 2501 712 2536 necemque
732 2490 973 2530 Constantis,
1002 2500 1081 2524 non
1111 2492 1290 2524 cesserat
1316 2492 1490 2533 tyranno
1518 2498 1625 2522 novo
1654 2487 1724 2522 sed

225 2543 264 2575 et
289 2540 377 2585 ipse
403 2539 454 2573 ab
482 2539 609 2575 altera
636 2542 751 2584 parte
778 2537 982 2583 tyrannidi
1011 2537 1175 2572 studuit.
1229 2536 1464 2572 Constantio
1499 2537 1634 2570 autem
1668 2535 1724 2570 lit·
1744 2531 1786 2567 17

226 2587 321 2623 teris
351 2587 455 2622 datis
482 2587 642 2622 dicebat
668 2597 710 2622 se
737 2586 935 2622 adversus
955 2588 1171 2630 tyrannum
1194 2584 1392 2629 proticisci
1418 2585 1632 2629 ipsumque
1657 2583 1726 2618 im-

226 2638 453 2679 peratorein
493 2634 693 2670 evocabat
732 2634 783 2669 ad
822 2634 930 2668 illum
973 2633 1293 2678 opprimendum.
1349 2632 1405 2666 Ex
1440 2631 1567 2676 pactis
1600 2631 1725 2676 igitur
1743 2627 1787 2662 18

225 2682 416 2718 Vetranio
437 2693 485 2717 ae
500 2682 759 2728 Magnentius
778 2683 882 2717 inter
906 2692 947 2715 se
976 2681 1099 2715 ium-ti
1128 2681 1285 2725 leg-atos
1312 2680 1430 2714 ambo
1459 2679 1726 2713 communiter

226 2730 278 2765 ad
297 2729 575 2766 Constantium
594 2730 757 2765 mittunt
781 2729 1043 2775 postulantes,
1070 2733 1115 2762 ut
1143 2728 1335 2773 depositis
1362 2727 1483 2762 armis
1502 2727 1724 2772 principem

226 2778 395 2814 haberet
421 2778 627 2813 honorem.
678 2777 755 2819 Qui
787 2777 909 2823 legati
945 2787 1033 2811 euin
1062 2776 1113 2810 ad
1141 2775 1339 2811 Thraciae
1366 2774 1604 2810 Heracleam
1632 2771 1787 2809 inci-19

227 2825 379 2861 dissent
409 2826 449 2860 in
482 2826 778 2871 imperatorem,
818 2825 926 2860 iussa
960 2825 995 2859 ei
1029 2824 1334 2859 nuntiaverunt.
1394 2823 1469 2864 Qui
1497 2832 1595 2857 eura
1632 2822 1726 2857 inde
1741 2818 1788 2854 20

226 2874 407 2914 affectus.
446 2883 536 2908 cum
563 2883 646 2908 nox
673 2873 920 2919 appetiisset,
954 2872 1152 2906 somnium
1181 2870 1292 2906 videt
1318 2870 1560 2906 huiusmodi.
1611 2866 1782 2905 viclo-21

227 2921 348 2957 batur
374 2924 490 2967 pater
517 2922 550 2956 ei
580 2924 714 2957 astare
741 2931 856 2957 suuni
885 2921 1007 2956 ίίΙίιιιιι
1024 2919 1282 2955 Constantem
1303 2929 1426 2954 manu
1446 2923 1588 2955 tenens
1608 2918 1727 2964 eique

0 2904 1 2911 τ
0 2767 10 2879 „³1:2⁴2
0 2705 7 2732 rw
0 2637 1 2674 μω
0 2600 1 2619 2⁴
0 2578 1 2584 ⁴
0 2495 1 2554 *2222
0 2445 1 2450 Α
0 2333 2 2416 νμᾈτᾼᾼ
0 2253 3 2289 ’τῲ
0 2183 1 2199 ⁴⁴
0 2146 1 2156 τ
0 1949 17 1994 zss'ff

31 2283 38 2289 —.
23 2250 39 2267 ’,
26 2163 39 2198 .·-·
18 2083 38 2131 ¹⁴12*
27 2056 38 2063 ν
15 1944 28 1983 3³·-
