2054 3282
385 234 456 269 <220
752 229 932 269 zoNAR.
960 230 1090 269 ΕΡΙΤ.
1116 231 1208 268 xlv
1239 232 1291 277 19,
1318 231 1470 277 21-—20‚
1496 232 1530 268 2.

272 353 300 391 C
327 355 369 390 21
514 357 599 397 Τοῦ
638 355 897 409 πατριάρχου
936 355 981 395 δὲ
1020 353 1197 394 Παύλου
1236 353 1406 395 δώδεκα
1446 354 1655 402 ἐνιαυτοὺς
1698 356 1881 402 ἀνοσίως

383 425 640 477 προστάντος
681 429 754 478 τῆς
793 423 1026 476 ἐκκλησίας,
1072 421 1154 462 εἶτα
1198 421 1415 470 θανόντος,
1460 423 1659 476 εἰσάγεται
1698 424 1820 466 πάλιν
1856 424 1880 465 ὁ

389 493 562 546 Πύρρος
606 494 662 538 εἷς
705 492 778 545 τὴν
820 490 1094 544 ποιμαντικὴν
1133 494 1205 531 τοῦ
1243 490 1347 531 λαοῦ
1385 491 1880 540 Κωνσταντινουπόλεως,

325 560 371 594 22
383 567 445 614 τῷ
477 561 708 613 δωδεκάτῳ
741 561 815 600 ἔτει
847 564 918 613 τῆς
949 558 1156 613 βασιλείας
1186 563 1259 599 τοῦ
1293 559 1579 606 Κώνσταντος.
1641 559 1764 606 οὗτος
1801 560 1880 615 γὰρ

385 629 409 670 ὁ
430 629 608 683 Πύρρος
641 628 853 676 ἐξωσθείς,
886 628 948 673 ὡς
979 629 1146 681 εἴρηται,
1179 632 1251 682 τῆς
1275 628 1496 682 ἐκκλησίας
1517 630 1574 675 εἰς
1594 628 1762 683 Ῥώμην
1782 629 1879 683 ἀφί-
1894 629 1918 665 5

384 714 480 739 κετο
517 698 588 738 καὶ
628 696 836 750 ἐλεγχθεὶς
867 695 982 748 παρὰ
1014 700 1087 737 τοῦ
1120 696 1239 749 ἁγίου
1274 697 1474 750 ΛΙαξίμου
1506 701 1655 743 κακῶς
1687 698 1881 746 δοξάζων

387 767 593 820 ὗπεκρίθη
625 765 900 819 μετατεθῆναι
931 769 1003 819 τῆς
1035 764 1163 818 δόξης
1192 769 1278 806 τῶν
1300 765 1631 820 ῘνΙονοθελητῶν,
1663 766 1735 807 καὶ
1757 766 1880 808 ἄπαι-

384 835 524 889 τηθεὶς
554 833 670 887 παρὰ
702 837 774 874 τοῦ
806 833 896 874 τότε
926 833 1045 874 πάπα
1078 833 1261 887 λίβελλον
1291 833 1386 887 περὶ
1416 835 1593 881 πίστεως
1625 835 1788 876 δέδωκε
1811 834 1882 876 καὶ

326 902 371 937 23
386 904 553 957 ἐδέχθη.
616 902 699 943 εἶτα
730 907 802 957 τῆς
823 902 989 956 Ῥώμης
1020 903 1307 956 ὑποχωρήσας
1337 903 1409 944 καὶ
1439 904 1496 949 εἰς
1516 903 1737 958 Ῥάβενναν
1757 903 1881 945 ἄπελ-

326 971 371 1006 24
386 971 481 1012 θὼν
518 971 714 1025 ἐγνώσθη
751 975 824 1026 τῆς
856 971 1057 1024 αἱρέσεως
1086 970 1145 1024 μὴ
1179 971 1337 1018 ἐκστάς.
1400 971 1502 1013 ὅθεν
1534 972 1558 1013 ὁ
1588 971 1732 1018 πάπας
1761 976 1883 1013 τοῦτο
1901 972 1944 1007 10

383 1039 543 1094 μαθὼν
586 1040 657 1080 καὶ
693 1038 790 1085 τοὺς
826 1037 896 1081 ὑπ’
937 1039 1064 1080 αὐτὸν
1101 1039 1356 1086 ἐπισκόπους
1392 1040 1598 1094 ἀθροίσας
1640 1041 1884 1095 καθαίρεσιν

264 1108 298 1143 D
325 1108 370 1143 ‘25
386 1109 514 1150 αὐτοῦ
545 1108 700 1149 τελείαν
731 1109 1057 1163 κατεψηφίσατο.
1090 1107 1213 1154 οὗτος
1244 1107 1320 1150 οὖν
1350 1108 1397 1150 τὸ
1425 1109 1618 1164 δεύτερον
1637 1114 1774 1164 μῆνας
1794 1110 1882 1151 τέσ-

326 1177 520 1232 26σαρας
549 1177 621 1219 τὸν
651 1177 813 1231 θρόνον
843 1182 915 1232 τῆς
942 1177 1254 1219 Κώνσταντίνου
1286 1177 1559 1232 κατεσχηκὼς
1589 1179 1781 1232 τέθνηκε·
1814 1178 1884 1219 καὶ

385 1246 681 1301 προεχειρίσθη
703 1247 963 1301 πατριάρχης
984 1246 1162 1299 [Ῑέτρος,
1196 1246 1407 1300 ὁμόδοξος
1437 1246 1509 1287 καὶ
1540 1245 1663 1293 οὗτος
1693 1251 1780 1294 τοῖς
1799 1246 1884 1301 πρὸ

388 1316 530 1369 αὐτοῦ,
564 1315 636 1356 καὶ
667 1315 732 1356 ἐπὶ
765 1315 934 1356 δώδεκα
966 1319 1038 1369 τῆς
1069 1315 1289 1369 ἐκκλησίας
1314 1315 1446 1369 ἄρξας
1467 1314 1678 1361 ἐνιαυτοὺς
1699 1316 1883 1370 θνήσκει.
1901 1316 1944 1351 15

327 1383 485 1437 97,ιιεθ’
519 1385 568 1425 ὃν
598 1385 778 1438 προέστη
811 1387 896 1425 τῶν
928 1384 1181 1437 ὀρθοδόξων
1208 1383 1383 1437 Θοῃιιᾶς,
1415 1388 1487 1438 τῆς
1519 1384 1655 1438 ὀρθῆς
1686 1384 1886 1439 ἐχόμενος

389 1453 527 1507 δόξης,
566 1454 613 1499 ὃς
644 1452 747 1506 μετὰ
781 1453 858 1494 δύο
891 1453 958 1506 ἔτη
991 1452 1062 1493 καὶ
1093 1456 1230 1507 μῆνας
1262 1452 1361 1493 ἔπτὰ
1393 1452 1464 1494 τὸν
1494 1453 1587 1507 βίον
1616 1452 1886 1507 μετηλλαχὼς

382 1521 583 1575 ’Ῑωάννην
615 1523 708 1575 ἔσχε
741 1522 950 1575 διάδοχον.

327 1589 374 1624 ‘28
512 1588 648 1635 Οὗτος
685 1589 709 1630 ὁ
746 1589 937 1644 βασιλεὺς
974 1590 1180 1635 Κώνστας
1216 1589 1287 1631 τὸν
1326 1590 1430 1631 ἴδιον
1474 1590 1629 1631 ἀνεῖλεν
1672 1590 1884 1644 ὁμαίμονα

393 1657 623 1700 Θεοδόσιον
654 1657 725 1699 καὶ
758 1659 937 1713 ἐμισήθη
971 1657 1054 1700 ὑπὸ
1087 1661 1170 1700 τῶν
1201 1662 1273 1713 τῆς
1303 1658 1468 1704 πόλεως
1501 1658 1568 1699 διά
1598 1674 1640 1699 τε
1670 1662 1792 1700 τοῦτο
1815 1657 1886 1700 καὶ
1899 1659 1947 1695 ‘20

392 1789 408 1822 1
436 1788 516 1832 περὶ
540 1793 770 1833 πατριαρχῶν
796 1789 855 1823 καὶ
882 1793 941 1823 τοῦ
968 1789 1117 1832 Πύρρου
1146 1789 1273 1831 (ηὗρον
1302 1788 1346 1828 E)
1374 1787 1436 1823 ΟΕ
1542 1789 1584 1823 19
1610 1789 1706 1827 ὅπως
1730 1788 1885 1833 ἐμισήθη

388 1838 409 1871 ὁ
432 1837 604 1875 Κώνστας
629 1836 725 1881 παρὰ
751 1841 822 1871 τῶν
847 1837 1020 1881 ὑπηκόων
1047 1836 1107 1870 καὶ
1132 1837 1181 1874 εἷς
1206 1836 1372 1871 Σικελίαν
1394 1836 1530 1880 ἀπάρας
1547 1836 1626 1871 ἐκεῖ
1638 1836 1796 1882 ἀνῃρέθη
1824 1835 1899 1896 ΟΕ,ο

466 1965 481 1999 1
511 1964 670 2009 δώδεκα]
700 1976 735 1999 v.
756 1964 988 2000 Gedeoiwm
1018 1965 1038 1999 l.
1060 1975 1090 1999 Q.
1120 1976 1156 2010 p.
1172 1964 1241 1999 243
1256 1976 1285 1999 S.
1383 1964 1406 1999 4
1431 1965 1495 1999 ἔτ’τει
1519 1970 1578 2010 τῆς
1601 1965 1775 2009 βασιλείας
1798 1965 1889 2000 κών-

463 2027 604 2051 σταντος
632 2013 678 2056 D,
708 2018 767 2058 τῆς
785 2013 961 2057 βασιλείας
979 2018 1038 2047 τοῖ’
1056 2013 1278 2051 κώνσταντος
1297 2013 1362 2047 ἔτει
1383 2013 1478 2056 Ewp
1576 2012 1598 2047 5
1623 2012 1770 2057 εἴρηται]
1798 2012 1889 2047 XIV

464 2061 519 2104 18,
545 2061 568 2095 9
673 2062 848 2105 ἱστόρηται
868 2060 1030 2106 BCEwp
1138 2061 1158 2095 7
1184 2061 1416 2105 μετατεθῆναι
1437 2058 1603 2105 prDi,
1629 2061 1823 2105 μεταθῆναι
1844 2058 1888 2102 A,

464 2108 551 2153 μετὰ
578 2109 721 2154 τεθῆναι
749 2109 779 2143 Ε
938 2108 982 2142 14
1007 2108 1090 2153 τοΐςῙ
1119 2113 1188 2143 τῶν
1214 2108 1245 2142 Β
1403 2108 1445 2143 15
1470 2108 1531 2143 καὶ
1557 2106 1725 2153 prDi‚
1753 2118 1828 2143 om.
1854 2107 1890 2142 A

466 2157 508 2192 17
535 2156 595 2191 καὶ
623 2167 697 2191 om.
727 2156 762 2191 D
859 2156 1052 2201 μετήλλαχε
1076 2156 1137 2191 καὶ
1166 2156 1194 2190 E
1292 2155 1339 2191 20
1363 2156 1423 2191 καὶ
1450 2156 1617 2190 alterum
1648 2166 1722 2190 om.
1750 2155 1779 2191 C

331 2283 375 2318 21
510 2288 746 2323 Patriarcha
784 2288 923 2332 Paulo,
963 2298 1053 2323 cum
1094 2287 1307 2323 duodecim
1346 2298 1474 2322 annos
1504 2287 1698 2322 ecclesiae
1734 2287 1890 2322 nefarie

393 2337 648 2382 praefuisset,
687 2339 846 2372 mortuo
883 2336 1064 2381 Pyrrhus
1091 2335 1331 2371 duodecimo
1371 2345 1477 2370 anno
1517 2335 1633 2380 regni
1660 2334 1890 2371 Constantis

332 2380 378 2414 2⁸2
393 2385 434 2419 in
461 2384 598 2420 sedem
623 2383 736 2419 urbis
763 2384 1006 2430 pastoralem
1032 2387 1260 2419 revocatur.
1313 2383 1413 2418 Nam
1443 2392 1543 2425 cum,
1570 2385 1615 2417 ut
1642 2382 1792 2418 dictum
1818 2384 1888 2427 est,

393 2432 564 2467 ccclesia
591 2431 819 2474 excidisset,
845 2431 1013 2467 Romam
1032 2432 1238 2477 profectus
1265 2433 1303 2466 ct
1330 2441 1353 2464 a
1380 2433 1518 2465 sancto
1533 2429 1708 2465 Maximo
1736 2440 1890 2475 pravae

394 2480 596 2525 opinionis
623 2480 833 2514 convictus
869 2490 912 2514 se
939 2479 1166 2514 deseruisse
1192 2478 1544 2513 Monothelitarum
1573 2477 1804 2522 opinionem
1843 2478 1889 2512 si-

392 2527 520 2562 mulat
545 2527 806 2572 libellumque
834 2527 883 2562 de
909 2527 989 2562 fide
1015 2537 1089 2562 sua
1109 2536 1240 2572 papae
1266 2526 1418 2571 petenti
1447 2525 1573 2568 offert,
1601 2535 1623 2559 a
1650 2535 1730 2569 quo
1746 2535 1885 2570 appro-

332 2572 378 2606 ‘253
394 2575 511 2610 batus
539 2575 622 2612 es&
660 2574 758 2610 Inde
786 2575 886 2610 clam
914 2574 1151 2610 Ravennam
1191 2573 1398 2619 digressus
1426 2573 1621 2607 haeresim
1650 2573 1781 2608 celare
1806 2583 1888 2608 non

332 2619 378 2654 24
395 2623 534 2667 potuit.
586 2622 673 2664 Quo
701 2633 809 2668 papa
836 2626 1053 2667 comperto,
1082 2622 1316 2657 convocatis
1341 2621 1423 2655 suis
1442 2621 1643 2665 episcopis
1670 2630 1760 2655 eum
1781 2620 1889 2666 peni-

333 2667 378 2702 95
393 2674 457 2705 tus
487 2670 738 2705 condemnat.
791 2670 828 2705 Is
855 2671 979 2716 igitur
995 2670 1128 2704 denuo
1157 2668 1252 2704 sede
1267 2667 1477 2713 Cpolitana
1504 2678 1751 2712 permenses
1779 2669 1890 2713 quat-

333 2714 378 2749 ‘26
393 2721 485 2752 tuor
512 2718 663 2762 potitus
689 2719 869 2752 moritur.
922 2717 966 2752 Ei
1005 2717 1185 2752 succedit
1223 2716 1454 2761 patriarcha
1481 2715 1636 2757 Petrus,
1677 2718 1716 2750 ct
1753 2715 1840 2760 ipse
1866 2725 1890 2750 a

332 2762 378 2797 27
395 2766 596 2810 prioribus
624 2775 704 2800 non
720 2766 979 2809 dissentiens3
1006 2774 1086 2809 quo
1114 2766 1207 2810 post
1231 2774 1359 2798 annos
1375 2763 1586 2798 duodecim
1616 2765 1773 2798 mortuo
1789 2762 1890 2797 Tho-

394 2822 478 2847 mas
506 2823 629 2848 verae
644 2814 869 2848 sententiae
889 2812 1078 2848 defensor
1094 2811 1329 2847 orthodoxis
1346 2811 1537 2856 praefuit3
1563 2811 1631 2855 qui
1658 2813 1748 2855 post
1763 2820 1891 2845 annos

395 2859 497 2895 duos
526 2862 564 2894 et
590 2870 748 2895 menses
775 2863 927 2906 septem
954 2862 1137 2895 mort-uus
1163 2859 1358 2894 Ioannem
1387 2858 1528 2893 habuit
1557 2867 1842 2893 successorem.

334 2904 380 2939 28
514 2906 662 2942 Verum
691 2918 763 2943 rex
790 2907 988 2944 Constans
1015 2908 1066 2944 ob
1094 2916 1255 2942 caesum
1283 2904 1448 2942 fratrem
1475 2905 1745 2942 Theodosium
1773 2907 1813 2940 et
1839 2905 1890 2940 ob

2046 610 2054 783 ...am—rui...
2048 491 2054 585 ..ω-4..

2047 985 2054 1048 εκ.-
2045 884 2054 979 *κίε-ιη.
2048 867 2054 878 -f
2045 850 2054 862 a
2046 825 2054 844 ,ν
2049 817 2054 820 .
2050 786 2054 811 ..-

2045 1259 2054 1317 ξ

2044 1323 2054 1397 i}

2043 1504 2054 1637 λ,

2040 1640 2054 1700 3
