1968 3302
295 236 342 276 52
681 224 863 276 zoN'AR'.
890 227 1020 274 EP‘rr.
1049 227 1145 273 x'm
1173 233 1228 282 10,
1255 228 1406 273 16—27.

296 362 399 403 σιλεῖ
432 361 503 403 καὶ
541 361 590 402 ἵν’
624 362 756 415 ἔχοιεν
795 361 839 408 ἐξ
877 360 1005 401 αὖτοῦ
1046 359 1164 407 ἀξίας
1202 361 1288 400 τῶν
1325 358 1472 401 πόνων
1510 358 1583 406 τὰς
1614 356 1796 414 ἀμοιβὰς

236 435 280 470 17
296 431 492 484 ἀπαιτεῖν,
540 430 611 471 καὶ
651 430 781 477 ἀξιῶν
823 429 1024 476 δέξασθαι
1064 428 1137 482 τὴν
1178 432 1250 483 τῆς
1294 428 1427 483 ἀρχῆς
1470 428 1693 469 κοινωνίαν
1739 429 1923 474 εἶςΒΙΙΙ

237 504 281 539 18
297 499 503 553 ὠφέλειαν
541 499 744 552 «ε’-σακέων
780 502 828 552 τῇ
866 497 1058 550 πολιτείᾳ,
1106 497 1460 551 ἐπαγγελλόμενός
1502 513 1544 538 τε
1586 496 1657 537 καὶ
1699 496 1796 542 τοὺς

295 567 615 621 ἁμιλλητηρίους
646 567 798 611 ἵππους
831 566 875 613 ἐξ
900 565 1122 618 Ἱσπανίας,
1171 565 1231 611 ὡς
1264 566 1378 619 ἔθος,
1425 565 1497 606 καὶ
1527 564 1624 611 τοὺς
1664 565 1794 607 ἐπιλέ-

176 640 207 675 Β
237 641 281 677 19
295 651 421 681 κτους
452 633 611 688 ἄνδρας
644 635 690 675 ἐκ
722 637 807 675 τῶν
831 633 872 674 Γ
867 633 1020 675 αλλιῶν
1050 634 1223 675 στέλλειν
1245 634 1375 687 αὐτῷ.
1437 631 1548 675 ταῦτ’
1573 634 1832 680 ἓπιστείλαςὸ

295 705 346 745 οὐ
378 703 548 758 βασιλέα
581 702 730 744 ἑαυτὸν
762 703 806 742 ἐν
837 706 885 756 τῇ
919 702 1131 757 ἐπιγραφῇ
1163 703 1507 757 προσεγράψατο,
1555 701 1656 743 ἀλλὰ
1689 702 1794 743 Καί-

296 787 419 827 σαρα,
468 772 533 812 ἵνα
571 770 631 825 μὴ
670 775 718 825 τῇ
759 771 972 825 ἐπιγραφῇ
1011 771 1302 825 προσοχθίσας
1341 771 1364 812 ὁ
1394 771 1686 817 Κωνστάντιος
1722 770 1796 825 τὴν

234 846 282 882 ‘20
295 839 511 893 ἐπιστολὴν
550 840 862 893 ἀποπέμψηται.
924 839 1075 893 ταύτης
1114 845 1174 893 τῷ
1213 840 1374 894 βασιλεῖ
1400 839 1682 894 Κωνσταντίῳ
1720 855 1794 881 κο-

293 908 512 962 μισθείσης
555 907 661 948 κατὰ
704 908 778 962 τὴν
822 908 866 949 ἓν
906 907 1195 962 Καππαδοκίᾳ
1238 907 1490 962 Καισάρειαν
1535 909 1793 963 διατρίβοντι,

234 983 277 1018 21
296 977 452 1023 ἐκεῖνος
484 976 607 1017 οὐδὲν
638 976 709 1017 ὑπ’
744 977 873 1030 ὀργῆς
906 977 1167 1030 ἀπεκρίνατο.
1231 976 1332 1018 ἀλλὰ
1364 977 1437 1031 τὴν
1468 976 1546 1030 μὲν
1583 977 1796 1032 στρατείαν
1814 984 1860 1019 10

294 1043 400 1085 κατὰ
422 1043 608 1098 Περσῶν
629 1049 714 1091 τοῖς
735 1045 1001 1099 στρατιώταις
1033 1046 1223 1100 ἐκήρυξε,
1255 1045 1363 1099 πρὸς
1396 1046 1441 1087 δὲ
1471 1045 1543 1086 τὸν
1569 1045 1796 1087 Ἰουλιανὸν

295 1114 474 1154 Λεωνᾶν
504 1113 576 1154 τὸν
607 1114 863 1168 κοιαίστωρα
895 1114 1081 1168 ἔστειλεν,
1130 1115 1354 1160 ἐπιστείλας
1391 1115 1508 1167 αὐτῷ
1546 1114 1617 1155 καὶ
1656 1114 1794 1156 αἰτιώ-

293 1197 421 1235 μενος
453 1181 512 1222 ὅτι
542 1181 602 1236 μὴ
637 1183 822 1237 ἀνέμεινε
853 1182 927 1236 τὴν
957 1184 1132 1237 γνώμην
1158 1183 1299 1231 αὐτοῦ,
1347 1183 1419 1224 καὶ
1450 1183 1507 1229 εἷς
1538 1183 1659 1237 ὕβριν
1690 1182 1794 1224 ἑκεί-

294 1266 371 1291 νου
402 1250 562 1305 μᾶλλον
594 1251 765 1304 ἀνάγων
797 1253 822 1305 ἢ
856 1252 1006 1293 ἑαυτοῦ
1038 1251 1085 1293 τὸ
1115 1252 1175 1306 μὴ
1216 1252 1346 1306 κρίσει
1382 1256 1455 1293 τοῦ
1493 1251 1567 1306 τὴν
1604 1252 1795 1299 ἐξουσίαν

296 1319 476 1373 ἔχοντος,
509 1316 595 1360 ἀλλ’
630 1320 796 1374 ἀτάκτῳ
828 1321 1011 1375 θορύβῳ
1044 1324 1308 1374 στρατιωτῶν
1331 1321 1533 1368 δέξασθαι
1565 1319 1692 1361 αὐτὸν
1721 1319 1796 1374 τὴν
1812 1328 1856 1364 15

252 1391 368 1436 Οτοῦ
401 1387 650 1441 Αὐγούστου
690 1388 847 1443 κλῆσιν,
896 1389 967 1430 καὶ
999 1389 1306 1444 συμβουλεύων
1337 1388 1599 1444 ἀποσχέσθαι
1629 1392 1702 1430 τοῦ
1734 1388 1794 1443 μὴ

296 1528 342 1565 15
367 1529 422 1564 οἶα
447 1529 550 1569 αὖθις
575 1530 728 1577 ἐμήνυσε
753 1536 803 1575 τῷ
826 1531 1010 1576 Ἰουλιανῷ
1037 1532 1057 1566 ὁ
1081 1531 1325 1570 Κωνστάντιος
1352 1530 1414 1567 CE

367 1670 390 1705 2
415 1671 474 1706 καὶ
502 1682 576 1707 om.
604 1671 706 1717 pr
886 1672 909 1706 3
936 1686 969 1706 τε
995 1671 1143 1718 Apr,
1182 1683 1219 1707 v.
1247 1671 1344 1706 XIII
1371 1671 1427 1716 11,
1454 1672 1510 1706 20.
1539 1672 1595 1714 14,
1624 1671 1677 1707 10.
1704 1670 1796 1706 XIV

368 1719 424 1764 12,
451 1719 483 1764 9,
523 1719 562 1754 δὲ
592 1718 649 1754 Di
680 1730 913 1766 perperam3
953 1730 1047 1755 narn
1086 1720 1187 1755 solet
1225 1719 1404 1755 Zonaras
1442 1724 1486 1755 ut
1524 1719 1798 1764 Thucydides,

367 1766 562 1812 Polybius
601 1767 668 1802 alii
707 1768 907 1813 particula
945 1782 980 1802 τε
1015 1769 1226 1803 enuntiata
1265 1768 1369 1803 inter
1408 1778 1450 1803 se
1490 1768 1752 1812 coniungere.

365 1814 390 1849 4
416 1816 573 1854 ι’σπανίας
591 1815 637 1859 A,
665 1817 823 1854 ἷσπανίας
849 1815 1035 1862 stpDi,
1063 1827 1099 1851 V.
1115 1815 1212 1850 XIII
1232 1816 1286 1860 17,
1302 1816 1333 1850 9.
1361 1815 1452 1851 XIV
1479 1816 1510 1859 7,
1526 1816 1558 1850 8.
1585 1814 1654 1849 XV
1683 1814 1795 1859 24,1;

367 1863 506 1908 itaque
544 1863 655 1909 apud
694 1863 983 1909 Theophanem
1024 1868 1076 1908 (v.
1111 1864 1191 1898 ind.
1232 1864 1282 1899 de
1317 1863 1453 1898 Boorii
1492 1873 1521 1898 s.
1556 1873 1594 1897 v.
1624 1863 1795 1904 Ἱσπανία)

362 1911 518 1946 Ἶσπανία
544 1921 627 1946 non
654 1915 742 1947 erat
770 1911 1041 1947 scribendum.
1187 1911 1210 1946 5
1235 1912 1381 1956 ε’τησίως
1408 1913 1498 1956 post
1523 1910 1675 1956 γαλλιῶν
1701 1909 1794 1945 add.

368 1957 535 2004 prDi,
574 1959 647 1994 sed
671 1970 709 1994 v.
736 1958 936 1994 Ammian.
962 1959 1135 1994 Marcell.
1162 1959 1237 1994 XX
1262 1960 1294 2003 8,
1323 1959 1378 1994 13.
1441 1958 1630 1994 Similiter
1657 1958 1796 1993 addita

367 2010 462 2042 sunt
487 2007 529 2042 in
554 2006 666 2042 libris
692 2007 987 2042 recentioribus
1014 2007 1111 2041 XIII
1137 2007 1193 2051 20,
1220 2008 1243 2042 3
1275 2012 1334 2041 τοῦ
1366 2007 1462 2045 ἔτους
1488 2007 1624 2041 ἐκείνου
1662 2010 1715 2050 (v.
1742 2005 1795 2040 ad

367 2054 404 2089 h.
431 2054 469 2096 l.)
566 2054 661 2090 ταῦτ’
680 2054 829 2100 Apr,
860 2060 964 2090 ταῦτα
991 2054 1030 2089 δὲ
1056 2055 1086 2089 Ε
1188 2056 1228 2089 11
1256 2060 1327 2090 τῶν
1353 2059 1447 2090 ante
1471 2059 1614 2100 περσῶν
1641 2053 1733 2088 add.
1752 2053 1794 2098 E,

368 2112 406 2137 V.
432 2101 530 2137 XIII
557 2102 613 2148 13,
639 2102 662 2137 4
749 2103 793 2138 12
818 2103 1022 2148 κοιαίστορα
1048 2102 1162 2148 pr,
1190 2114 1291 2138 corr.
1317 2102 1386 2141 Dw
1476 2103 1530 2138 13.
1559 2102 1604 2137 14
1627 2102 1759 2147 μᾶλλον
1788 2115 1792 2147 1

367 2149 504 2185 ἐκείνου
530 2150 562 2185 Ε
674 2150 719 2186 14
743 2150 885 2196 ἀνάγων
910 2151 931 2196 ἢ
958 2151 1082 2186 ἑαυτοῦ
1108 2156 1168 2186 τοῦ
1194 2150 1240 2195 A,
1266 2151 1405 2196 ἀνάγων
1431 2151 1452 2196 ἢ
1479 2151 1602 2185 ἑαυτοῦ
1629 2149 1666 2184 τὸ
1692 2147 1794 2194 RDi,

368 2197 390 2243 ἢ
416 2197 542 2233 ἑαυτοῦ
567 2198 708 2244 ἀνάγων
734 2198 772 2233 τὸ
798 2199 900 2245 pr

235 2343 281 2381 17
296 2337 367 2374 sed
394 2339 470 2375 sub
496 2349 607 2385 rege,
634 2350 659 2375 a
685 2350 765 2386 quo
793 2343 957 2386 possent
976 2340 1101 2386 digna
1117 2339 1327 2376 laboribus
1346 2340 1476 2385 pretia
1494 2342 1650 2385 petere;
1678 2349 1796 2375 orare

238 2393 282 2429 18
296 2390 342 2422 ut
367 2387 572 2433 acciperet
604 2388 763 2434 imperii
790 2389 1114 2424 communionem
1139 2388 1278 2423 utilem
1304 2389 1484 2422 futuram
1511 2388 1675 2432 civitati,
1713 2387 1795 2432 pol-

296 2435 408 2470 liceri
434 2445 478 2470 se
503 2438 544 2471 et
569 2437 754 2481 pernices
781 2446 908 2481 equos
935 2447 987 2471 ex
1009 2436 1218 2481 Hispania,
1245 2439 1290 2470 ut
1315 2446 1413 2478 mos,
1446 2439 1485 2470 et
1511 2436 1659 2470 electos
1685 2436 1795 2471 viros

238 2489 282 2524 19
297 2493 348 2517 ex
376 2482 516 2518 Galliis
542 2484 758 2519 missurum
785 2494 874 2519 esse
901 2485 948 2519 ei.
1000 2484 1155 2525 Quibus
1182 2484 1323 2518 litteris
1350 2484 1508 2528 scriptis
1541 2493 1623 2518 non
1655 2492 1795 2528 regem

297 2541 340 2566 se
366 2531 406 2565 in
434 2531 549 2566 titulo
577 2532 820 2578 ascripserat
851 2532 923 2567 sed
950 2531 1175 2575 Caesarem,
1214 2541 1266 2566 ne
1299 2531 1415 2566 titulo
1449 2532 1577 2566 iratus
1603 2529 1795 2566 Constan-

236 2585 284 2619 20
296 2578 376 2613 tius
401 2579 555 2614 litteras
581 2580 812 2615 remitteret.
864 2579 979 2621 Quae
1011 2590 1102 2614 cum
1135 2578 1304 2625 epistola
1336 2579 1423 2624 regi
1451 2578 1686 2614 Constantio
1713 2578 1796 2614 lata

297 2629 402 2661 esset
429 2625 655 2662 Caesareae
686 2628 728 2662 in
760 2628 863 2663 urbe
890 2626 1174 2673 Cappadociae
1205 2626 1431 2672 degentem,
1470 2626 1536 2661 ille
1567 2626 1665 2661 nihil
1697 2635 1795 2671 prae

236 2679 277 2714 21
296 2674 357 2708 ira
393 2675 613 2719 respondit.
671 2674 751 2711 Sed
790 2675 1050 2721 expeditione
1081 2674 1247 2709 Persica
1287 2674 1478 2709 militibus
1516 2674 1704 2708 nuntiata
1742 2673 1796 2708 ad

296 2721 498 2756 Iulianum
525 2721 706 2758 Leonam
734 2726 987 2768 quaestorem
1016 2723 1122 2758 misit
1148 2732 1238 2756 cum
1265 2722 1406 2757 litteris
1433 2721 1485 2756 ad
1512 2731 1604 2756 eum
1625 2721 1730 2756 datis
1757 2724 1796 2756 et

297 2778 506 2813 accusans,
534 2771 644 2815 quod
670 2781 752 2806 non
779 2773 1055 2816 exspectasset
1072 2770 1312 2805 sententiam
1339 2779 1454 2804 suam
1481 2779 1530 2804 ac
1555 2769 1714 2815 turpius
1740 2768 1796 2803 illi

297 2825 386 2851 esse
411 2817 614 2853 affirmans
641 2828 762 2864 quam
789 2819 876 2863 sibi,
916 2818 1026 2864 quod
1057 2828 1139 2853 non
1173 2817 1339 2852 arbitrio
1373 2818 1459 2852 eius
1487 2817 1556 2862 qui
1582 2817 1796 2862 imperium

297 2863 466 2900 haberet
491 2865 563 2901 sed
590 2867 760 2902 confuso
788 2866 964 2902 tumultu
994 2866 1162 2902 militum
1196 2865 1419 2911 accepisset
1444 2863 1622 2910 Augusti
1647 2873 1796 2900 nomen

298 2915 337 2948 et
363 2912 551 2959 suadem,
582 2918 627 2951 ut
654 2915 876 2951 abstineret
902 2925 926 2951 a
952 2915 1114 2952 nomine
1141 2923 1223 2949 non
1248 2913 1324 2949 rite
1351 2912 1446 2949 dato
1474 2916 1512 2949 et
1539 2912 1591 2948 ad
1618 2913 1795 2960 priorem

1955 897 1968 915 J

1957 973 1960 982 .

1952 1006 1968 1021 χ’.

1956 1035 1968 1053 ζ]

1958 1187 1968 1197 ..

1962 1206 1968 1223 ἠ

1955 1410 1968 1457 :1'

1955 1462 1968 1503 ἴε

1954 1512 1968 1556 ’ἑ

1955 1557 1968 1599 ἒ

1954 1594 1968 1669 Ξ

1955 1663 1968 1677 ,.

1954 1725 1968 1761 ,ἕ
