2054 3282
354 253 622 301 ,IMAGINVM
648 250 994 292 OPPVGNATIO.
1043 242 1279 289 MICHAEL
1304 248 1610 287 DAMNATVR.
1670 247 1741 285 329

246 376 442 432 ἁρπαγὴν
486 377 838 432 πλημμελήσαντα
891 373 1058 423 ἐξέδοτο
1109 373 1302 428 νομίμως
1351 371 1740 426 κολασθησόμενον.
1755 372 1786 408 Β

245 446 452 501 ἄρχοντας
483 445 528 487 δὲ
558 445 630 487 καὶ
660 442 978 499 στρατιωτικοὺς
1008 442 1079 484 καὶ
1103 441 1339 487 πολιτικοὺς
1359 440 1594 495 ἀριστίνδην
1613 455 1740 493 προε-
1755 441 1799 477 21

244 514 440 569 χειρίζετο
483 513 555 555 καὶ
591 512 664 559 τὰς
699 515 784 554 τῶν
821 510 904 554 ὑπὸ
935 511 1172 565 Ῥωμαίους
1209 510 1350 552 ἐθνῶν
1387 509 1611 564 ἡγεμονίας
1648 509 1743 549 οὔτε

244 583 475 638 χρημάτων
513 582 666 628 ὠνίους
702 580 917 635 προύτίθει
954 580 1048 621 οὔτε
1077 578 1186 633 πρὸς
1216 578 1338 634 χάριν
1369 577 1511 620 ἐδίδου
1542 575 1602 631 μὴ
1634 575 1743 630 πρὸς

208 656 231 692 5
245 650 380 706 ἀρχὰς
420 649 654 704 πεφυκόσιν
697 648 898 702 ἀνδράσιν
940 649 966 703 ἢ
1010 647 1242 702 χρημάτων
1286 647 1424 702 ἥττοσι
1469 644 1541 687 καὶ
1583 644 1743 691 τούτοις

243 719 493 773 προδιδοῦσι
522 717 570 760 τὸ
602 717 773 759 δίκαιον.

362 786 537 841 Μιχαὴλ
569 785 614 827 δὲ
645 785 670 827 6
700 784 879 839 τραυλὸς
910 785 934 826 6
966 785 1011 833 ἕξ
1035 785 1236 840 Ἀμορίου
1273 784 1339 826 ἐπὶ
1368 784 1477 838 μέγα
1507 782 1636 838 τύχης
1666 782 1742 836 ἀρ-
1757 781 1811 823 21

244 855 346 903 θείς,
376 854 486 910 πρὸς
517 853 563 896 δὲ
593 858 680 900 ταῖς
705 854 846 900 ἄλλαις
867 854 1032 900 κακίαις
1054 853 1125 894 καὶ
1147 853 1341 907 γλῶσσαν
1362 853 1474 907 ἔχων
1495 851 1742 904 ἀκόλαστον,

246 923 446 979 διεβλήθη
484 927 546 978 τῷ·
581 923 743 977 βασιλεῖ
776 922 838 969 ὡς
875 921 988 964 κακὰ
1025 919 1115 963 κατ’
1149 922 1278 963 αὐτοῦ
1309 920 1643 976 βυσσοδομεύων
1674 919 1745 960 καὶ

19 987 71 1033 ,31)
89 991 566 1046 ΙΙΙ386τεκταινόμενος.
628 990 699 1032 καὶ
730 992 755 1046 ἡ
789 990 963 1045 διαβολὴ
996 989 1081 1045 πρὸ
1112 995 1184 1045 τῆς
1225 991 1386 1044 ἡμέρας
1423 989 1596 1043 ἐγένετο,
1641 989 1686 1030 ἒν
1715 986 1780 1043 ᾗ2
1806 990 1836 1028 C

243 1060 319 1115 τὴν
355 1061 400 1102 ἒν
436 1060 559 1114 σαρκὶ
596 1064 670 1102 τοῦ
707 1060 857 1113 κυρίου
898 1060 1044 1113 γένναν
1082 1059 1290 1112 ἑορτάζειν
1321 1059 1346 1113 ἡ
1379 1057 1576 1112 ἐκκλησία
1613 1057 1743 1110 παρέ-

244 1129 380 1184 λαβεν.
443 1129 589 1170 αὐτίκα
628 1129 766 1170 τοίνυν
802 1128 827 1170 6
863 1127 941 1182 μὲν
985 1127 1247 1182 συνελήφθη·
1293 1127 1317 1168 6
1349 1127 1395 1169 δὲ
1432 1124 1624 1181 βασιλεὺς
1659 1128 1780 1166 τῶν3

245 1194 336 1239 κατ’
359 1197 490 1239 αὐτοῦ
510 1197 789 1252 μηνυθέντων
810 1195 1026 1250 ἐξεταστὴς
1045 1196 1338 1250 προεκάθισεν.
1401 1195 1605 1249 ἐλέγχεται
1627 1192 1781 1248 παρά4

244 1269 330 1308 τῶν
360 1265 711 1321 κατηγορούντων
742 1265 767 1306 6
793 1265 979 1319 Μχαήλ,
1012 1265 1241 1306 συντίθεται
1272 1263 1343 1305 καὶ
1374 1263 1512 1317 αὐτός,
1545 1262 1743 1316 κατακρί-

187 1341 232 1378 15
246 1350 354 1376 νεται
384 1334 582 1382 θάνατον,
626 1333 698 1375 καὶ
733 1333 920 1375 θάνατον
949 1332 1021 1375 τὸν
1053 1332 1120 1374 διὰ
1151 1332 1300 1387 πυρός.
1363 1332 1545 1387 ἀπήγετο
1576 1331 1780 1386 καυθη-5

246 1402 437 1458 σόμενος,
469 1402 540 1444 καὶ
570 1401 699 1448 τόπος
728 1406 801 1457 τῆς
830 1402 1032 1456 τιμωρίας
1064 1402 1282 1456 ἀφώριστο
1313 1402 1339 1456 ἦ
1371 1404 1445 1442 τοῦ
1477 1401 1521 1442 ἕν
1551 1403 1636 1446 τοῖς
1665 1400 1743 1454 βα-

246 1471 407 1518 σιλείοις
426 1471 604 1525 λουτροῦ
627 1470 814 1525 κάμινος.
876 1471 1009 1512 εἵπετο
1032 1469 1104 1511 καὶ
1125 1470 1150 1511 6
1170 1469 1376 1525 βασιλεύς,
1410 1471 1435 1524 ἢ
1456 1468 1517 1523 μὴ
1539 1468 1781 1510 πιστεύων6

246 1539 377 1595 ἑτέρῳ
419 1539 494 1595 τὴν
535 1538 642 1581 κατὰ
685 1543 759 1582 τοῦ
798 1538 972 1594 ΆΙιχαὴλ
1016 1539 1271 1588 ἓπεξέλευσιν
1309 1540 1334 1594 ἢ
1376 1537 1640 1593 ἐφηδόμενος
1682 1540 1744 1596 τῷ

243 1686 267 1722 2
291 1688 388 1727 οἴους
410 1689 672 1732 προεχειρίζετο
697 1687 869 1732 ἄρχοντας
895 1686 924 1724 C
1046 1687 1068 1722 7
1092 1686 1173 1730 περὶ
1201 1691 1262 1722 τοῦ
1287 1686 1439 1731 τραυλοῦ
1465 1684 1614 1730 Μιχαὴλ
1641 1683 1743 1721 CDE

243 1734 304 1771 καὶ
328 1735 426 1775 ὅπως
449 1735 505 1771 ἐπὶ
529 1735 704 1780 τυραννίδι
735 1734 840 1775 ἁλοὺς
871 1735 1016 1781 διέφυγε
1047 1734 1109 1780 τὴν
1140 1735 1312 1779 τιμωρίαν
1341 1733 1401 1769 καὶ
1431 1733 1654 1779 ἐβασίλευσεν
1680 1731 1743 1768 CE

321 1873 339 1908 l
366 1872 508 1914 ἐξόδοτο
536 1873 566 1908 Ε
698 1872 1014 1918 κολαχθησόμενον
1041 1871 1087 1918 p*
1114 1872 1251 1907 invitis
1277 1870 1385 1907 ARW
1513 1870 1536 1905 4
1559 1870 1743 1915 προυτίθει

318 1918 489 1966 prDl',
517 1931 553 1956 v.
581 1920 633 1956 ad
659 1919 730 1956 XV
758 1921 811 1964 12,
842 1921 884 1956 17
992 1920 1042 1966 μὴ
1066 1919 1168 1965 πρὸς]
1199 1919 1237 1954 τὸ
1262 1920 1399 1955 δίκαιον
1425 1918 1472 1962 D,
1499 1929 1601 1954 corr.
1628 1918 1696 1956 Dw

317 1967 340 2004 5
364 1968 534 2012 ἀνδράσιν
561 1979 636 2003 om.
652 1967 681 2004 C
778 1969 800 2004 6
827 1971 916 2014 post
942 1969 1080 2004 δίκαιον
1106 1967 1197 2002 add.
1224 1968 1256 2002 εἰ
1279 1967 1318 2002 δὲ
1343 1967 1404 2002 καὶ
1428 1971 1491 2002 νῦν
1513 1966 1615 2002 ταῦθ’
1632 1967 1745 2005 οὕτως

317 2015 422 2061 εἶχεν,
447 2015 541 2061 εἶχεν
565 2016 608 2051 ἂν
633 2015 754 2055 καλῶς
775 2016 836 2051 καὶ
862 2015 902 2051 τὰ
926 2016 1110 2061 πράγματα
1137 2015 1284 2060 (πράγτα
1299 2015 1348 2059 1))
1377 2015 1474 2060 pr
1554 2014 1595 2049 ll
1624 2013 1746 2059 γένναν

319 2068 379 2099 τοῦ
407 2069 554 2109 χριστοῦ
580 2062 616 2098 D
775 2064 820 2099 13
843 2063 1087 2108 προυκάθισεν
1111 2063 1181 2098 DE
1328 2063 1373 2098 18
1398 2061 1460 2108 τὴν
1486 2063 1660 2107 τιμωρίαν
1685 2066 1744 2097 τοῦ

316 2110 450 2157 μιχαὴλ
478 2110 575 2157 pr
674 2110 720 2146 18
733 2121 762 2147 s.
788 2111 1009 2157 ἐφηδόμενος
1035 2115 1126 2158 post
1150 2110 1258 2147 αὐτοῦ
1285 2110 1382 2156 pr

245 2253 437 2289 niendum
462 2254 638 2290 tradidit.
676 2254 938 2301 Magistratus
956 2258 1035 2289 tam
1055 2254 1246 2290 militares
1265 2264 1386 2300 quam
1405 2254 1542 2289 civiles
1569 2263 1615 2289 ex
1648 2253 1744 2299 opti·
1757 2250 1800 2286 21

246 2301 320 2336 mis
337 2301 412 2336 sibi
431 2301 607 2348 eligebat
622 2302 976 2348 Romanarumque
994 2302 1294 2347 provinciarum
1314 2302 1593 2347 praefecturas
1612 2310 1745 2346 neque

247 2349 421 2394 pecunia
448 2359 595 2385 venum
623 2350 857 2396 exponebat
882 2359 1015 2395 neque
1041 2359 1091 2385 ex
1148 2350 1252 2384 ratia
1278 2350 1375 2384 viris
1401 2349 1452 2384 ad
1483 2349 1745 2394 magistratus

246 2396 392 2442 ineptis
418 2401 490 2432 aut
515 2398 651 2433 avaris
677 2401 715 2433 et
741 2398 804 2432 ius
830 2398 1003 2443 pecunia
1030 2407 1107 2431 ven
1140 2397 1301 2432 entibus
1319 2397 1579 2442 largiebatur.

365 2443 423 2479 21.
473 2444 640 2480 Michael
674 2455 770 2480 vero
800 2444 948 2479 Balbus
980 2443 1144 2479 Amorio
1181 2448 1303 2488 ortus,
1343 2454 1433 2479 cum
1468 2444 1519 2479 ad
1555 2454 1745 2489 magnam

246 2492 451 2527 fortunam
485 2493 736 2538 pervenisset
768 2503 816 2527 ae
849 2497 1010 2538 praeter
1042 2496 1177 2527 cetera
1211 2493 1308 2527 vitia
1334 2492 1515 2537 linguam
1543 2492 1661 2527 etiam
1689 2492 1745 2526 in·

246 2542 538 2585 temperantem
573 2540 750 2584 haberet,
790 2540 947 2576 delatus
973 2544 1033 2575 est
1059 2539 1168 2585 apud
1194 2550 1345 2584 regem,
1385 2540 1499 2584 quasi
1527 2539 1627 2574 clam
1655 2539 1745 2574 insi-

248 2586 335 2622 dias
360 2587 395 2622 ei
422 2591 595 2623 strueret
626 2598 675 2623 ae
707 2588 924 2633 perniciem
957 2587 1174 2623 moliretur.
1226 2587 1281 2622 Ea
1315 2587 1461 2622 delatio
1495 2586 1624 2632 pridie
1659 2585 1781 2622 eius2

248 2634 327 2670 diei
347 2635 454 2670 saeta
472 2638 544 2679 est,
563 2646 642 2680 quo
663 2637 807 2671 festum
826 2635 1049 2670 nativitatis
1076 2634 1225 2670 domini
1245 2634 1412 2670 ecclesia
1431 2634 1636 2670 celebrare
1655 2644 1745 2670 eon·

248 2682 392 2718 suevit.
431 2680 570 2718 Statim
591 2683 715 2729 igitur
733 2683 798 2718 ille
825 2682 1152 2728 deprehenditur,
1179 2693 1251 2717 rex
1276 2683 1362 2728 ipse
1381 2683 1587 2727 quaesitor
1605 2692 1743 2717 earum
1758 2681 1782 2715 3

249 2739 396 2772 rerum.
422 2739 593 2775 quarum
620 2734 835 2766 accusatus
861 2734 958 2774 ‹ei-at,
987 2730 1200 2776 praesidet.
1252 2729 1515 2765 Conviiieitur
1546 2730 1597 2764 ab
1630 2728 1781 2764 acen-4

249 2776 432 2813 flantibus
458 2776 636 2821 Michaeh
663 2778 748 2824 ipse
775 2778 997 2821 confltetur,
1026 2777 1328 2821 condemnatur,
1355 2781 1400 2812 ut
1426 2777 1509 2823 igni
1535 2780 1745 2812 cremetur.

250 2823 487 2868 Abducitur,
505 2829 550 2861 ut
569 2826 841 2868 comburatur,
865 2830 1076 2871 postquam
1098 2825 1208 2860 locus
1228 2826 1423 2871 supplicio
1443 2825 1668 2860 destinatus
1686 2824 1781 2860 ests>

251 2871 383 2907 balnei
410 2873 512 2918 regii
539 2873 731 2908 caminus.
782 2873 972 2919 Sequitur
999 2877 1038 2907 ‹·t
1058 2883 1139 2916 rex,
1167 2874 1252 2907 sive
1271 2872 1379 2918 quod
1400 2873 1487 2907 aliis
1505 2872 1781 2918 suppliciumss

250 2919 290 2955 in
318 2919 548 2956 Michaelem
576 2921 835 2957 constitutum
862 2931 942 2956 nou
971 2920 1172 2964 credebat,
1200 2921 1285 2957 sive
1312 2920 1421 2966 quod
1448 2920 1552 2955 illius
1581 2920 1746 2955 interitu
