2054 3282
315 250 386 287 504
706 247 886 285 ZONAR.
914 246 1045 282 EPlT.
1072 245 1163 281 XVI
1189 245 1246 289 25,
1274 244 1423 279 1240.

315 375 400 413 τῶν
444 371 614 424 Σύρων,
658 369 729 411 καὶ
771 368 1004 423 βόστρυχον
1047 369 1119 407 τοῦ
1163 367 1386 420 βαπτιστοῦ
1425 364 1626 408 Ἰωάννου
1669 366 1809 420 αἵματι

313 440 598 494 πεφυρμένον.

258 512 302 547 13
427 507 499 548 Ἐν
535 506 612 561 μὲν
650 504 726 547 οὖν
763 504 1020 558 στρατηγίαις
1051 506 1235 548 τοιοῦτος
1267 501 1389 548 οὗτος
1420 502 1597 556 ἐγεγόνει
1628 502 1653 544 ὁ
1683 503 1806 545 αὐτο-

314 576 486 630 κράτωρ
530 574 600 615 καὶ
643 573 708 614 ἐπὶ
749 571 918 626 μακρὸν
956 572 1128 625 ηὐξήκει
1154 570 1376 625 Ῥωμαίοις
1413 570 1462 612 τὰ
1499 570 1593 625 ὅρια
1630 570 1702 612 καὶ
1736 576 1808 626 τῆς

315 645 455 685 αὐτῶν
477 642 699 697 ἡγεμονίας
730 641 897 688 ἐξέτεινε
927 639 976 681 τὰ
1008 639 1294 693 σχοινίσματα·
1328 639 1430 681 ἀλλὰ
1463 636 1514 680 δι’
1548 639 1676 686 αἰτίας
1696 638 1843 686 τινὰς5

258 716 301 750 14
314 716 437 753 πᾶσιν
480 711 532 765 ἦν
575 709 786 763 στυγητός.
849 708 891 748 αῖ
923 705 958 749 δ’
993 708 1113 749 αἰτίαι
1144 707 1203 749 ὅτι
1234 711 1319 749 τῶν
1350 707 1425 749 σὺν
1462 708 1578 762 αὐτῷ
1614 712 1663 762 τῇ
1700 708 1806 750 ἀπο-

315 779 458 833 στασία
498 776 845 832 ἐπιχειρησάντων
884 779 1148 830 στρατιωτῶν
1186 779 1334 822 κακῶς
1372 776 1670 830 διατιθεμένων
1711 775 1808 823 τοὺς

315 848 376 893 οἷς
407 849 458 888 ἂν
490 846 694 900 ἐντύχοιεν
724 848 809 886 τῶν
840 845 1121 899 κακουμένων
1153 845 1231 886 οὐκ
1264 844 1534 898 ἐπεστρέφετο
1565 844 1635 886 καὶ
1663 845 1809 886 οἰκιῶν

102 919 301 956 P11202A
313 915 482 956 πολλῶν
524 917 770 968 περιφανῶν
813 930 854 954 τε
892 913 1063 967 ἀνδρῶν
1101 913 1172 954 καὶ
1210 913 1451 967 δημοτικῶν
1490 914 1808 968 διαρπαγεισῶν,

315 984 377 1030 ὡς
414 982 588 1029 οὐδενὸς
627 986 764 1024 κακοῦ
809 982 1028 1036 γεγονότος
1072 982 1256 1035 διέκειτο,
1299 982 1458 1036 μᾶλλον
1499 982 1577 1036 μὲν
1620 981 1696 1023 οὖν
1738 981 1810 1023 καὶ
1826 990 1869 1026 10

315 1052 518 1106 ἕνετρύφα
550 1054 637 1098 ταῖς
668 1052 725 1097 εἷς
755 1050 852 1097 τοὺς
882 1049 1032 1097 ἀστοὺς
1067 1051 1312 1104 παροινίαις,
1356 1050 1428 1091 καὶ
1463 1054 1589 1092 ταῦτα
1626 1066 1808 1105 συναρα-

258 1125 302 1160 15
314 1121 469 1175 μένους
500 1120 617 1173 αὐτῷ
646 1118 754 1173 πρὸς
785 1118 831 1160 τὸ
862 1123 934 1174 τῆς
965 1119 1172 1173 βασιλείας
1202 1123 1348 1173 τυχεῖν,
1393 1118 1464 1160 καὶ
1505 1119 1564 1160 ὅτι
1601 1118 1811 1174 προφάσει

314 1192 399 1230 τῶν
443 1191 631 1242 συνεχῶν
673 1188 874 1241 πολέμων
917 1190 1078 1233 καιναῖς
1121 1188 1336 1241 εἰσφοραῖς
1378 1186 1449 1228 καὶ
1490 1190 1575 1229 τῶν
1621 1187 1815 1241 ἀρχαίων-

316 1257 511 1311 αὗξήσεσι
541 1256 613 1297 καὶ
643 1256 769 1297 εἰδῶν
798 1256 1005 1311 εἰσπράξει
1025 1255 1309 1297 παντοδαπῶν
1330 1255 1520 1310 ἐξέτρυχε
1540 1254 1586 1297 τὸ
1607 1255 1811 1310 ὑπήκοον,

315 1325 386 1366 καὶ
430 1324 554 1366 οὐδὲν
596 1325 766 1379 ἄμεινον
807 1324 1021 1379 πολεμίων
1063 1323 1109 1365 τὸ
1154 1322 1446 1378 στρατιωτικὸν
1490 1324 1685 1366 διετίθετο
1727 1327 1811 1370 τοῖς
1827 1333 1872 1369 15

259 1397 303 1432 16
316 1393 425 1448 πρὸς
457 1394 531 1439 οὓς
562 1394 614 1434 ἂν
643 1396 729 1434 τῶν
759 1393 965 1448 ὑπηκόων
997 1393 1287 1447 ἐπεχωρίασεν.
1350 1392 1416 1434 ἐπὶ
1446 1392 1605 1439 τούτοις
1637 1391 1703 1434 διὰ
1739 1392 1813 1439 τὰς

316 1460 480 1507 πυκνάς
519 1461 779 1515 ἐκστρατείας
818 1461 976 1503 ἔνδειαν
1015 1462 1121 1515 ἔχειν
1163 1461 1394 1515 χρημάτων
1431 1461 1812 1515 προφασιζόμενος,

317 1529 390 1576 τὰς
419 1529 498 1583 μὲν
520 1529 822 1583 διανεμομένας
843 1534 892 1584 τῇ
914 1529 1109 1583 γερουσίᾳ
1129 1528 1344 1584 βασιλικὰς
1370 1528 1535 1583 δωρεὰς
1555 1528 1660 1570 κατὰ
1682 1529 1813 1584 μέρος

272 1601 303 1637 Β
318 1597 540 1653 ἠλάττωσε,
583 1596 655 1644 τὰς
700 1594 737 1638 δ’
777 1598 1144 1652 ἅπονενεμημένας
1187 1598 1396 1640 ἀνέκαθεν
1441 1598 1645 1652 τεμένεσιν
1688 1599 1813 1653 ἱεροῖς

317 1728 341 1764 3
366 1729 462 1767 ὅπως
487 1728 508 1762 o‘
535 1729 667 1767 Φωκᾶς
692 1728 906 1772 Νικηφόρος
932 1729 1080 1764 διέκειτο
1105 1727 1185 1773 περὶ
1211 1727 1249 1763 τὸ
1275 1728 1448 1774 ὑπήκοον·
1475 1727 1536 1763 καὶ
1559 1729 1608 1763 ὅτι
1634 1727 1717 1764 οὐδὲ
1741 1731 1812 1763 τῶν

317 1776 625 1821 ἕκκλησιαστικῶν
649 1775 810 1821 ἀπείχετο
837 1775 900 1812 ΟΕ

392 1896 411 1930 1
429 1896 619 1941 βόστριχον
633 1895 680 1939 D,
697 1905 798 1930 corr.
812 1895 880 1934 Dw
978 1895 1001 1931 3
1026 1895 1127 1935 οὗτος
1143 1907 1217 1931 om.
1233 1896 1328 1941 Ewp
1426 1895 1574 1941 ἐγεγόνει
1589 1896 1690 1935 οὗτος
1705 1895 1812 1932 OWO

390 1943 456 1978 lat.
553 1943 578 1978 4
602 1943 761 1988 ῥωμαίος
780 1942 866 1988 W*p
966 1943 998 1978 7.
1025 1943 1047 1978 8
1075 1949 1144 1983 τοῖς
1162 1944 1212 1982 οἷς
1231 1943 1301 1978 DE
1399 1944 1444 1978 12
1469 1943 1506 1978 τὸ
1523 1942 1605 1988 AR,
1633 1954 1708 1979 om.
1726 1942 1812 1989 W*p

391 1991 437 2026 14
461 1989 568 2026 εἷδὼν
595 1990 681 2036 (sic)
708 1989 743 2025 A
909 1990 954 2026 15
979 1996 1050 2029 τοῖς
1077 2002 1151 2027 om.
1180 1991 1276 2038 pr
1448 1991 1491 2026 16
1517 1992 1757 2036 ὗπεχωρίασεν
1783 1990 1812 2027 C

390 2039 435 2074 17
460 2039 554 2122 ἔχειΒ
559 2037 595 2072 Ι)
691 2038 1020 2084 προςφασισάμενος
1045 2038 1081 2073 D
1181 2039 1226 2074 18
1249 2037 1314 2085 μὲν
1341 2049 1416 2075 om.
1435 2038 1471 2073 D
1571 2039 1615 2074 19
1640 2039 1812 2084 ἀπονεμη-

389 2086 496 2132 μένας
557 2096 619 2132 wp

318 2201 360 2235 in
386 2198 529 2245 Syriae
554 2200 667 2244 urbe,
702 2201 744 2235 in
771 2201 849 2236 olla
874 2204 1035 2246 reperta
1062 2204 1101 2236 et
1126 2204 1241 2246 parte
1268 2201 1504 2247 capillorum
1530 2201 1731 2247 baptistae
1754 2201 1813 2237 Io-

319 2248 435 2283 annis
464 2248 666 2293 sanguine
700 2252 902 2284 concreta.

260 2293 321 2329 13·
439 2294 573 2340 Atque
598 2296 640 2330 in
665 2296 787 2331 rebus
813 2296 966 2332 bellicis
993 2296 1083 2332 talis
1109 2297 1185 2332 fuit
1214 2297 1277 2332 hic
1309 2297 1529 2342 imperator
1561 2296 1814 2341 Romanique

318 2343 476 2388 imperii
514 2343 614 2378 fines
653 2343 774 2389 longe
811 2344 974 2389 lateque
1011 2345 1273 2390 propagavit,
1318 2344 1389 2380 sed
1435 2344 1553 2379 certis
1591 2344 1642 2379 de
1680 2344 1812 2379 causis

260 2388 305 2423 14
320 2391 497 2426 omnium
525 2390 618 2425 odia
644 2392 832 2437 suscepit.
883 2392 966 2427 Eae
991 2393 1168 2434 fuerunt,
1196 2391 1315 2437 quod,
1348 2401 1438 2427 cum
1464 2392 1490 2426 ii
1517 2391 1670 2435 milites,
1711 2401 1812 2436 quos

320 2438 556 2473 defectionis
571 2439 701 2474 socios
715 2439 924 2483 habuerat,
947 2439 1094 2474 damna
1112 2439 1308 2474 inferrent
1328 2439 1523 2483 omnibus,
1542 2439 1582 2474 in
1604 2449 1704 2484 quos
1718 2439 1812 2474 inci-

319 2485 474 2529 derant,
492 2485 559 2520 ille
577 2496 658 2530 eos,
685 2487 754 2532 qui
774 2486 921 2521 damna
939 2490 1192 2532 acceperant,
1219 2497 1300 2522 non
1320 2489 1480 2522 curaret
1499 2489 1538 2521 et
1555 2487 1689 2521 multis
1707 2486 1813 2521 aedi-

318 2533 395 2567 bus
417 2536 501 2568 tum
527 2534 740 2569 illustrium
758 2536 843 2569 tum
861 2534 1110 2580 plebeiorum
1130 2534 1334 2570 hominum
1354 2534 1531 2579 direptis,
1558 2534 1614 2568 sic
1643 2534 1812 2569 affectus

319 2583 434 2624 esset,
463 2582 579 2625 quasi
598 2581 695 2616 nihil
710 2582 805 2616 mali
823 2581 1052 2627 accidissct3
1082 2581 1154 2617 sed
1179 2581 1457 2617 delectabatur
1483 2582 1617 2626 pot-ius
1642 2582 1811 2626 iniuriis,

320 2627 466 2672 quibus
493 2629 602 2664 cives
629 2630 916 2674 onerabantur,
955 2630 1140 2674 quamvis
1166 2639 1305 2664 eorum
1340 2639 1416 2674 ope
1442 2629 1495 2663 ad
1526 2639 1699 2674 regnum
1725 2639 1810 2674 per-

261 2672 306 2709 15
320 2675 505 2710 venisset.
556 2676 774 2712 Praeterea
807 2677 1096 2712 continentium
1129 2676 1325 2712 bellorum
1359 2679 1574 2721 praetextu
1599 2677 1716 2711 novis
1745 2677 1811 2711 tri-

319 2722 425 2757 butis
443 2723 699 2759 instituendis
718 2727 757 2759 et
783 2725 989 2759 veteribus
1013 2724 1224 2769 augendis,
1253 2724 1379 2759 omnis
1405 2725 1566 2769 generis
1593 2724 1810 2759 exactioni-

319 2770 394 2804 bus
413 2770 616 2806 subiectos
634 2771 852 2816 premebat,
878 2782 979 2817 quos
998 2772 1149 2815 milites,
1175 2781 1419 2816 quocunque
1450 2774 1658 2816 venerant,
1684 2771 1808 2806 nihilo

261 2814 305 2849 16
321 2816 554 2852 clementius
580 2819 819 2862 tractabant,
848 2829 968 2864 quam
995 2819 1140 2854 hostes.
1190 2817 1253 2853 Ad
1279 2818 1379 2853 haec
1406 2818 1457 2853 ob
1483 2819 1716 2864 frequentes
1742 2828 1808 2854 ex·

321 2864 555 2908 peditiones,
582 2867 780 2910 pecuniae
806 2867 983 2912 inopiam
1002 2866 1220 2910 causando,
1246 2866 1381 2911 reg-ias
1399 2867 1634 2912 largitiones
1651 2867 1809 2901 senatui

320 2910 407 2946 dari
444 2912 580 2947 solitas
619 2923 669 2948 ex
708 2917 823 2959 parte
861 2914 1123 2951 imminuebat
1160 2916 1199 2950 et
1237 2923 1374 2950 annua
1409 2913 1517 2949 dona
1549 2913 1600 2949 ab
1633 2914 1809 2959 antiquis
