1968 3302
276 207 322 244 56
664 204 845 244 zoNAR.
873 206 1003 244 EPIT.
1031 207 1127 244 XIII
1154 206 1210 253 11,
1234 206 1387 244 11—23.

276 331 423 373 τεῦθεν
461 333 627 385 συνεχεῖ
658 329 835 384 ληφθεὶς
872 335 1042 384 πυρετῷ
1079 330 1208 386 χολήν
1244 347 1285 373 τε
1322 331 1548 386 ἀναγαγὼν
1578 332 1776 387 μέλαιναν

278 400 533 455 ἐτελεύτησεν
565 401 609 441 ἓν
640 398 806 453 Μόψου
839 400 974 454 κρήνῃ
1023 398 1166 453 [κεῖται
1205 399 1250 442 δὲ
1289 401 1391 456 αὕτη
1436 401 1541 443 κατὰ
1585 402 1659 457 τὴν
1701 406 1774 445 τοῦ

153 471 188 506 D
219 470 261 506 112
280 469 448 523 Ταύρου
480 467 727 522 ὑπώρειαν),
763 468 828 510 ἐπὶ
858 469 995 521 τρισίν,
1029 468 1090 514 ὡς
1118 468 1284 522 λέγεται,
1316 471 1591 525 μεμφόμενος
1622 472 1773 526 ἑαυτῷ,

275 542 336 592 τῷ
367 538 491 593 φόνῳ
522 541 608 579 τῶν
639 540 852 590 συγγενῶν
887 535 954 590 (οὗ
988 536 1067 590 γὰρ
1099 536 1170 579 τὸν
1191 537 1354 580 Γάλλον
1374 539 1507 593 μόνον
1529 541 1774 590 ἀπέκτεινεν,

276 607 338 653 ὡς
369 609 523 662 εἴρηται
555 606 652 661 ἤδη,
686 606 787 647 ἀλλὰ
820 605 890 647 καὶ
921 605 1018 652 τοὺς
1050 606 1260 661 ἀδελφοὺς
1290 611 1363 650 τοῦ
1396 610 1550 651 οἰκείου
1582 606 1810 665 πατρός),5

275 680 324 731 τῇ
356 676 581 730 ἄναρρήσει
612 678 685 717 τοῦ
712 674 941 716 Ἰουλιανοῦ
974 674 1044 716 καὶ
1075 679 1124 730 τῇ
1156 677 1400 731 καινοτομίᾳ
1431 682 1503 733 τῆς
1533 679 1723 726 πίστεως.

217 747 261 781 13
386 743 469 786 'Hp
502 743 547 785 δὲ
579 744 602 784 ὅ
635 743 912 797 αὐτοκράτωρ
945 742 1068 790 οὗτος
1106 744 1283 799 εὐμενὴς
1321 745 1399 800 μὲν
1434 751 1520 794 τοῖς
1555 748 1774 803 ὑπηκόοις,

79 815 129 851 W
144 815 200 852 III
216 815 262 851 ΞΟ
277 813 517 867 δικαιοσύνῃ
553 812 597 854 δὲ
628 812 722 865 περὶ
753 811 825 858 τὰς
862 813 1015 867 κρίσεις
1053 817 1242 868 στοιχῶν,
1290 815 1382 869 περὶ
1414 815 1488 870 τὴν
1520 817 1676 859 δίαιταν
1708 818 1774 872 ἔγ-

275 883 443 936 κρατής,
485 883 528 923 ἓν
559 885 646 927 ταῖς
677 884 762 923 τῶν
794 882 1030 936 ἡγεμονιῶν
1062 882 1133 924 καὶ
1163 887 1250 929 ταῖς
1281 887 1366 926 τῶν
1398 885 1653 939 ἀξιωμάτων
1685 887 1773 928 δια-

275 955 423 1005 νομαῖς
465 954 539 992 τοῦ
582 950 873 1004 προσήκοντος
917 951 1236 1006 στοχαζόμενος,
1283 953 1445 1007 μηδένα
1489 958 1539 1009 τῇ
1579 955 1774 1010 γερουσίᾳ
1790 949 1835 985 ¹⁰
1951 1005 1958 1014 ς

275 1019 529 1073 συντάσσων,
579 1020 626 1065 ὃς
664 1019 714 1060 οὗ
751 1019 940 1065 παιδείας
977 1021 1212 1075 μετείληχεν
1251 1021 1351 1063 οὐδὲ
1388 1023 1545 1078 ἤσκητο
1583 1023 1691 1078 πρὸς
1726 1024 1773 1066 τὸ
1951 1032 1959 1075 ξ

217 1091 261 1126 14
274 1088 403 1142 λέγειν
434 1088 504 1130 καὶ
535 1088 625 1143 ᾔδει
659 1088 834 1142 γράφειν
866 1089 1088 1143 ἐμμέτρως
1118 1106 1160 1131 τε
1191 1090 1262 1131 καὶ
1292 1092 1445 1140 πεζῶς.
1499 1092 1592 1146 περὶ
1625 1093 1670 1135 δὲ
1701 1093 1774 1148 τὴν
1950 1091 1959 1129 ἶ

274 1157 405 1198 πίστιν
437 1157 623 1211 ὑπῆρχεν
655 1157 734 1198 οὐκ
767 1158 940 1212 εὖαγής’
975 1159 1025 1200 οὗ
1059 1158 1138 1212 γὰρ
1164 1164 1214 1214 τῇ
1235 1164 1415 1215 πατρικῇ
1438 1162 1624 1216 εὐσεβείᾳ
1646 1162 1773 1204 ἕστοί-
1790 1160 1938 1207 Ῑ).ΠῙ2

275 1241 412 1280 χησεν,
458 1225 559 1267 ἀλλὰ
592 1226 826 1279 προσέθετο
857 1230 941 1272 τοῖς
973 1227 1247 1282 ἄρειανίζουσι
1280 1229 1445 1284 σπουδῇ
1476 1234 1549 1272 τοῦ
1580 1234 1666 1273 τῶν
1695 1232 1773 1286 βα-
1950 1233 1968 1287 ᾖ

0 1298 27 1333 Ρ
45 1299 79 1334 ΙΙ
95 1297 189 1334 23A
217 1298 261 1334 15
276 1294 445 1336 σιλικῶν
477 1294 695 1348 εὐνούχων
725 1295 1017 1347 πρωτεύοντος
1048 1295 1275 1351 Εὖσεβίου·
1321 1298 1423 1340 ὅθεν
1455 1299 1525 1340 καὶ
1555 1299 1627 1341 τὸν
1657 1301 1775 1343 θεῖον
1791 1294 1836 1331 15
1947 1287 1968 1360 ᾗ

268 1362 556 1417 Ἀλέξανδρον,
605 1364 652 1409 ὃς
688 1363 791 1417 μετὰ
830 1363 901 1405 τὸν
939 1364 1052 1418 ἱερὸν
1083 1365 1379 1421 Μητροφάνην
1415 1369 1673 1424 πατριάρχης
1702 1373 1775 1424 τῆς
1951 1360 1968 1459 ³

275 1433 372 1478 νέας
398 1431 567 1486 Ῥώμης
593 1432 918 1487 κεχειροτόνητο,
951 1434 1186 1488 ἠνάγκαζεν
1208 1436 1264 1481 εἰς
1285 1437 1508 1478 κοινωνίαν
1530 1437 1601 1479 τὸν
1613 1437 1776 1492 ’Ἀρειον
1949 1458 1968 1499 3}

277 1501 491 1549 δέξασθαι,
524 1500 549 1542 ὁ
581 1500 626 1542 δὲ
659 1501 709 1542 οὗ
742 1502 952 1544 κατένευε·
989 1502 1053 1545 διὸ
1085 1503 1155 1545 καὶ
1188 1504 1368 1546 σύνοδον
1399 1506 1423 1547 ὁ
1454 1505 1646 1560 βασιλεὺς
1676 1523 1774 1562 συγ-
1950 1498 1968 1566 ἓ

218 1576 262 1611 16
276 1569 536 1624 κροτηθῆναι
568 1570 832 1623 προσέταξεν.
895 1571 1050 1626 ὥριστο
1089 1571 1164 1614 οὖν
1203 1577 1251 1628 τῇ
1292 1574 1461 1628 συνόδῳ
1500 1575 1657 1630 ἡμέρα·
1706 1575 1778 1618 καὶ
1950 1562 1968 1689 ἓ

1952 1673 1968 1734 '2

276 1700 298 1736 7
323 1700 395 1739 οἶος
420 1700 464 1746 ἦν
490 1700 526 1742 (ὅ
549 1700 641 1736 add.
669 1701 714 1744 E)
741 1702 982 1741 Κωνστάντιος
1008 1701 1088 1746 ΑΕ,
1116 1704 1187 1742 οἶος
1213 1705 1234 1738 ὁ
1256 1704 1502 1744 Κωνστάντιος
1526 1706 1570 1751 ἧν
1597 1704 1626 1742 C

349 1819 369 1854 1
396 1826 538 1865 συνεχεῖ
559 1821 711 1865 ληφθεὶς
738 1820 820 1865 AR,
861 1823 1079 1868 συλληφθεὶς
1106 1823 1206 1869 pr
1359 1825 1382 1860 4
1408 1825 1586 1861 ἀπέκτεινε
1610 1827 1720 1871 μόνον
1745 1826 1776 1861 Ε

347 1867 370 1903 5
395 1867 543 1914 εἴρηται]
570 1868 668 1904 XIII
694 1869 727 1912 9,
747 1870 829 1905 188.
929 1871 950 1906 7
976 1870 1015 1906 δὲ
1032 1871 1112 1916 Dw,
1139 1871 1205 1917 γὰρ
1227 1873 1262 1908 D
1368 1873 1390 1908 9
1417 1876 1511 1908 ante
1536 1874 1573 1909 ἒν
1599 1874 1691 1909 add.
1717 1874 1778 1910 καὶ

347 1914 510 1962 prDi
607 1917 651 1952 11
679 1917 720 1953 οὗ
746 1916 816 1952 AR
848 1920 915 1955 Wo
942 1919 1021 1962 lat„
1050 1930 1124 1955 om.
1143 1920 1228 1966 W*p
1329 1921 1373 1956 12
1399 1921 1466 1966 ἤδη
1487 1920 1549 1957 CE
1648 1922 1693 1958 16
1717 1927 1778 1968 τῆς

348 1973 424 2000 om.
439 1964 470 1999 E
570 1965 615 2000 18
640 1965 682 2000 οὗ
705 1965 711 2009 Ι
733 1965 774 2000 οὐ
791 1965 827 2000 Α
925 1966 971 2001 19
996 1972 1080 2013 γοῦν
1098 1968 1129 2002 Ε

277 2078 454 2113 evomita
480 2078 600 2123 nigra
626 2083 810 2114 mortuus
840 2083 900 2115 est
925 2080 1219 2124 Mopsum-enne
1247 2083 1337 2122 (sita
1364 2093 1462 2118 vero
1490 2083 1590 2119 haec
1617 2086 1675 2119 est
1702 2085 1775 2120 sub

217 2118 262 2153 12
276 2125 403 2160 Tauri
427 2125 662 2170 radicibus),
698 2128 827 2163 tribus
860 2128 910 2163 de
943 2129 1077 2172 rebus,
1118 2134 1162 2164 ut
1190 2130 1347 2171 dicitur,
1387 2132 1624 2176 vituperans
1651 2135 1776 2168 semet

275 2174 407 2218 ipsum
435 2176 474 2208 et
501 2173 550 2209 de
576 2185 676 2210 nece
703 2176 1024 2221 propinquorum
1061 2177 1156 2220 (non
1185 2179 1289 2213 enim
1316 2177 1474 2214 Gallum
1504 2179 1633 2215 solum
1659 2190 1776 2216 neca-

276 2224 404 2265 verat,
430 2223 476 2256 ut
502 2221 653 2257 dictum
678 2223 757 2258 iam
786 2227 855 2267 est,
884 2224 956 2259 sed
983 2225 1102 2259 etiam
1131 2226 1277 2261 fratres
1304 2227 1365 2261 sui
1392 2227 1532 2272 patris)
1567 2230 1605 2263 et
1633 2228 1683 2263 de
1709 2238 1776 2274 ap-

277 2268 425 2314 pellato
452 2268 611 2305 Iuliano
639 2274 678 2305 et
705 2270 755 2306 de
780 2274 936 2306 mutata
962 2272 1052 2307 fide.

218 2309 263 2345 13
396 2316 493 2351 Erat
519 2320 654 2353 autem
681 2319 901 2364 imperator
927 2320 991 2355 hic
1023 2321 1247 2356 benevolus
1282 2332 1381 2366 erg-a
1413 2322 1628 2366 subiectos,
1666 2324 1775 2359 iusti-

276 2364 373 2398 tiam
405 2364 613 2400 iudicandi
649 2369 820 2410 sectans,
858 2367 1018 2403 modica
1046 2369 1140 2412 vita,
1179 2370 1219 2403 in
1255 2369 1496 2404 mandandis
1527 2371 1705 2415 imperiis
1737 2374 1776 2406 et

276 2412 584 2456 magistratibus
610 2415 731 2458 aequi
760 2415 994 2459 observans,
1022 2415 1175 2450 nullum
1203 2417 1242 2451 in
1263 2421 1446 2452 senatum
1467 2418 1682 2454 admittens
1699 2419 1775 2454 nisi

277 2459 515 2495 eruditionis
541 2462 778 2506 participem
807 2465 930 2508 atque
958 2464 1223 2499 exercitatum
1257 2466 1297 2499 in
1329 2465 1500 2500 dicendo
1534 2467 1589 2501 ita
1621 2469 1666 2501 ut
1699 2467 1776 2501 cal-

218 2500 376 2542 141eret
403 2508 581 2543 scribere
615 2509 843 2545 devinctam
879 2513 917 2546 ct
952 2521 1113 2555 prosam
1148 2513 1383 2547 orationem.
1432 2513 1573 2558 Neque
1599 2524 1697 2549 vcro
1725 2514 1775 2550 de

276 2554 355 2590 fide
383 2558 469 2590 erat
495 2566 640 2601 purus;
667 2567 761 2592 nam
787 2568 870 2592 non
896 2559 1066 2603 patriam
1096 2560 1285 2604 pietatem
1313 2565 1475 2596 secutus
1504 2563 1574 2603 est,
1602 2562 1673 2596 sed
1696 2565 1776 2597 stu-

277 2601 364 2637 duit
391 2601 553 2638 Arianis
592 2605 767 2650 impulsu
806 2603 1011 2649 reg-iorum
1054 2608 1331 2642 eunuchorum
1373 2609 1564 2654 principis
1598 2609 1773 2652 Eusebii,

218 2644 262 2679 15
276 2649 332 2684 ita
363 2652 408 2684 ut
440 2651 559 2686 etiam
591 2651 638 2687 D.
666 2650 944 2688 Alexandrum
977 2657 1068 2699 post
1101 2653 1137 2690 S.
1165 2654 1467 2700 Metrophanem
1503 2657 1774 2701 patriarcham

275 2707 410 2732 novae
428 2697 581 2734 Romae
608 2702 788 2735 creatum
815 2701 995 2736 studeret
1022 2712 1170 2744 cogere
1196 2703 1237 2737 in
1263 2704 1496 2739 societatem
1511 2702 1651 2740 Arium
1677 2705 1774 2740 reci-

277 2754 384 2788 pere.
435 2745 576 2790 Neque
603 2757 701 2783 vero
728 2748 793 2783 ille
820 2749 1045 2794 annuebat3
1072 2750 1210 2794 itaque
1238 2751 1450 2786 concilium
1477 2762 1550 2787 rex
1578 2752 1670 2797 cogi
1696 2752 1773 2787 ius-

218 2788 262 2823 16
277 2792 336 2826 sit.
388 2791 563 2828 Definita
602 2795 728 2840 igitur
767 2798 827 2831 est
861 2797 1030 2832 concilio
1065 2797 1166 2842 dies3
1205 2796 1438 2833 Alexander
1471 2799 1522 2833 ad
1556 2809 1771 2845 vesperum

276 2839 386 2874 illum
421 2843 643 2877 sacrarium
678 2843 886 2888 ingressus
922 2855 1092 2890 corpore
1126 2848 1327 2890 prostrato
1362 2847 1607 2891 precabatur
1639 2847 1770 2891 deum,

275 2896 328 2923 ne
355 2887 605 2935 concederet,
632 2893 677 2926 ut
703 2891 834 2939 lupuS,
865 2890 1007 2930 Arium
1033 2892 1281 2941 intellegenS,
1309 2894 1350 2931 in
1377 2904 1545 2940 gregem
1573 2905 1689 2931 suum
1715 2896 1771 2931 in-
