2054 3282
366 251 568 290 ROMANI
594 251 884 290 INTERITVS.
931 244 1168 290 MICHAEL
1193 251 1258 288 IV.
1284 250 1598 288 IMPERATOR.
1659 250 1730 289 585

24 349 355 439 svl136a2’nq'5
383 374 458 430 ῐῆν
487 375 677 430 κεφαλήν
707 390 835 430 φασιν
865 375 931 417 ἐπὶ
960 374 1008 418 τὸ
1038 375 1160 429 ὕδωρ
1191 372 1258 430 ἐφ’
1292 374 1450 429 ἱκανόν,
1491 374 1562 416 καὶ
1593 374 1730 420 οὕτως

237 443 403 486 ἐκεῖθεν.
438 444 599 485 ἄπνουν
639 444 893 499 ἀνιμηθῆναι
930 443 1082 499 σχεδὸν
1111 443 1183 486 καὶ
1213 443 1487 499 ἀνακλιθῆναι
1518 441 1627 497 πρὸς
1655 441 1731 496 τὴν

238 513 476 567 στρωμνήν.
537 512 650 566 θροῦ
683 509 720 553 δ’
748 512 813 554 ἐπὶ
834 512 970 566 τούτῳ
1001 513 1239 568 συμβάντος
1267 512 1462 567 παρῆλθε
1492 511 1564 553 καὶ
1593 511 1619 565 ἡ
1651 511 1729 565 βα·
1743 513 1789 551 27
1817 513 1846 550 C

237 580 348 628 σιλίς,
388 580 451 626 ὡς
482 580 534 635 δή
566 596 600 621 τι
631 585 692 635 τῷ
721 581 850 622 πάθει
881 581 1213 630 ἐπιστενάζουσα.
1251 581 1322 622 καὶ
1352 579 1729 635 πληροφορηθεῖσα

201 652 310 690 5τοῧ
347 649 553 703 βασιλέως
595 648 670 703 τὴν
707 648 896 703 τελευτὴν
939 649 1128 705 ἀπῆλθεν
1171 649 1312 696 εὐθύς.
1375 649 1399 690 ὁ
1436 649 1483 690 δὲ
1517 647 1657 703 βραχύ
1695 663 1730 688 τι
1743 650 1790 686 28

237 715 423 771 ἐπιβιοὺς
459 717 658 771 ἄναυδος,
684 716 784 758 ἐἶτα
822 718 893 759 καὶ
927 718 1179 772 μελάντερον
1214 735 1250 759 τι
1286 717 1513 772 ἀναγαγὼν
1551 715 1618 758 διὰ
1656 719 1730 757 τοῦ

238 784 444 839 στόματος
486 785 627 840 ἀφῆκε
669 785 715 827 τὸ
758 790 937 840 πνεῦμα,
982 788 1050 841 ἔτη
1087 787 1334 841 βασιλεύσας
1370 787 1489 827 πέντε
1524 784 1632 839 πρὸς
1669 789 1731 838 τῷ
1743 787 1790 823 ‘29

238 854 387 908 ἡμίσει,
420 853 558 908 λόγοις
587 854 666 908 μὲν
697 855 911 909 ἐντραφεὶς
943 855 1156 909 ἑλληνικῆς
1185 871 1227 896 τε
1253 855 1442 901 παιδείας
1461 852 1731 908 μετεσχηκὼς

237 921 309 963 καὶ
338 925 425 963 τῶν
454 926 527 977 τῆς
557 922 761 969 πολιτείας
791 922 939 970 νόμων
970 924 1049 964 οὐκ
1081 923 1229 978 ἀδαής,
1261 923 1389 964 πλείω
1423 920 1460 964 δ’
1493 922 1642 964 εἰδέναι
1667 919 1731 963 ὧν

182 994 226 1030 10
236 990 328 1045 ᾔδει
359 990 421 1036 ὡς
452 990 627 1045 ἀληθῶς
658 991 851 1045 οἰόμενός
880 1007 922 1032 τε
952 990 1023 1032 καὶ
1054 991 1372 1046 σεμνυνόμενος.

360 1058 516 1100 Τοῦτον
545 1059 624 1112 μὲν
655 1058 732 1100 οὗν
761 1063 949 1100 τοιοῦτον
980 1060 1215 1114 κατειλήφει
1245 1059 1292 1100 τὸ
1322 1059 1453 1113 τέρμα
1483 1062 1557 1113 τῆς
1576 1059 1728 1113 βιοτῆς.
1748 1057 1802 1098 14

238 1128 264 1181 ἡ
297 1126 343 1168 δὲ
373 1126 532 1181 βασιλὶς
562 1126 638 1181 ὅλη
670 1131 744 1168 τοῦ
775 1127 847 1169 τὸν
868 1127 1041 1182 ᾹΙιχαὴλ
1063 1127 1363 1181 ἐγκαθιδρῦσαι
1387 1131 1448 1181 τῷ
1478 1126 1628 1180 θρόνῳ
1659 1129 1766 1180 τῆςξ.)

237 1195 445 1250 βασιλείας
482 1195 654 1249 ἐγένετο,
699 1195 769 1237 καὶ
805 1199 891 1237 τῶν
925 1196 1019 1249 περὶ
1050 1196 1180 1251 αὐτὴν
1209 1199 1294 1237 τῶν
1323 1194 1537 1249 πατρῴων
1569 1193 1729 1249 δηλαδὴ
1745 1197 1780 1232 D

238 1263 517 1317 θεραπόντων
548 1264 676 1318 αὐτῆς
707 1264 894 1318 ἀναβολῇ
925 1263 971 1305 τὸ
1002 1267 1176 1318 πρᾶγμα
1200 1264 1345 1305 δοῦναι
1366 1263 1437 1305 καὶ
1458 1263 1604 1316 σκέψει
1624 1277 1730 1316 συμ-

183 1339 225 1375 15
237 1332 545 1386 βουλευόντων·
578 1333 603 1386 ἡ
637 1332 683 1374 δὲ
714 1333 793 1374 οὐκ
826 1333 1019 1387 ἠνείχετο,
1052 1333 1374 1387 κατεπειγομένη
1402 1331 1510 1385 πρὸς
1531 1330 1604 1385 τὴν
1624 1330 1767 1372 τελε-3

239 1400 453 1454 σιουργίαν
495 1399 566 1441 καὶ
602 1399 718 1453 παρὰ
756 1404 829 1442 τοῦ
861 1401 1056 1454 ἐκτομίου
1083 1400 1283 1442 Ἰωάννου
1314 1403 1387 1441 τοῦ
1420 1399 1626 1454 συγγόνου
1658 1402 1731 1440 τοῦ

238 1467 426 1523 .Μιχαήλ,
458 1468 599 1523 λάθρᾳ
630 1467 739 1522 πρὸς
769 1468 899 1523 αὐτὴν
929 1469 1316 1523 ὑποψιθυρίσαντος
1341 1468 1403 1514 ὡς
1422 1467 1731 1522 “ἀπολούμεθα

239 1536 401 1591 αὐτίκα,
446 1537 484 1578 εἶ
516 1537 670 1592 βραχεῖ
700 1553 772 1578 τινι
809 1541 947 1592 καιρῷ
984 1537 1030 1579 τὸ
1064 1537 1323 1591 ἀποτέλεσμα
1355 1536 1598 1591 βραδυνεῖ.”
1658 1536 1767 1577 λα-4

242 1675 280 1710 ll
309 1676 467 1722 βασιλεία
492 1675 639 1722 Μιχαὴλ
665 1680 725 1711 τοῦ
750 1675 986 1722 Παᾷπλαγόνος
1011 1674 1093 1721 AR,
1119 1674 1267 1721 ᾹῙιχαὴλ
1293 1675 1315 1710 ὁ
1337 1674 1546 1720 Παφλαγών
1572 1673 1602 1709 Β

311 1803 334 1839 5
359 1809 420 1840 τοῦ
444 1804 618 1850 βασιλέως
644 1808 734 1850 post
758 1804 819 1850 τὴν
845 1803 876 1838 Β
989 1804 1012 1839 6
1036 1803 1202 1850 ἀποβιοὺς
1229 1804 1260 1839 Ε
1378 1804 1410 1838 6.
1437 1803 1458 1838 ’7
1484 1802 1540 1837 διὰ
1566 1803 1733 1846 στόματος

311 1851 496 1896 ἀναγαγών
522 1865 551 1887 τι
577 1852 788 1896 μελάντερον
813 1851 877 1888 BC
1052 1853 1073 1886 6
1100 1857 1159 1887 τοῦ
1187 1863 1261 1887 om.
1289 1851 1324 1886 D
1501 1850 1524 1885 8
1547 1850 1670 1894 λόγους
1697 1849 1732 1884 D

315 1899 360 1934 10
382 1900 461 1944 ᾔδει
487 1898 674 1945 RsswpDi‚
701 1900 769 1945 ἤδη
797 1900 832 1935 Α
993 1900 1035 1935 11
1064 1899 1196 1944 τοῦτον]
1223 1899 1280 1934 τὸν
1306 1898 1370 1935 BC
1531 1897 1568 1932 τὸ
1595 1907 1670 1932 om.
1697 1897 1732 1932 D

360 1947 398 1982 τὸ
422 1952 483 1992 τῆς
507 1948 602 1992 ζωῆς
629 1946 664 1981 D
795 1947 839 1982 12
863 1947 1117 1993 ἐγκαθιδρῦσαι
1145 1945 1310 1993 EwpDi,
1336 1945 1588 1992 ἑγκαθιδρύσαι
1615 1943 1684 2002 ΑῚΟ

314 2030 358 2066 13
384 2030 519 2076 δηλαδὴ
547 2035 636 2076 post
663 2030 773 2076 αὐτὴν
799 2030 828 2066 C
961 2030 1003 2065 14
1028 2031 1160 2076 σκήψει
1190 2029 1230 2074 C,
1258 2040 1359 2066 corr.
1386 2029 1447 2067 Cw
1571 2028 1614 2064 16
1638 2006 1665 2064 ,νει
1691 2027 1732 2071 C,

310 2077 406 2122 παρὰ
433 2077 494 2115 Cw
604 2078 646 2113 17
672 2077 776 2113 αὐτὸν
802 2078 837 2113 D
952 2078 1006 2114 17.
1036 2078 1080 2113 18
1106 2078 1157 2116 ὡς
1182 2078 1411 2122 ἀπολούμεθα
1436 2076 1560 2112 αὐτίκα
1588 2087 1663 2111 om.
1691 2076 1730 2119 C,

312 2125 404 2162 add.
431 2125 492 2164 Cw
524 2126 716 2161 asterisco
749 2131 882 2161 tamen
919 2126 1022 2161 inter
1048 2125 1181 2172 μιχαὴλ
1215 2129 1254 2161 et
1285 2125 1401 2170 λάθρᾳ
1434 2125 1575 2170 posito,
1615 2125 1730 2169 quasi

313 2174 459 2210 omissa
486 2173 612 2209 verba
640 2174 719 2209 sint
745 2173 780 2208 h.
807 2173 829 2209 1.
857 2173 1074 2210 inserenda

239 2302 317 2337 iam
346 2302 431 2338 fere
457 2302 681 2337 exanimem
710 2301 804 2337 inde
828 2305 1052 2337 extractum
1081 2305 1119 2337 et
1146 2302 1184 2336 in
1213 2302 1314 2336 lecto
1345 2300 1592 2336 reclinatum.
1643 2300 1732 2342 Qua
1746 2296 1791 2332 2⁷

240 2349 291 2385 de
316 2359 360 2385 re
392 2359 554 2385 rumore
588 2354 687 2392 orm,
727 2350 844 2384 etiarn
879 2350 1033 2395 regina,
1078 2349 1128 2383 ob
1163 2359 1298 2384 casum
1327 2348 1434 2383 illum
1468 2357 1635 2394 gemens
1661 2348 1731 2383 sci-

239 2396 341 2442 licet,
382 2397 550 2433 accessit
589 2407 637 2432 ae
674 2397 751 2431 iam
793 2402 903 2432 certa
942 2397 992 2432 de
1029 2397 1133 2431 illius
1171 2407 1270 2431 noce
1301 2396 1433 2431 statim
1469 2395 1643 2430 recessit.
1694 2392 1792 2430 1³28

241 2454 338 2481 vero
365 2454 455 2480 cum
511 2444 701 2491 aullisper
730 2444 863 2479 adhuc
895 2445 981 2479 sine
1017 2454 1118 2479 voce
1153 2445 1351 2487 iacuisset,
1397 2442 1546 2477 reiecta
1579 2453 1652 2488 per
1687 2452 1731 2477 os

240 2492 359 2538 nigra
385 2502 466 2538 qua
497 2502 561 2527 am
588 2493 757 2527 materia
781 2493 962 2538 spiritum
983 2492 1122 2527 emisit.
1174 2491 1376 2538 Regnavit
1403 2500 1530 2525 annos
1552 2487 1791 2535 quinquefzss

240 2543 280 2575 et
305 2549 377 2575 sex
403 2550 572 2583 menses,
612 2539 664 2574 ab
691 2540 856 2575 ineunte
888 2543 1022 2574 aetate
1053 2540 1093 2574 in
1129 2539 1270 2574 litteris
1302 2537 1484 2574 eruditus
1516 2541 1555 2572 et
1581 2547 1732 2583 grae-ca

240 2587 424 2623 doctrina
448 2588 654 2623 institutus
673 2587 891 2633 legumque
912 2587 1086 2622 civilium
1114 2586 1222 2622 haud
1242 2586 1429 2631 ignarum
1456 2585 1570 2631 plura
1597 2589 1730 2619 tamon

242 2635 404 2670 omnino
431 2644 474 2670 se
500 2635 603 2670 scire.
629 2644 748 2680 quam
777 2634 931 2670 sciebat
957 2638 996 2670 et
1022 2634 1193 2680 putabat
1219 2638 1256 2669 et
1283 2633 1547 2679 gloriabatur.

358 2681 414 2717 14,
465 2682 553 2724 Quo
580 2682 687 2717 hune
714 2683 821 2717 vitae
849 2683 1001 2718 exitum
1028 2682 1179 2725 sortito,
1208 2682 1350 2726 regina
1376 2690 1458 2715 uno
1485 2679 1618 2715 studio
1646 2678 1768 2714 orat2

240 2729 417 2773 incitata,
451 2733 496 2765 ut
522 2729 778 2765 MianmAEM
807 2730 845 2764 in
874 2730 987 2775 regio
1014 2729 1112 2763 solio
1146 2728 1371 2771 collocaret,
1411 2727 1595 2773 quamvis
1622 2726 1732 2761 fami-

242 2776 360 2812 liares
384 2777 483 2819 eius,
522 2778 678 2823 paterni
707 2777 895 2813 videlicet
920 2777 1100 2820 ministri,
1136 2776 1366 2819 suaderent,
1405 2779 1449 2810 ut
1474 2783 1587 2810 mora
1614 2774 1731 2809 inter-

241 2825 371 2870 posita
398 2824 651 2860 deliberaret.
702 2824 818 2866 Quod
845 2829 1063 2871 aspernata
1090 2824 1297 2859 consilium
1326 2832 1408 2858 rem
1437 2822 1487 2857 ad
1507 2822 1626 2857 finem
1646 2820 1768 2867 per-3

241 2870 391 2907 ducere
424 2871 653 2915 festinabat,
692 2872 886 2907 incitante
921 2872 1153 2917 praesertim
1188 2870 1368 2917 spadone
1403 2870 1567 2910 Ioanne,
1606 2870 1732 2904 fratre

241 2917 455 2964 michaeli&
489 2920 556 2965 qui
585 2920 621 2955 ei
648 2919 748 2955 clam
777 2920 1052 2955 insusurrarat
1079 2930 1166 2955 sese
1193 2928 1331 2954 omnes
1358 2918 1489 2953 statim
1521 2917 1732 2963 perituros,
