2054 3282
357 210 428 247 422
731 210 910 248 ZONAR.
940 210 1068 246 EPIT.
1098 210 1187 245 XVI
1214 211 1246 255 8,
1273 211 1401 256 30—9,
1430 211 1483 246 10.

354 332 503 386 μονάς,
549 334 595 378 ὃς
639 333 786 373 ἕνδεκα
831 332 898 385 ἔτη
943 330 991 371 τά
1034 332 1166 372 πάντα
1211 331 1306 378 τοὺς
1344 336 1414 386 τῆς
1452 332 1671 387 ἐκκλησίας
1708 334 1850 375 ἴθυνεν

356 402 515 450 οἴακας,
549 401 573 441 ὁ
601 401 765 446 Φώτιος
796 399 841 440 τὸ
874 400 1067 453 δεύτερον
1097 399 1213 453 παρὰ
1244 405 1317 441 τοῦ
1340 401 1559 442 Βασιλείου
1591 402 1647 448 εἷς
1678 401 1748 444 τὸν
1778 407 1850 457 τῆς

233 471 266 506 D
294 472 337 507 31
355 469 669 524 ἀρχιερωσύνης
712 468 874 522 ’θρόνον
917 469 1118 522 ἀνάγεται.
1181 469 1378 523 ἐπιβουλὴ
1426 469 1471 510 δὲ
1509 471 1848 525 συσκευαζομένη

74 538 267 575 W111136
293 541 340 575 32
353 536 458 577 κατὰ
496 541 568 578 τοῦ
608 536 814 589 βασιλείης
853 537 932 577 οὐκ
971 536 1131 577 ἔλαθεν.
1194 537 1296 578 ὅθεν
1327 537 1351 579 ὁ
1381 537 1460 591 μὲν
1498 537 1691 592 ἐξάρχων
1722 538 1849 592 αὐτῆς

348 604 567 658 Ἡιηιανὸς
593 605 616 645 ὁ
639 604 896 657 Κουρκούας
928 604 1105 658 ἐξεκόπη
1138 604 1186 645 τὰ
1219 605 1403 659 ὄμματα,
1437 606 1476 645 οἱ
1508 605 1553 646 δὲ
1585 606 1719 660 τούτῳ
1750 611 1884 647 συν-5

353 674 610 727 ομοσάμενοι
654 673 909 718 αἰκισθέντες
952 673 1023 714 καὶ
1059 674 1253 726 καρέντες
1290 673 1363 728 τὴν
1399 673 1592 727 τρίχωσιν
1623 674 1849 728 ὕπερορίαν

353 741 728 795 κατεδικάσθησαν.

310 811 337 851 9
462 808 573 863 ἼΙόη
609 809 654 850 δὲ
692 813 765 850 τοῦ
804 810 929 863 ἔαρος
967 810 1287 864 ἀναλάμποντος
1330 810 1586 863 ἕκστρατεύει
1629 810 1734 851 κατὰ
1777 815 1850 865 τῆς

351 877 513 930 Συρίας
544 876 614 918 τὸν
645 878 716 918 ἕνα
749 881 834 919 τῶν
867 878 972 919 υἱῶν
1003 877 1073 918 τὸν
1099 878 1411 919 Κωνσταντΐνον
1432 879 1543 933 ἔχων
1573 875 1672 932 μεθ’
1699 879 1847 920 ἑαυτοῦ

350 945 421 986 καὶ
452 945 531 986 εἷλε
562 949 646 986 τῶν
677 946 898 1000 φρουρίων
929 947 1027 994 τινά,
1062 947 1160 988 ἔνιοι
1192 946 1237 987 δὲ
1267 947 1602 1002 προσεχώρησαν
1633 948 1750 1001 αὐτῷ
1781 947 1847 989 διὰ
1863 952 1909 987 10

315 1020 336 1053 2
350 1013 424 1068 τὴν
445 1017 529 1055 τῶν
551 1014 690 1055 ἄλλων
711 1014 866 1055 ἅλωσιν
889 1015 1172 1061 ὃειλιάσαντες.
1235 1014 1318 1056 εἶτα
1341 1020 1390 1070 τῇ
1411 1015 1443 1055 Ι
1446 1015 1689 1070 ἐρμανικείᾳ
1715 1031 1846 1070 προσ·
1862 1021 1897 1056 D
1918 1021 1970 1056 IV
1983 1020 2029 1057 27

349 1082 489 1135 βάλλει
520 1083 591 1123 καὶ
626 1082 675 1123 τὰ
711 1083 935 1136 προάστεια
977 1083 1148 1137 δῃώσας
1192 1084 1320 1137 αὐτῆς
1365 1084 1537 1138 ἀφίκετο
1579 1083 1688 1137 πρὸς
1729 1084 1848 1125 πόλιν

314 1150 424 1204 Βτὴν
447 1150 627 1191 'Aba-mv
667 1151 736 1191 καὶ
774 1151 925 1205 ταύτην
964 1151 1208 1205 ἐπολιόρκει.
1272 1151 1491 1206 ὀλιγώρως
1535 1152 1580 1193 δὲ
1621 1151 1729 1207 πρὸς
1774 1152 1848 1206 τὴν

350 1219 595 1273 πολιορκίαν
628 1219 903 1273 διακειμένων
933 1223 1018 1261 τῶν
1041 1220 1222 1261 πολιτῶν
1244 1221 1372 1274 αὐτῆς
1394 1221 1516 1274 ἤρετο
1538 1221 1690 1267 αὐτοὺς
1712 1221 1736 1263 ὁ
1757 1221 1846 1262 Βα-

136 1287 495 1334 Ρ11169Ασίλειος
527 1288 613 1342 ὅτῳ
643 1287 891 1333 πεποιθότες
928 1289 978 1329 οὗ
1015 1289 1321 1342 προσέρχονταί
1356 1290 1407 1342 οἱ,
1453 1289 1534 1343 ἤδη
1575 1294 1647 1344 τῆς
1683 1290 1848 1336 πόλεως
1864 1292 1908 1328 15

315 1356 638 1410 4ᾶλισκομένης.
699 1357 774 1397 καί
802 1372 859 1402 τις
887 1360 972 1397 τῶν
993 1356 1137 1411 χρόνῳ
1158 1357 1490 1411 προβεβηκότων
1511 1357 1638 1412 φησὶν
1660 1358 1848 1412 ἀκριβῶς

350 1425 500 1466 εἰδέναι
543 1425 605 1470 ὡς
647 1425 757 1479 “οὐχ
797 1424 880 1466 ὑπὸ
918 1429 995 1466 σοῦ
1034 1426 1251 1479 πέπρωται
1290 1425 1364 1479 τὴν
1403 1426 1520 1467 πόλιν
1557 1426 1715 1468 ἁλῶναι
1745 1428 1847 1481 νυνί,

351 1566 374 1600 3
399 1566 478 1610 περὶ
503 1566 688 1612 ἐπιβουλῆς
715 1565 743 1601 C
833 1567 854 1600 8
879 1566 1080 1609 ἐκστρατεία
1106 1566 1195 1601 κατὰ
1221 1568 1354 1611 Συρίας
1381 1567 1410 1603 C
1498 1568 1541 1602 11
1568 1569 1616 1602 ὅτι
1642 1569 1848 1613 πολιορκῶν

353 1613 416 1658 τὴν
436 1614 580 1648 Ἅὸαταν
605 1614 625 1648 ὁ
647 1613 811 1660 βασιλεὺς
836 1614 896 1648 καὶ
922 1615 1016 1658 ὁρῶν
1038 1613 1115 1652 τοὺς
1141 1613 1235 1653 ἐντὸς
1265 1614 1314 1660 μὴ
1342 1617 1589 1659 φροντίζοντας
1620 1622 1679 1661 τῆς
1707 1617 1846 1662 πολιορ-

351 1662 441 1704 κίας,
470 1661 572 1705 ἤρετο
597 1661 655 1696 τὸν
679 1662 808 1707 τρόπον
833 1661 892 1696 καὶ
918 1661 1093 1707 ἀπηγγέλη
1121 1662 1216 1706 αὐτῷ
1244 1661 1273 1698 C

422 1793 444 1826 2
469 1793 490 1826 ὁ
515 1803 591 1837 om.
617 1791 648 1826 B
779 1793 801 1827 5
826 1793 1010 1836 κουρκούα
1037 1792 1120 1838 w*p
1149 1794 1236 1834 (Wo
1264 1794 1351 1827 lat.:
1378 1793 1572 1837 Curcuas)
1702 1796 1723 1830 6
1749 1797 1847 1841 τρίχα

423 1840 520 1885 Ewp
594 1841 617 1875 8
634 1840 904 1885 ἆναλάμψαντος
919 1841 955 1875 D
1029 1845 1087 1885 τῆς
1103 1851 1177 1875 om.
1194 1840 1224 1875 Ο
1300 1842 1322 1875 9
1336 1840 1392 1875 τὸν
1411 1841 1535 1886 prius]
1550 1841 1608 1877 τὸν
1622 1841 1704 1886 AR,
1718 1849 1788 1878 τῶν
1804 1843 1846 1886 Β,

424 1898 498 1922 om.
526 1887 622 1932 Ewp
735 1888 781 1923 10
807 1892 896 1933 post
922 1887 961 1922 δὲ
987 1888 1078 1922 add.
1105 1888 1165 1922 καὶ
1191 1887 1290 1932 pr
1406 1889 1450 1923 12
1474 1890 1647 1932 προάστια
1670 1890 1718 1933 D,
1746 1902 1845 1926 corr.

423 1935 491 1972 Dw
612 1935 755 1980 δῃώσας
780 1934 990 1979 BwaDi‚
1017 1935 1159 1980 ὂηώσας
1186 1934 1267 1979 AR,
1295 1936 1476 1980 δηκιώσας
1500 1936 1547 1981 p*
1678 1939 1722 1973 13
1745 1939 1847 1974 ἄδαν-

423 1996 483 2017 ταν
501 1982 548 2026 D,
568 1993 670 2018 corr.
689 1983 767 2025 Dw,
783 1983 933 2018 Ἀδάπαν
952 1982 1066 2018 Cedr.
1086 1982 1277 2028 (Sc-ylitz.)
1297 1983 1334 2018 ΙΙ
1354 1995 1388 2028 p.
1405 1983 1485 2028 214,
1503 1985 1547 2020 16
1630 1985 1684 2020 13.
1701 1986 1744 2021 14
1760 1986 1847 2030 πρὸς

424 2029 486 2075 τὴν
510 2029 587 2065 πολ.
615 2034 706 2076 post
730 2031 837 2075 αὐτῆς
864 2030 899 2064 D
1046 2030 1090 2065 15
1117 2031 1216 2065 οὔπω
1244 2030 1292 2073 D,
1320 2032 1390 2075 ὅτῳ
1417 2042 1518 2066 corr.
1545 2032 1614 2070 Dw
1744 2048 1848 2077 προς-

423 2078 582 2122 έρχονται
610 2105 617 2112 .
634 2104 665 2113 ,.
693 2079 761 2123 ἤδη
781 2077 829 2122 D,
857 2089 958 2113 corr.
986 2081 1024 2114 et
1051 2078 1180 2123 suppl.
1200 2078 1268 2116 Dw
1369 2079 1411 2113 16
1437 2081 1486 2123 τῷ
1511 2079 1557 2123 D,
1585 2094 1633 2119 τις
1661 2092 1762 2116 corr.
1779 2081 1848 2119 Dw

469 2127 610 2170 χρόνων
636 2125 683 2170 D,
711 2136 813 2161 corr.
839 2125 909 2163 Dw
1016 2126 1059 2160 17
1085 2126 1197 2170 ὑπορο
1221 2126 1392 2170 πέπραται
1419 2128 1478 2168 (ut
1504 2127 1680 2170 videtur)
1706 2128 1754 2172 D,
1779 2129 1848 2164 ὑπὸ

422 2178 487 2208 σοῦ
511 2173 692 2218 πέπρωται
720 2184 821 2208 corr.
849 2173 916 2210 Dw
1104 2173 1148 2208 17
1174 2173 1247 2208 ἁλῶ
1277 2174 1450 2219 (punctis
1477 2177 1674 2218 notatum)
1700 2176 1759 2211 καὶ
1785 2175 1848 2222 τὴν

421 2221 521 2255 πόλιν
542 2221 548 2264 Ι
571 2221 646 2256 νυνὶ
673 2220 720 2266 D,
749 2231 849 2257 corr.
877 2221 946 2259 Dw

350 2352 633 2397 gubernatam,
661 2352 826 2388 Photius
853 2363 876 2387 a
895 2352 1042 2388 Basilio
1069 2352 1291 2388 secundum
1317 2353 1359 2387 in
1378 2353 1583 2398 pontificia
1610 2354 1705 2389 sede
1730 2354 1846 2389 collo-

218 2397 337 2432 31.32
351 2402 476 2435 catur.
527 2399 703 2435 Insidiae
741 2401 830 2446 regi
868 2403 1046 2435 structae
1083 2411 1165 2435 non
1203 2400 1419 2445 latuerunt,
1458 2402 1626 2446 eiusque
1660 2401 1846 2446 princeps

349 2446 555 2482 Romanus
582 2446 762 2483 Curcuas
795 2448 920 2483 oculis
947 2451 1006 2483 est
1032 2448 1227 2493 privatus,
1261 2448 1404 2493 reliqui
1430 2448 1569 2493 flagris
1598 2449 1704 2484 caesi
1730 2450 1847 2484 rasis—

351 2505 431 2539 que
458 2495 546 2540 pilis
573 2495 756 2540 relegati.

469 2542 501 2577 9.
552 2541 636 2578 Sub
664 2553 834 2578 vernum
861 2545 1018 2588 tempus
1055 2553 1138 2578 una
1178 2553 1268 2578 cum
1295 2543 1374 2577 filio
1402 2542 1664 2579 Constantino
1704 2542 1847 2589 Syriae

351 2589 499 2624 bellum
525 2590 659 2634 infert,
695 2590 857 2625 castella
884 2591 1085 2636 quaedam
1112 2591 1229 2636 capit,
1270 2590 1465 2635 quosdam
1492 2591 1639 2626 iniecto
1667 2602 1716 2627 ex
1745 2595 1846 2627 cete-

314 2635 486 2672 2rorum
515 2638 821 2683 expugnatione
847 2640 1003 2673 terrore
1027 2638 1070 2673 in
1097 2638 1342 2674 deditionem
1369 2638 1524 2683 accipit.
1575 2638 1733 2674 Deinde
1751 2637 1846 2674 Ger-

350 2684 564 2719 maniciam
601 2685 758 2720 invadit
790 2688 829 2720 et
857 2685 1062 2720 suburbiis
1098 2686 1272 2720 incensis
1298 2685 1438 2721 urbem
1466 2684 1639 2721 Adatam
1678 2686 1845 2722 obsidet.

314 2730 516 2767 3Civibus
553 2733 809 2778 negligenter
848 2743 891 2768 se
929 2732 1252 2776 defendentibus,
1291 2732 1437 2768 Basilio
1472 2736 1653 2778 rogante,
1695 2744 1775 2779 qua
1801 2745 1845 2770 re

314 2777 442 2813 4freti
469 2789 511 2814 se
538 2790 619 2814 non
646 2779 851 2824 dederent,
884 2780 986 2816 urbe
1011 2780 1173 2815 iamiam
1200 2780 1409 2826 capienda,
1437 2780 1600 2825 quidam
1627 2784 1845 2826 provectae

351 2827 494 2861 aetatis
521 2827 639 2861 homo
666 2827 721 2862 ait
749 2837 792 2862 se
820 2831 928 2862 certo
955 2828 1070 2872 scire,
1109 2838 1191 2862 non
1218 2837 1304 2862 esse
1331 2827 1370 2862 in
1398 2828 1501 2871 fatis,
1541 2832 1586 2863 ut
1611 2838 1719 2864 nunc
1747 2829 1844 2864 urbs

351 2873 402 2908 ab
429 2874 516 2919 ipso
545 2878 769 2920 caperetur,
807 2875 879 2911 sed
905 2875 956 2911 ab
984 2875 1075 2920 alio,
1114 2876 1181 2921 qui
1209 2885 1260 2911 ex
1287 2876 1373 2911 eius
1399 2875 1542 2910 lumbis
1570 2875 1843 2921 descenderet,
