2066 3230
529 198 778 236 DIOGENIS
803 197 1088 235 EXPEDITIO
1115 195 1442 235 OBIENTALIS.
1664 196 1734 233 697

239 320 319 364 κὸν
350 321 468 376 αὐτῷ
498 321 732 375 ἐποιήσατο.
794 319 878 362 εἶτα
909 321 1068 362 ἄπεισιν
1098 319 1156 366 εἷς
1181 318 1493 362 Θεοδοσόπολιν
1513 319 1640 360 κάκεῖ
1657 318 1734 360 δύο
1748 321 1771 358 8

239 393 390 446 μηνῶν
421 390 596 431 ἕκαστον
626 388 856 443 ἐπάγεσθαι
886 388 1086 435 κελεύσας
1115 388 1288 444 τροφήν,
1336 388 1398 435 ὡς
1431 386 1498 429 διὰ
1535 387 1735 442 ἀοικήτου

240 458 407 514 μέλλων
436 457 706 511 πορεύεσθαι,
756 457 875 499 διεῖλε
905 456 951 498 τὸ
991 457 1224 512 στράτευμα
1261 456 1332 498 καὶ
1367 460 1523 511 μοῖραν
1558 455 1636 510 μὲν
1674 460 1736 509 τῷ

237 526 459 580 Ῥουσελίῳ
500 526 708 580 παρέσχεν
754 523 878 579 (ἀνὴρ
919 523 956 566 δ’
997 523 1119 572 οὗτος
1155 525 1336 572 Λατῖνος
1376 522 1733 579 πολεμικώτατος)

204 594 313 637 5καὶ
349 594 456 636 κατὰ
499 598 573 636 τοῦ
611 592 745 635 Χλιὰτ
787 593 915 635 αὐτὸν
958 594 1245 642 ἐξαπέστειλεν.
1307 594 1451 648 ἑτέραν
1495 593 1541 635 δὲ
1581 596 1736 648 μοῖραν
1749 596 1772 632 9

241 664 372 718 ἑτέρῳ
410 663 668 717 προσένειμε,
700 653 953 716 ’προστάξας
991 663 1109 717 αὐτῷ
1138 663 1354 718 πορθῆσαι
1383 662 1431 704 τὸ
1463 662 1735 716 Μανζικίερτ·

241 731 368 779 αὐτὸς
400 731 446 773 δὲ
477 731 502 772 ὁ
532 730 724 786 βασιλεὺς
753 729 856 785 μετὰ
888 734 973 772 τῶν
1003 731 1163 773 λοιπῶν
1199 732 1279 773 οὐκ
1317 731 1564 786 ἀξιομάχων
1601 730 1738 771 ὄντων

240 800 550 854 περιελέλειπτο.
610 798 657 841 τὸ
693 799 772 854 μὲν
812 797 888 840 οὗν
919 799 1174 854 ᾸΙανζικίερτ
1212 797 1263 841 δι’
1297 800 1524 854 ὁμολογίας
1559 804 1622 854 τῷ
1657 800 1736 854 βα-
1752 803 1798 839 10

241 869 344 911 σιλεῖ
369 868 649 923 παραδέδοτο,
699 867 1102 910 ἀποδεδειλιακότων
1138 872 1223 911 τῶν
1257 869 1463 923 Τούρκων
1501 868 1572 910 καὶ
1607 869 1738 910 πίστιν

179 942 224 979 10
241 938 534 993 αἰτησαμένων
563 936 634 978 καὶ
664 937 814 978 τούτου
846 937 1095 979 ἐκστάντων.
1158 938 1425 991 στρατιώταις
1464 937 1510 979 δὲ
1547 937 1604 983 εἷς
1640 936 1736 978 συλ-
1752 940 1795 976 11

240 1005 369 1061 λογὴν
408 1005 623 1054 ἐξελθοῦσι
661 1008 747 1047 τῶν
785 1005 1007 1059 χρειωὸῶν
1044 1005 1235 1060 πολέμιοι
1276 1005 1441 1060 ἀθρόον
1484 1005 1737 1059 ἐπήλθοσαν.
1751 1006 1951 1044 P11282A

241 1075 266 1117 ὃ
303 1074 429 1129 γνοὺς
468 1075 492 1116 ὁ
529 1073 720 1129 βασιλεὺς
756 1073 829 1115 τὸν
863 1074 1091 1128 μάγιστρον
1121 1073 1378 1128 Μκηφόρον
1407 1073 1479 1116 τὸν
1513 1073 1739 1127 Βρυέννιον
1753 1078 1798 1114 12

243 1140 306 1185 ἐπ’
340 1142 494 1190 αὐτοὺς
525 1142 778 1191 ἐξαπέστειλε
807 1142 912 1197 μετά
942 1158 1051 1189 τινος
1082 1143 1379 1197 συντάγματος,
1411 1143 1459 1189 ὃς
1489 1146 1574 1188 τοῖς
1606 1141 1737 1195 Τούρ-

241 1227 333 1259 κοις
370 1211 628 1267 προσβαλὼν
667 1210 739 1252 καὶ
777 1211 1024 1265 κάμνουσαν
1061 1211 1232 1266 βλέπων
1267 1210 1342 1265 τὴν
1380 1210 1469 1265 μετ’
1502 1211 1631 1252 αὐτοῦ
1665 1210 1738 1252 ὅύ-

183 1285 228 1322 15
241 1296 379 1335 ναμιν,
427 1280 584 1327 στείλας
626 1281 711 1336 ᾔτει
755 1280 1008 1334 ἐπικουρίαν.
1071 1279 1095 1321 ὁ
1135 1279 1180 1321 δὲ
1216 1278 1409 1335 βασιλεὺς
1447 1280 1616 1334 ἀγνοῶν
1654 1282 1739 1320 τῶν
1753 1284 1799 1320 13

242 1349 440 1391 ἐναντίων
473 1347 546 1403 τὴν
577 1349 755 1403 δύναμιν
787 1349 938 1390 δειλίαν
968 1349 1157 1403 κατέγνω
1188 1352 1262 1390 τοῦ
1284 1348 1515 1403 Βρυεννίου
1541 1348 1612 1389 καὶ
1632 1346 1738 1390 κατὰ

240 1421 314 1460 τοῦ
356 1416 512 1472 ἀνδρὸς
552 1417 808 1472 ἐτραχύνετο.
871 1418 988 1472 ἔτυχε
1020 1417 1066 1459 δὲ
1095 1417 1185 1459 τότε
1217 1416 1241 1459 ὁ
1273 1415 1405 1472 ἱερεὺς
1436 1417 1740 1471 ἀναγινώσκων
1757 1422 1799 1458 14

241 1547 288 1583 12
312 1548 362 1582 ὅτι
382 1548 494 1592 (ὅπως
507 1547 553 1590 Ε)
573 1546 631 1582 τὸν
648 1547 843 1592 Βρυέννιον
861 1547 988 1583 ἔστειλε
1006 1546 1174 1592 (ἔστειλαν
1192 1547 1236 1590 C)
1255 1548 1448 1594 συμβαλεῖν
1464 1552 1534 1586 τοῖς
1555 1547 1739 1592 Τούρκοις,

239 1594 312 1631 εἶτα
337 1595 397 1631 καὶ
422 1594 481 1631 τὸν
506 1595 735 1640 Βασιλάκιον,
763 1595 824 1631 καὶ
849 1595 900 1635 ὥς
925 1595 1018 1631 ἑάλω
1044 1596 1065 1631 ὁ
1087 1596 1304 1635 Βασιλάκιος
1331 1594 1394 1632 ΟΕ

314 1714 334 1750 1
361 1714 446 1750 αὐτὸ
472 1713 503 1751 Ο
601 1715 854 1751 θεοόοσόπολιν
879 1714 988 1750 ARW
1015 1717 1066 1758 (v.
1093 1715 1273 1762 Theoph.
1300 1715 1318 1750 I
1344 1726 1381 1762 p.
1410 1714 1489 1759 144,
1504 1714 1561 1750 26.
1586 1714 1740 1759 427,15.

312 1762 393 1806 429,
411 1762 484 1807 20),
514 1762 808 1799 Θεοδοσιούπολιν
834 1762 994 1809 Scylitz.
1020 1774 1057 1810 p.
1083 1764 1164 1809 691,
1192 1764 1246 1808 17,
1278 1763 1549 1799 Θεοδοσιόπολιν
1575 1761 1670 1809 pDi,
1701 1773 1740 1798 v.

314 1809 367 1846 ad
392 1809 524 1846 XVIII
543 1810 597 1855 14,
616 1810 662 1846 27
759 1811 792 1846 3.
807 1810 829 1846 5
853 1811 982 1856 μοι’ραν
1008 1811 1104 1858 Ewp
1202 1811 1226 1847 4
1249 1811 1421 1856 ῥουσελιῶ
1448 1810 1484 1846 D
1581 1810 1604 1846 5
1630 1811 1742 1846 Χλιάτ

314 1857 473 1903 Scylitz.
500 1868 537 1904 p.
552 1858 632 1902 692,
650 1858 683 1894 9.
710 1858 791 1903 695,
807 1858 863 1902 12,
889 1858 1001 1894 Χλιάτ
1019 1859 1124 1895 idem
1151 1870 1188 1905 p.
1203 1859 1284 1902 692,
1302 1858 1346 1894 14
1442 1859 1475 1894 6.
1489 1859 1513 1894 8
1536 1859 1741 1903 μανζικίερτ

313 1905 508 1951 AprDz‘
533 1905 649 1942 Mich.
675 1904 794 1941 Attal.
822 1916 859 1951 p.
885 1905 944 1952 46,
974 1907 1026 1942 10.
1055 1906 1134 1951 149,
1160 1907 1194 1942 3.
1223 1907 1302 1951 151,
1327 1907 1362 1950 8,
1386 1907 1608 1951 μαντζικίερτ
1635 1906 1741 1942 CWO

314 1953 381 1989 lat.
415 1952 530 1988 Mich.
564 1952 684 1988 Attal.
711 1964 748 1999 p.
777 1953 854 1998 149,
883 1954 938 1989 11.
975 1954 1054 1998 150,
1083 1955 1137 1990 14.
1177 1955 1255 1999 166,
1281 1954 1314 1998 9,
1350 1954 1554 1998 ματζικιέρτ
1580 1952 1739 2000 Scylitz.

315 2011 351 2047 p.
366 2000 448 2043 692,
462 2000 496 2036 2.
512 2000 566 2036 12.
582 2001 639 2045 23,
668 2011 704 2037 v.
732 2001 822 2037 Duc
849 2001 900 2036 ad
928 2001 1091 2048 Niceph.
1117 2002 1292 2048 Bryenn.
1320 2013 1357 2048 p.
1372 2002 1488 2046 36,21
1590 2002 1634 2036 12
1657 2003 1741 2048 βρυ-

314 2049 427 2083 έννιον
442 2047 609 2094 prDi,
634 2049 787 2095 βριὲνιον
802 2047 847 2093 Α,
872 2050 1037 2095 βρυένιον
1053 2050 1082 2086 C
1158 2050 1202 2086 13
1227 2049 1294 2095 ἐπ’]
1313 2050 1361 2088 εἷς
1375 2048 1405 2085 C
1480 2048 1524 2084 14
1549 2048 1741 2096 συμβαλὼν

315 2095 385 2131 BD
412 2094 572 2150 Scylitz.
599 2107 635 2142 p.
660 2096 741 2141 693,
767 2097 790 2131 9
893 2096 938 2132 16
963 2098 1123 2134 δουλείαν
1149 2097 1189 2143 C,
1216 2098 1363 2133 δειλείαν
1388 2095 1449 2135 Cw
1552 2098 1740 2143 βρυεννίου

315 2143 483 2190 prDz,
508 2145 672 2189 βρυενίου
698 2142 766 2180 AC

244 2250 421 2287 adducto
449 2252 632 2287 exercitu
658 2251 886 2288 desertores
913 2252 1147 2298 perterritos
1173 2253 1214 2288 in
1244 2252 1335 2289 belli
1369 2253 1602 2289 societatem
1634 2262 1738 2288 rece-

244 2300 312 2345 pit.
363 2298 520 2335 Dcinde
546 2299 884 2345 Theodosopolim
910 2300 1117 2344 profectus
1135 2300 1318 2346 singulos
1337 2300 1524 2336 binorum
1542 2301 1738 2336 mensium
1754 2300 1777 2334 8

245 2351 511 2383 commeatum
532 2357 669 2382 secum
688 2348 794 2383 forre
813 2348 937 2391 iussit,
959 2347 1068 2393 quod
1087 2358 1159 2393 per
1177 2348 1266 2384 loca
1285 2348 1446 2384 deserta
1463 2348 1539 2383 iter
1557 2349 1740 2383 facturus

245 2398 361 2438 esset,
400 2394 613 2440 divisoque
640 2395 824 2430 exercitu
850 2395 1055 2431 Rusclium
1082 2394 1284 2441 Latinum,
1323 2396 1456 2431 virum
1491 2395 1739 2431 bellicosissi-

245 2452 366 2487 mum,
406 2451 487 2478 una
514 2446 629 2488 parto
654 2442 862 2487 attributa,
900 2446 1041 2478 contra
1067 2442 1266 2479 Chliatum
1293 2444 1417 2488 misitg
1458 2443 1580 2479 alium
1617 2442 1775 2488 quon-9

246 2489 349 2534 dam,
376 2490 504 2525 altera.
530 2493 646 2535 parte
672 2490 878 2534 attributa,
904 2489 1207 2526 Manziciertum
1229 2495 1391 2527 vastare
1410 2492 1535 2534 iussit,
1563 2491 1740 2535 reliquos

245 2537 350 2573 bello
386 2537 568 2583 gerendo
607 2548 688 2573 non
727 2547 846 2583 pares
884 2539 970 2620 igse
1007 2548 1081 2573 rex
1119 2540 1294 2575 retinuit.
1353 2538 1412 2574 Ac
1437 2538 1739 2573 Mauziciortum
1756 2538 1801 2572 10

246 2584 420 2630 quidem,
452 2584 595 2620 'rui-cis
622 2585 854 2631 perterritis,
921 2585 972 2622 de
999 2590 1167 2632 accepta
1193 2591 1232 2622 et
1258 2586 1361 2622 urbo
1387 2586 1536 2629 relicta,
1575 2585 1740 2620 deditio·

246 2643 336 2668 nem
369 2633 475 2668 fecit.
526 2632 669 2668 Milites
701 2637 837 2668 autem
871 2633 1107 2679 pabulatum
1143 2635 1296 2679 egressi
1337 2634 1388 2669 ab
1427 2634 1608 2668 hostibus
1647 2633 1796 2667 suntll

246 2679 379 2716 subito
407 2681 607 2726 oppressu
634 2690 714 2725 quo
741 2690 814 2716 rex
840 2681 1004 2727 cognito
1031 2682 1269 2727 magistrum
1295 2681 1565 2727 Nicephorum
1592 2679 1800 2725 Bryon-12

245 2728 354 2763 nium
383 2737 474 2763 cum
500 2728 655 2773 aliquot
682 2727 914 2764 cohortibus
939 2728 1138 2765 adversus
1164 2740 1233 2765 eos
1260 2730 1375 2772 misit,
1404 2729 1470 2773 qui
1491 2738 1581 2762 cum
1596 2727 1740 2762 Turcis

246 2785 488 2820 congressus
514 2785 604 2811 cum
636 2785 731 2810 suas
764 2776 900 2822 copias
931 2777 1124 2823 fatigatas
1158 2777 1326 2820 videret,
1364 2775 1587 2811 subsidium
1616 2775 1739 2819 petiit.

246 2822 333 2858 Rex
362 2833 457 2858 vero
485 2822 655 2859 hostium
686 2823 791 2859 vires
817 2823 1011 2870 ignorans
1037 2824 1283 2870 Brycnnium
1312 2823 1504 2868 ignaviae
1531 2822 1739 2857 accusavit
1756 2822 1800 2858 13

247 2870 418 2916 viroque
449 2870 727 2907 succensebat.
776 2869 934 2908 Accidit
966 2877 1113 2916 autem,
1154 2878 1198 2907 ut
1230 2870 1420 2907 sacerdos
1452 2874 1535 2906 tum
1563 2869 1799 2916 evange-14
