2054 3282
331 213 403 249 494
722 209 902 249 ZONAR.
929 208 1059 246 EPIT.
1085 206 1175 246 XVI
1202 207 1259 254 23,
1285 206 1438 245 22—34.

333 334 404 375 καὶ
435 334 600 379 ταύταις
632 333 876 387 δαπανήσας
907 331 980 385 τὴν
1012 331 1128 385 ἰσχὺν
1164 335 1237 372 τοῦ
1276 332 1466 386 σαρκίου,
1509 331 1583 386 τὴν
1618 333 1826 387 βασιλείαν

333 402 466 443 λιπὼν
497 406 580 447 τοῖς
610 402 714 446 υἷοῒς
746 401 906 454 ἀμφοῖν
937 399 1007 440 καὶ
1037 404 1086 454 τῇ
1117 400 1278 440 τούτων
1308 399 1431 454 μητρὶ
1470 399 1691 454 Θεοφανοῒ.

273 474 319 508 23
455 469 537 510 Τοῦ
571 469 615 510 δὲ
642 469 863 522 Ῥωμανοῦ
895 467 1101 513 ’θανόντος
1132 468 1156 508 ὁ
1179 467 1337 513 Φωκᾶς
1364 467 1616 522 Νικηφόρος
1646 469 1826 511 κελεύσει

120 541 315 576 ΡΙΙ198Λ
332 542 403 592 τῆς
439 537 677 591 βασιλίσσης
715 535 815 590 ἧκεν
847 537 903 581 εἷς
933 535 979 576 τὸ
1012 535 1242 583 Βυζάντιον
1273 535 1343 576 καὶ
1374 536 1582 590 κατήγαγε
1612 537 1827 592 θρίαμβον

332 605 397 646 ἐπὶ
420 610 503 650 τοῖς
525 606 572 645 ἐκ
595 604 804 656 Βερροίας
824 605 1142 657 κεκομισμένοις
1162 604 1379 658 λαφύροις,
1412 604 1514 645 ὅθεν
1541 605 1615 645 καί
1641 621 1676 645 τι
1695 606 1860 659 μέροςῡ

272 678 317 712 <24
331 678 402 727 τῆς
432 673 565 726 τιμίας
597 673 774 726 ἐσθῆτος
799 675 873 712 τοῦ
895 674 1118 725 βαπτιστοῦ
1135 671 1336 713 ’Ῑωάννου
1361 672 1542 726 ἐκόμισε.
1603 672 1674 714 τὸν
1698 673 1824 728 Βρίγ-

332 757 409 794 γαν
442 741 486 781 δὲ
518 740 644 781 αὐτὸν
676 740 961 794 ’ὖφορώΙιιενον
983 740 1044 785 (ὃς
1064 740 1332 794 βασιλειῶντα
1355 742 1655 794 κατεσοφίσατο
1678 743 1824 788 οὕτως.

272 814 317 848 95
332 808 406 850 σὺν
438 808 494 849 ἑνὶ
526 811 610 849 τῶν
642 808 918 860 ’θεραπόντων
945 809 1123 862 ἑσπέρας
1144 808 1346 862 κατέλαβε
1366 809 1440 863 τὴν
1461 810 1675 851 κατοικίαν
1695 810 1824 852 αὐτοῦ

330 876 400 917 καὶ
432 876 628 917 ἰδιαίτατα
661 876 731 918 τὸν
763 876 949 931 Βρίγγαν
982 876 1245 930 παραλαβὼν
1285 877 1335 918 δι’
1375 878 1533 931 ἔρωτος
1570 877 1670 919 εἶναι
1707 879 1824 932 αὐτῷ

329 944 414 998 πρὸ
445 949 615 998 μακροῦ
648 944 721 998 τὴν
751 945 987 999 μοναδικὴν
1017 945 1159 999 βιοτὴν
1191 945 1334 998 ὅρκοις
1365 947 1558 1000 ἐβεβαίου
1590 946 1661 988 καὶ
1691 947 1874 988 παλα-Ι)
1893 951 2004 988 15‘75

271 1018 317 1052 <2ss
329 1013 593 1067 μναιοτάταις
615 1013 748 1067 ἀραῖς.
812 1014 885 1054 καί
913 1013 1067 1054 “πάλαι
1090 1014 1176 1055 ἅν”
1207 1014 1318 1067 ἔλεγε
1346 1014 1483 1068 “πρὸς
1502 1015 1654 1069 ταύτην
1675 1016 1823 1071 ὡρμή-

271 1087 316 1122 27
330 1098 428 1129 κειν,
472 1083 510 1122 εἰ
543 1083 602 1136 μή
641 1098 695 1136 με
731 1086 816 1123 τῶν
846 1082 1053 1137 βασιλέων
1083 1083 1108 1137 ἡ
1142 1083 1297 1137 χρηστὴ
1331 1083 1478 1137 ἐπέσχε
1510 1083 1703 1130 διάθεσις.
1763 1085 1823 1139 μὴ

331 1149 407 1191 οὖν
449 1150 585 1205 μάτην
622 1150 830 1191 ὕπόπτευε
866 1154 957 1191 κατ’
991 1151 1096 1205 ἐμοῦ
1135 1151 1196 1196 ὡς
1226 1155 1298 1206 τῆς
1328 1151 1535 1206 βασιλείας
1566 1153 1702 1206 ἔρωτα
1734 1154 1823 1207 τρέ-

330 1231 501 1272 φοντος·
547 1218 631 1273 ἐγὼ
665 1218 744 1273 γὰρ
777 1219 877 1260 ὅσον
908 1219 990 1273 ἤδη
1022 1219 1093 1260 καὶ
1123 1222 1208 1260 τῶν
1238 1220 1500 1274 πραγμάτων
1532 1221 1826 1275 ἒκστήσομαι.”

37 1292 213 1329 wllnfffl
232 1292 316 1327 1328
329 1287 400 1328 καὶ
430 1290 515 1333 τοῖς
546 1287 685 1341 λόγοις
715 1288 845 1328 πίστιν
877 1287 1029 1335 ἐδίδου,
1075 1288 1212 1335 δείξας
1249 1288 1365 1342 αὐτῷ
1402 1288 1534 1342 ῥάκος
1568 1305 1603 1329 τι
1634 1289 1822 1344 τρίχινον,
1841 1295 1883 1330 15

330 1357 353 1397 ὃ
376 1356 420 1397 ἓν
440 1360 534 1410 χρῷ
555 1357 794 1409 περιέκειτο,
826 1360 876 1410 τῇ
908 1356 1071 1404 ἔξωθεν
1103 1357 1232 1397 αὐτοῦ
1263 1357 1464 1412 περιβολῇ
1494 1357 1822 1410 καλυπτόμενον.

269 1429 316 1464 <29
329 1424 487 1469 τούτοις
525 1428 610 1469 τοῖς
645 1424 783 1478 λόγοις
819 1424 888 1466 καὶ
920 1429 981 1478 τῷ
1011 1425 1178 1479 τριχίνῳ
1210 1424 1414 1479 ἕσθήματι
1445 1425 1516 1467 τὸν
1545 1427 1823 1481 παρακοιμώ-

329 1562 352 1597 3
376 1563 473 1602 ὅπως
498 1563 520 1597 ὁ
547 1564 679 1602 Φωκᾶς
703 1563 919 1608 Νικηφόρος
947 1562 1037 1607 (om.
1066 1562 1109 1605 C)
1134 1563 1311 1609 βασιλειᾶν
1339 1565 1428 1606 (om.
1455 1564 1500 1607 E)
1533 1564 1822 1610 ὕποπτευόμενος,

330 1612 587 1655 κατεσοφίσατο
613 1610 670 1645 τὸν
696 1612 852 1656 Βρίγγαν
878 1610 936 1645 τὸν
959 1611 1279 1656 παρακοιμώμενον
1306 1612 1346 1655 (τ.
1365 1626 1496 1656 παρακ.
1519 1613 1664 1658 βρίγγαν
1690 1612 1734 1656 C)
1761 1613 1823 1649 ΟΕ

404 1748 423 1782 1
450 1747 696 1794 ε’κδαπανήσας
723 1747 820 1795 pr
943 1747 1044 1795 ἰσχὺν
1070 1752 1160 1795 post
1186 1750 1333 1794 σαρκίου
1362 1749 1392 1785 Ο
1525 1749 1547 1784 2
1573 1749 1708 1796 ἀμφοῖν
1733 1754 1823 1797 post

401 1795 515 1831 λιπὼν
542 1795 573 1832 O
719 1800 810 1842 post
833 1796 940 1842 μητρὶ
966 1797 1058 1832 add.
1085 1803 1125 1842 τῇ
1150 1796 1278 1843 Bpr
1424 1797 1446 1833 5
1473 1798 1760 1843 κεκοσμισμένοις
1786 1799 1822 1833 D

401 1844 422 1879 7
448 1843 552 1879 αὐτὸν
577 1854 652 1879 om.
680 1844 721 1888 E,
748 1844 853 1879 αὐτὸν
878 1849 972 1880 ante
999 1844 1047 1883 ὡς
1074 1844 1170 1890 pr
1330 1844 1517 1890 ἐσοφίσατο
1543 1845 1578 1880 D
1730 1847 1822 1882 οὕτω

401 1890 567 1937 EwpDi,
596 1903 633 1927 v.
660 1892 712 1927 ad
738 1891 834 1927 XIII
860 1892 892 1936 6,
924 1893 966 1927 16
993 1895 1032 1927 et
1058 1892 1172 1927 B-W
1191 1891 1383 1928 Fleckeis.
1412 1893 1545 1928 annal.
1572 1894 1664 1929 1889
1691 1905 1728 1940 p.
1753 1894 1822 1929 136

402 1949 494 1974 ann.
522 1939 543 1974 6
676 1939 719 1975 12
745 1939 766 1985 ἦ
792 1939 927 1986 χρηστὴ
954 1940 1077 1985 ἐπέσχε
1102 1939 1182 1984 AE,
1220 1940 1364 1985 ἐπέσχεν
1389 1941 1410 1986 ἥ
1436 1940 1570 1986 χρηστὴ
1595 1943 1683 1986 πρός
1707 1955 1753 1986 με
1779 1941 1820 1986 Ο,

401 1987 423 2032 ἦ
448 1986 584 2033 χρηστὴ
609 1988 696 2032 πρός
715 2001 760 2032 με
772 1988 899 2035 ,ἐπέσχε
924 1987 1069 2033 (ἒπήσχε
1088 1987 1151 2033 pss)
1178 1987 1265 2033 κνῆ)
1367 1989 1410 2023 13
1435 1993 1519 2033 γοῦν
1537 1989 1633 2035 Ewp
1730 1990 1822 2035 στρέ-

400 2048 529 2079 φοντος
555 2033 604 2080 p*
725 2035 769 2070 16
797 2038 885 2080 post
911 2041 953 2081 τῇ
978 2035 1069 2070 add.
1096 2035 1128 2070 δ’
1158 2035 1250 2081 Ewp
1374 2036 1482 2072 αὐτοῦ
1510 2047 1584 2072 om.
1612 2036 1647 2070 D
1760 2051 1822 2073 κα-

398 2082 613 2127 λυπτόμενον
630 2081 750 2127 ARW,
776 2084 1084 2127 κατακυπτόμενον
1110 2082 1159 2129 p*
1187 2083 1329 2124 (voluit
1354 2085 1708 2129 κατακρυπτόμενον),
1736 2095 1821 2130 pel·-

399 2140 538 2176 peram
565 2130 713 2166 Hasius
739 2130 792 2166 ad
818 2130 942 2166 Leon.
971 2131 1083 2166 Diae.
1110 2142 1148 2176 p.
1173 2130 1244 2166 426

328 2262 606 2308 voluptatibus
633 2265 673 2298 et
697 2262 863 2298 libidine
890 2263 1044 2298 viribus
1067 2265 1247 2309 corporis
1266 2265 1485 2308 exhaustis,
1512 2274 1640 2310 regno
1659 2265 1821 2311 utrique

327 2310 407 2345 filio
435 2313 473 2346 et
500 2311 617 2345 matri
644 2320 783 2346 eorum
811 2311 1104 2356 Theophanoni
1130 2312 1280 2347 relicto.

267 2356 314 2391 23
446 2357 627 2393 Romano
662 2362 820 2394 mortuo
851 2358 1008 2394 Phocas
1034 2358 1283 2404 Nicephorus
1318 2360 1369 2395 ab
1405 2360 1547 2405 regina
1581 2359 1818 2405 Byzantium

328 2406 543 2441 arcessitus
571 2405 621 2441 de
646 2406 847 2441 manubiis
873 2406 1113 2442 Berroeanis
1139 2407 1418 2453 triumphavit3
1449 2407 1559 2442 unde
1585 2408 1705 2442 etiam
1733 2418 1821 2453 par-

327 2457 407 2488 tem
449 2453 652 2498 quandam
691 2453 936 2489 venerabilis
978 2455 1100 2489 vestis
1138 2454 1301 2489 Ioannis
1339 2455 1539 2500 baptistae
1577 2457 1819 2500 apportavit.

267 2499 314 2534 24
327 2500 518 2546 Bringam
545 2504 692 2544 autem,
720 2502 783 2536 cui
810 2501 859 2537 de
886 2501 1106 2547 eupiditate
1128 2503 1244 2548 regni
1263 2506 1474 2547 suspectus
1493 2506 1591 2545 erat,
1617 2503 1674 2537 sio
1691 2502 1820 2538 elusit.

267 2547 314 2582 25
328 2547 426 2583 Cum
451 2558 533 2583 uno
560 2549 710 2584 famulo
738 2549 897 2594 vesperi
923 2549 1046 2584 aedes
1071 2549 1158 2584 eius
1183 2550 1391 2595 ingressus
1414 2560 1544 2594 eoque
1562 2551 1603 2584 in
1621 2554 1819 2585 secretum

326 2595 457 2630 locum
485 2595 617 2640 ducto,
644 2596 906 2632 iureiurando
934 2599 974 2632 et
1000 2596 1095 2632 diris
1122 2597 1469 2632 exsecrationibus
1491 2597 1742 2632 confirmavit
1760 2608 1819 2633 so-

267 2642 483 2678 2sslitariae
508 2644 617 2678 vitae
644 2654 686 2679 se
712 2644 791 2678 iam
819 2644 888 2679 diu
914 2644 1038 2679 fnisse
1065 2644 1364 2690 cupidissimum
1393 2655 1563 2690 eamque
1581 2645 1816 2690 iampridem

327 2691 451 2726 fuisse
486 2691 778 2736 amplexurum,
817 2692 891 2727 nisi
925 2702 1069 2737 regum
1095 2702 1138 2727 se
1164 2692 1447 2727 benevolentia
1473 2696 1674 2727 remorata
1700 2696 1815 2728 esset.

267 2737 312 2773 27
327 2737 415 2773 Non
442 2738 566 2783 igitur
591 2739 742 2773 frustra
768 2742 998 2784 suspectum
1025 2749 1069 2774 se
1095 2749 1183 2775 esse
1206 2739 1353 2775 debere
1373 2740 1422 2775 de
1443 2741 1559 2785 reg-ni
1579 2740 1816 2786 eupiditat03

267 2785 314 2819 28
328 2796 370 2820 se
397 2787 501 2820 enim
527 2786 687 2821 iamiam
713 2796 847 2821 rerum
874 2786 1219 2822 administratione
1237 2797 1455 2822 cessurum.
1506 2787 1563 2822 Ea
1582 2787 1708 2822 verba
1727 2798 1816 2822 eon-

328 2833 513 2868 firmabat
539 2836 699 2868 ostensa
725 2838 838 2869 veste
864 2844 885 2869 e
911 2834 1000 2879 pilis
1027 2837 1228 2878 contexta,
1267 2845 1387 2879 quam
1420 2834 1530 2870 nudo
1562 2845 1730 2880 corpore
1757 2845 1816 2870 ce-

267 2879 314 2915 29
327 2881 422 2916 teris
448 2881 629 2916 vestibus
655 2884 800 2917 tectam
827 2882 1025 2928 gestabat.
1077 2882 1134 2918 Ea
1167 2882 1348 2918 oratione
1374 2885 1413 2918 et
1439 2883 1514 2918 hae
1541 2886 1652 2919 vesto
1679 2892 1701 2918 e
1726 2883 1816 2930 pilis
