2054 3282
329 235 400 273 438
721 234 902 272 ZONAR.
931 235 1060 270 EPIT.
1087 234 1178 270 XVI
1207 235 1261 278 11,
1291 234 1439 270 12—26.

2012 382 2018 394 -‘
1993 0 2031 358 emiwsnaaaz-ssffivrm

330 356 406 399 οὖν
437 358 494 404 εἷς
522 358 767 412 κυνηγέσιον
791 357 815 397 ό
838 356 1054 402 Βασίλειος
1075 355 1146 397 καὶ
1167 356 1192 397 ὁ
1213 355 1340 397 Λέων
1360 356 1582 410 παρείπετο
1603 362 1664 410 τῷ
1684 356 1823 411 πατρί·

329 427 485 481 εὑρέθη
518 425 564 467 τὸ
596 425 836 479 ἐγχειρίδιον
864 425 1158 479 κεκρυμμένον
1178 423 1262 466 ὑπὸ
1282 423 1329 466 τό
1349 424 1528 473 πέδιλον,
1560 425 1703 473 ἔδοξεν
1723 425 1823 480 ἀλη-

330 495 470 536 θεύειν
498 495 522 536 ὁ
549 493 771 547 κατειπών,
804 493 1146 547 ἀπολογούμενος
1167 493 1191 534 ὁ
1213 493 1580 548 κατηγορούμενος
1611 494 1662 535 οὐ
1690 508 1823 548 προσ-

273 566 317 601 13
331 563 426 604 ίετο·
472 563 697 616 ε’ξώργιστο
728 559 841 602 κατὰ
871 564 944 602 τοῦ
983 562 1076 603 υἱοῦ
1109 562 1133 602 ὁ
1163 562 1312 616 πατήρ,
1357 561 1523 615 ἐγκλείει
1558 566 1703 604 τοῦτον
1740 565 1826 603 τῶν

118 634 195 669 PII
207 633 317 670 175Α
329 631 557 685 βασιλικῶν
587 630 799 684 θαλάμων
830 629 888 671 ἑνὶ
918 630 990 671 καὶ
1019 629 1068 670 τὰ
1099 634 1172 672 τοῦ
1203 631 1385 684 κράτους
1421 631 1652 685 ἀφαιρεῖται
1688 630 1861 685 παρά-5

273 702 317 737 14
331 715 459 754 σημα,
493 699 554 745 ὡς
587 698 633 740 δέ
662 714 765 744 τινες
797 699 1015 752 ἱστοροῦσι,
1047 699 1118 740 καὶ
1147 697 1197 739 τὰ
1230 699 1399 753 ὄμματα
1430 704 1492 753 τῷ
1522 700 1605 753 υἱῷ
1631 702 1828 754 πηρῶσαι

332 767 554 822 ὃιεμελέτα,
597 766 714 821 παρὰ
752 771 826 808 τοῦ
857 767 1192 822 Σανταβαρηνοῢ
1222 766 1331 821 πρὸς
1361 771 1483 809 τοῦτο
1514 767 1826 822 ἐρεθιζόμενος·

273 839 317 875 15
331 836 402 878 καὶ
441 837 565 890 ἔργον
604 837 656 877 ἂν
693 836 852 889 ἐγένετο
894 835 941 877 τὸ
983 836 1206 890 μελέτημα,
1250 837 1288 877 εἷ
1320 835 1380 890 μὴ
1414 836 1438 877 ὁ
1469 836 1727 891 πατριάρχης
1757 836 1829 878 καὶ

330 910 403 960 τῆς
434 905 668 960 συγκλήτου
701 905 741 946 οἵ
769 905 1027 959 προῦχοντες
1056 904 1187 945 πολλὰ
1212 904 1429 959 δεηθέντες
1448 908 1521 946 τοῦ
1543 905 1829 959 βουλεύματος

57 976 248 1012 WIIIl4l
273 976 317 1011 16
330 974 402 1016 τὸν
440 974 611 1029 βασιλέα
647 974 913 1028 μετέστησαν.
975 974 1081 1019 τέως
1119 970 1155 1014 δ’
1195 971 1271 1014 οὖν
1308 973 1503 1027 ἐπέμενεν
1535 973 1560 1028 ἡ
1594 973 1713 1028 ὀργή,
1757 972 1828 1014 καὶ
1843 979 1890 1014 10

273 1043 356 1084 1Ίὸ
377 1042 505 1084 Λέων
536 1043 782 1097 ἔμφρουρος
813 1041 876 1096 ἦν,
908 1041 979 1083 καὶ
1009 1041 1163 1096 χρόνος
1189 1041 1326 1096 ἕτρίβη
1349 1041 1521 1096 συχνός·
1555 1045 1828 1096 συνευωχεῖτο

332 1109 369 1154 δ’
404 1111 428 1153 ὅ
460 1110 652 1166 βασιλεὺς
681 1114 767 1152 τῶν
797 1115 870 1165 τῆς
901 1110 1133 1165 συγκλήτου
1164 1110 1256 1151 τισί·
1287 1113 1409 1151 τοῦτο
1442 1110 1487 1151 δὲ
1517 1109 1624 1151 κατὰ
1654 1109 1829 1164 καιροὺς

272 1182 318 1218 18
332 1180 594 1235 ὡρισμένους
625 1180 672 1221 ἐκ
705 1179 930 1234 συνηθείας
961 1179 1120 1232 ἐγένετο
1150 1178 1343 1223 παλαιᾶς.
1405 1177 1457 1232 ἦν
1480 1175 1516 1219 δ’
1541 1178 1585 1219 ἓν
1614 1183 1675 1232 τῷ
1706 1178 1827 1232 οἴκῳ,

331 1246 433 1291 καθ’
467 1250 516 1291 ὃν
555 1249 706 1302 ἐγίνετο
745 1247 792 1290 τὸ
836 1247 1083 1302 συμπόσιον,
1129 1247 1242 1301 ζῷον
1286 1247 1329 1288 ἓν
1371 1247 1532 1301 κλωβῷ
1573 1246 1828 1301 ᾗωρημένον

273 1320 317 1355 19
330 1321 415 1359 τῶν
451 1317 661 1372 μιμηλῶν,
705 1316 967 1370 καλούμενον
1003 1315 1216 1369 ψιττακός·
1261 1315 1381 1356 τοῦτό
1419 1330 1528 1360 τινος
1564 1315 1826 1369 ὀδυρομένου
1844 1322 1887 1358 15

285 1386 401 1428 Βκαὶ
433 1386 779 1440 ἀνακαλουμένου
811 1384 882 1426 τὸν
904 1384 1064 1426 Λέοντα
1097 1387 1284 1438 συνεχῶς
1315 1384 1476 1426 ἀκοῦον
1501 1383 1732 1437 ἐμιμήσατο
1752 1382 1826 1437 τὴν

271 1458 319 1494 20
331 1454 483 1509 φωνὴν
513 1455 588 1496 καί
605 1453 764 1495 ς’Λέων
784 1452 911 1494 Λέων
922 1453 949 1468 ”
972 1453 1074 1508 ἓβόα
1105 1453 1259 1494 πυκνά.
1321 1452 1394 1499 τὰς
1426 1456 1528 1506 γοῦν
1558 1451 1709 1506 φωνὰς
1728 1452 1826 1493 ταύ-

330 1539 404 1570 τας
434 1526 507 1565 τοῢ
540 1523 713 1577 ὄρνιθος
750 1522 789 1563 οἱ
827 1526 888 1576 τῷ
924 1521 1085 1577 βασιλεῖ
1117 1521 1432 1576 συνεστιώμενοι
1469 1520 1603 1576 λαβὴν
1639 1520 1829 1575 εὑρόντες

403 1678 426 1712 ‘2
443 1677 481 1712 τὸ
498 1678 571 1723 ε’γχ.
587 1676 706 1722 ARW,
725 1676 784 1711 καὶ
801 1677 871 1721 ε’γχ.
887 1676 934 1722 ρ*
1035 1678 1124 1721 post
1142 1675 1179 1711 τὸ
1200 1676 1370 1711 alterum
1389 1675 1480 1710 add.
1500 1680 1560 1710 τοῦ
1578 1675 1714 1714 λέοντος
1730 1675 1827 1721 pr

403 1726 427 1761 3
441 1728 532 1771 post
546 1726 568 1759 ὁ
579 1724 671 1759 add.
685 1724 794 1760 αὐτοῦ
809 1723 839 1760 Ο
902 1724 935 1759 2.
950 1724 973 1758 3
988 1723 1330 1768 ἔδοξεν-προσίετο]
1346 1723 1407 1759 De
1421 1723 1597 1759 ehiasmo
1612 1732 1649 1757 v.
1662 1722 1715 1758 ad
1731 1723 1828 1763 XIII

403 1773 437 1817 2,
461 1773 484 1808 6
580 1773 603 1807 3
628 1772 711 1807 εἶών
737 1771 783 1815 D,
810 1770 987 1807 κατειπὼν
1015 1782 1115 1806 corr.
1143 1770 1211 1809 Dw
1309 1771 1330 1806 5
1356 1771 1416 1806 καὶ
1443 1782 1518 1806 om.
1545 1770 1587 1814 E,
1614 1781 1651 1805 V.
1666 1770 1718 1805 ad
1732 1770 1828 1806 XIII

404 1821 436 1865 2,
464 1820 511 1856 36
650 1820 671 1855 7
697 1819 837 1864 ἐμελέτα
864 1818 900 1853 D
1044 1818 1153 1863 παρὰ]
1179 1820 1271 1854 ποίω
1300 1818 1334 1853 D
1481 1819 1502 1853 9
1527 1819 1564 1853 οἷ’
1587 1820 1681 1853 ante
1706 1823 1766 1864 τῆς
1791 1817 1827 1852 D

450 1867 666 1913 προῦχοντες
691 1867 837 1912 AEwp,
862 1867 1073 1911 προύχοντες
1100 1865 1201 1911 ODi,
1228 1877 1264 1901 v.
1292 1866 1344 1901 ad
1370 1866 1441 1901 XV
1469 1865 1523 1910 12,
1552 1866 1596 1900 17
1695 1866 1739 1900 13
1764 1865 1828 1911 ε’γί-

404 1930 480 1951 νετο
505 1914 704 1961 BprDi,
745 1915 815 1950 sed
850 1925 887 1949 v.
920 1914 1174 1950 Hultschium
1206 1913 1283 1949 Die
1317 1914 1462 1950 erzc'ihl.
1487 1912 1611 1959 Zeitf.
1643 1916 1717 1948 cet.
1750 1913 1769 1948 I
1793 1913 1827 1948 5.

403 1962 574 1999 XXVIII
602 1963 644 1998 11
753 1962 798 1997 14
822 1962 860 1997 τὸ
887 1973 962 1998 om.
991 1961 1019 1998 C
1130 1963 1224 2006 ζῷον
1251 1972 1327 1997 om.
1354 1961 1382 1997 C
1491 1961 1627 2007 κλωβῶ
1653 1960 1701 2005 D,
1728 1964 1829 1996 aste-

403 2012 553 2047 riscum
579 2010 670 2046 add.
700 2010 778 2054 Dw,
806 2013 934 2046 corte:
967 2010 1034 2045 Wo
1061 2010 1138 2053 lat„
1166 2019 1293 2044 cavea
1321 2020 1422 2044 corr.
1448 2010 1538 2045 Duc
1649 2008 1692 2044 15
1718 2022 1828 2044 σιττα-

404 2060 468 2098 κός
490 2057 589 2095 BCE
687 2058 926 2103 ὀδυρουμένου
946 2057 993 2102 D,
1021 2057 1092 2092 sed
1120 2058 1230 2103 prius
1256 2071 1297 2092 ου
1324 2058 1364 2092 ill
1391 2067 1468 2092 ras.
1568 2057 1611 2093 17
1636 2056 1725 2101 λέον,
1750 2056 1829 2091 λέον

405 2104 496 2142 ODi
593 2105 656 2141 οὖν
682 2106 778 2151 Ewp

332 2244 565 2288 comitatui-3
597 2245 787 2279 inventus
814 2246 873 2278 est
900 2244 1024 2289 pugio
1043 2245 1084 2279 in
1103 2244 1238 2279 calceo
1258 2244 1493 2287 occultatus,
1520 2244 1631 2278 visus
1652 2246 1711 2278 cst
1730 2252 1828 2277 vera

273 2288 318 2324 13
332 2291 483 2327 dixisse
523 2290 690 2334 delator,
732 2291 792 2327 rei
830 2291 1012 2327 defensio
1050 2302 1132 2327 non
1175 2291 1415 2336 admittitur3
1458 2290 1574 2326 ardet
1615 2289 1828 2325 iracundia

331 2341 448 2385 pater
481 2341 623 2374 contra
657 2339 792 2383 filium,
833 2339 874 2374 in
914 2339 1091 2384 quodam
1129 2339 1242 2384 regio
1283 2339 1468 2374 cubiculo
1507 2338 1663 2383 imperii
1702 2337 1828 2383 signis

272 2383 317 2419 14
331 2385 530 2432 ademptis
564 2396 656 2422 eum
690 2385 869 2430 includit,
909 2387 1001 2431 filio,
1039 2390 1084 2422 ut
1114 2386 1278 2431 quidam
1303 2386 1480 2429 tradunt,
1521 2385 1658 2420 oculos
1685 2394 1828 2420 eruere

272 2431 318 2467 15
330 2434 373 2469 in
399 2434 533 2469 animo
561 2434 747 2478 habebat,
775 2432 1054 2470 Santabareno
1079 2434 1324 2479 impellente3
1351 2433 1473 2478 idque
1502 2432 1725 2476 accidisset,
1751 2432 1827 2467 nisi

331 2482 563 2527 patriarcha
601 2484 641 2516 et
666 2482 869 2527 principes
895 2485 1058 2517 senatus
1084 2482 1218 2516 multis
1244 2481 1432 2526 precibus
1458 2490 1596 2525 regem
1623 2489 1647 2514 a
1672 2482 1827 2514 senten-

274 2527 318 2563 16
332 2529 388 2564 tia
415 2528 690 2565 deduxissent.
740 2529 798 2564 Ea
824 2529 885 2564 ira
911 2529 1041 2574 durat,
1073 2528 1156 2564 Leo
1183 2529 1223 2564 in
1254 2528 1437 2564 custodia
1463 2530 1634 2571 tenetur,
1661 2527 1827 2572 longum

274 2575 318 2611 17
332 2580 490 2622 tempus
515 2576 739 2620 intercedit,
767 2576 897 2612 donec
922 2587 995 2613 rex
1022 2576 1263 2622 quibusdam
1290 2576 1545 2611 senatoribus
1571 2575 1611 2609 in
1638 2574 1825 2610 convivio

332 2624 458 2667 affuit,
496 2624 538 2659 id
569 2623 679 2669 quod
711 2624 839 2660 veteri
876 2624 1052 2669 quadam
1091 2623 1384 2659 consuetudine
1423 2623 1540 2658 certis
1578 2622 1827 2668 temporibus

273 2670 318 2705 18
332 2671 464 2707 fiebat,
515 2671 611 2707 Erat
645 2675 781 2707 autem
819 2672 861 2706 in
898 2672 946 2707 iis
984 2671 1165 2715 aedibus,
1203 2672 1274 2706 ubi
1313 2671 1545 2706 convivium
1581 2669 1826 2716 agitabatur,

332 2718 527 2764 psittacus
552 2719 595 2754 in
621 2729 748 2755 cavea
773 2729 1004 2764 suspensus,
1032 2719 1111 2765 qui,
1138 2722 1183 2754 ut
1208 2718 1249 2754 id
1274 2728 1405 2764 genus
1431 2718 1568 2753 avium
1595 2717 1648 2752 ad
1673 2717 1826 2752 imitan-

274 2765 318 2800 19
333 2766 429 2801 dum
446 2766 626 2812 proclive
645 2770 716 2811 est,
743 2777 834 2802 cum
854 2767 1056 2812 quendam
1073 2766 1251 2802 Leonem
1278 2766 1531 2802 continenter
1549 2765 1825 2810 deplorantem

332 2817 372 2848 et
398 2813 667 2859 appellantem
690 2814 881 2856 audisset,
908 2824 1050 2850 vocem
1067 2814 1244 2849 imitatus
1263 2813 1435 2849 subinde
1454 2813 1670 2848 clamabat:
1693 2812 1824 2858 “Leo,

272 2860 453 2896 20Leo.”
511 2861 572 2896 Ex
612 2872 660 2897 ea
700 2862 878 2897 volucris
915 2872 1017 2898 voce
1054 2862 1253 2897 convivae
1297 2862 1509 2896 occasione
1547 2864 1710 2906 arrepta
1751 2871 1824 2905 pro

330 2907 468 2944 Leone
507 2908 752 2955 deprecandi
786 2920 808 2945 e
846 2910 1033 2945 convivio
1080 2912 1346 2945 surrexerunt
1383 2912 1421 2944 et
1466 2909 1613 2954 oppleti
1653 2909 1825 2944 lacrimis
