2054 3282
371 244 441 282 474
716 245 897 283 zoNAR.
925 247 1055 282 ErlT.
1083 247 1173 283 xvi
1204 247 1257 292 ιε,
1283 248 1435 293 93-19,
1466 249 1520 284 11.

371 367 473 421 ἔθνη
510 367 570 422 μὴ
610 365 700 409 κατ’
741 368 870 409 αὐτοῦ
908 368 1136 422 ὁρμήσαιεν
1173 368 1316 410 ἐδεδίει
1359 368 1430 410 καὶ
1472 369 1556 423 πρὸ
1599 373 1683 412 τῶν
1726 371 1864 412 ἄλλων

365 435 614 490 Ῥωμαίους,
648 436 796 477 στέλλει
826 434 934 489 πρὸς
964 435 1035 477 τὸν
1065 436 1248 490 βασιλέα,
1290 437 1474 484 σπονδὰς
1504 438 1798 493 ποιησόμενος,
1830 440 1868 481 εἶ

310 508 356 544 24
371 501 408 545 δ’
442 505 611 558 αἱροῖτο,
645 504 715 545 καὶ
746 504 878 558 κῆδος
909 505 965 550 εἰς
996 504 1153 546 ἑαυτόν.
1216 505 1278 552 ὡς
1309 506 1354 547 δὲ
1379 511 1441 560 τῷ
1460 506 1622 561 βασιλεῖ
1636 507 1707 548 καὶ
1729 507 1863 561 ἄμφω

368 572 610 626 καταθύμια
643 572 761 620 ἔδοξε
791 571 840 613 τὰ
879 572 1115 627 αἰτούμενα,
1160 573 1231 614 καὶ
1268 573 1393 620 αὐτὸς
1425 575 1448 615 ὁ
1479 574 1645 628 Πέτρος
1675 575 1862 629 ἀφίκετο,

368 639 439 680 καὶ
470 639 660 693 γεγόνασι
690 639 768 694 μὲν
799 640 1008 695 συνθῆκαι
1038 641 1131 695 περὶ
1168 643 1377 691 σπονδῶν,
1421 643 1621 698 συνήφθη
1661 643 1707 684 δὲ
1746 644 1898 698 αὗτῷῖ)

367 707 476 761 πρὸς
507 708 738 762 συμβίωσιν
771 708 952 763 γαμικὴν
983 709 1054 751 καὶ
1085 711 1110 764 ἡ
1143 714 1216 751 τοῦ
1247 711 1452 765 βασιλέως
1473 711 1636 766 ἕγγόνη,
1669 713 1694 766 ἢ
1719 712 1765 753 ἐκ
1787 715 1861 753 τοῦ

367 777 654 830 πρεσβυτέρου
684 780 770 818 τῶν
801 777 907 818 υἱῶν
938 778 1067 819 αὐτοῦ
1098 781 1172 819 τοῦ
1204 777 1504 833 Χριστοφόρου
1537 780 1764 834 γεγέννητο.

300 846 353 887 19
481 844 535 887 Ὀ
566 845 611 886 δὲ
641 845 832 900 βασιλεὺς
855 845 1073 900 Ῥωμανός
1105 847 1183 888 οὐκ
1216 847 1377 900 ἀρκοῦν
1408 847 1642 902 ἡγούμενος
1673 848 1733 889 ὅτι
1763 848 1860 889 ἑαυ-

367 916 439 954 τοῦ
478 912 550 954 τὸν
592 913 761 968 βασιλέα
802 914 1117 956 Κωνσταντῖνον
1161 915 1397 970 ὑπεβίβασε,
1441 915 1575 970 λαβὴν
1619 916 1748 971 ἐζήτει
1791 916 1862 957 καὶ

366 981 437 1023 τὸν
468 981 766 1037 Χριστοφόρον
796 984 1017 1038 προθεῖναι
1048 984 1196 1025 αὐτοῦ’
1242 982 1313 1023 καὶ
1350 983 1637 1036 παρεσκεύασε
1672 983 1747 1038 τὴν
1776 987 1862 1026 τῶν
1879 993 1922 1029 10

367 1050 631 1105 Βουλγάρων
660 1051 828 1106 πληθὺν
859 1052 903 1093 ἓν
933 1057 995 1106 τῷ
1025 1056 1098 1093 τοῦ
1131 1052 1269 1106 γάμου
1295 1057 1433 1106 καιρῷ
1455 1051 1679 1102 στασιάσαι,
1712 1053 1859 1107 ζητοῦ-

141 1122 223 1159 PII
242 1123 351 1160 190A
366 1133 443 1160 σαν
485 1118 557 1160 τὸν
587 1119 886 1174 Χριστοφόρον
921 1120 1006 1174 πρὸ
1043 1124 1116 1162 τοῦ
1155 1120 1472 1162 Κωνσταντίνου
1516 1120 1861 1175 ἀναγορεύεσθαι,

365 1186 436 1228 καὶ
469 1187 535 1228 διὰ
566 1187 640 1242 τὴν
672 1188 811 1229 στάσιν
843 1188 975 1243 δῆθεν
1006 1189 1247 1243 οἰκονομῶν
1278 1205 1311 1230 τι
1342 1189 1621 1243 παρεχώρησε
1651 1189 1698 1230 τὸ
1722 1189 1859 1231 αἰτού-

329 1262 492 1309 Ξμενον
524 1256 720 1310 γίνεσθαι.
782 1255 865 1297 εἶτα
901 1257 1007 1311 μήτε
1045 1256 1091 1298 τὸ
1129 1258 1246 1298 θεῖον
1285 1257 1433 1305 δείσας,
1479 1257 1502 1298 ὃ
1533 1257 1605 1304 τὰς
1636 1258 1861 1312 ὁμολογίας

364 1324 482 1378 αὐτῷ
512 1325 801 1378 ἒμπεπέδωκε,
833 1323 928 1380 μήτ’
964 1326 1170 1372 αἰδεσθεὶς
1200 1326 1246 1367 τὸ
1278 1327 1484 1380 ὑπήκοον,
1516 1326 1587 1367 καὶ
1608 1327 1742 1381 ἄμφω
1764 1326 1861 1373 τοὺς
1876 1333 1920 1369 15

363 1392 515 1439 ἄλλους
546 1394 645 1439 υἱεῖς
676 1394 805 1435 αὐτοῦ
841 1397 914 1436 τοῦ
947 1394 1266 1436 Κωνσταντίνου
1306 1395 1538 1448 προτέρους
1581 1395 1861 1450 εὐφημ-εῖσθαι

362 1462 574 1516 πεποίηκε,
606 1462 678 1503 καὶ
709 1462 733 1503 ὁ
764 1466 933 1516 πρῶτος
963 1464 1151 1517 πέμπτος
1183 1464 1356 1517 ἐγένετο,
1395 1463 1466 1504 καὶ
1497 1464 1534 1504 εἰ
1560 1463 1620 1517 μὴ
1654 1464 1678 1505 ὁ
1707 1463 1861 1518 μικρὸς

357 1529 576 1584 Ῥωμανός
607 1530 632 1572 ὁ
662 1534 735 1572 τοῦ
767 1529 1069 1586 Χριστοφόρου
1102 1531 1192 1578 υἷὸς
1224 1532 1338 1586 ἔφθη
1373 1531 1534 1585 θανών,
1579 1532 1772 1579 κάκεῖνος
1809 1533 1861 1573 ἂν

361 1675 384 1711 8
409 1677 506 1716 ὅπως
530 1677 590 1712 καὶ
615 1677 673 1712 τὸν
698 1677 774 1713 υἱὸν
805 1678 912 1714 αὐτοῦ
938 1680 1188 1724 Χριστοφόρον
1219 1679 1433 1725 προεβίβασε
1468 1683 1528 1714 τοῦ
1559 1679 1730 1725 βασιλέως
1755 1680 1859 1714 Κων-

362 1725 551 1769 σταντίνου,
576 1724 650 1761 εἶτα
675 1725 754 1765 τοὺς
779 1725 920 1766 λοιποὺς
946 1727 1011 1762 δύο
1037 1727 1069 1762 Ε

435 1868 452 1903 1
480 1869 632 1914 ὁρμῆσαι
658 1869 695 1904 ἐν
717 1869 764 1913 D,
793 1879 893 1905 corr.
911 1870 979 1908 Dw
1057 1870 1079 1905 5
1105 1870 1282 1916 συνθήκαι
1309 1868 1428 1913 ADE,
1456 1880 1557 1905 corr.
1572 1869 1641 1907 Dw
1715 1869 1737 1904 6
1763 1873 1858 1905 ante
2043 1890 2054 1934 1

430 1916 519 1960 πρὸς
545 1916 636 1951 add.
662 1917 722 1952 καὶ
749 1917 845 1963 pr
1021 1917 1081 1953 καὶ
1109 1928 1183 1953 om.
1212 1917 1282 1953 BD
1459 1918 1479 1953 7
1506 1918 1666 1962 γεγένητο
1692 1916 1858 1963 BSpr‚
2045 1935 2054 1962 ᾗ

432 1975 469 1998 V.
497 1964 548 1999 ad
574 1964 671 1999 XIII
700 1965 730 2008 1,
756 1965 778 2000 2
921 1965 955 2000 8.
981 1966 1004 2001 9
1029 1966 1154 2000 ἑαυτοῦ
1183 1969 1273 2011 post
1298 1971 1551 2000 κωνσταντῖνον
1578 1964 1609 2000 Ο
1747 1965 1769 1999 9
1794 1965 1858 2003 εἰς·
2044 1963 2054 2001 f*

431 2012 571 2057 εβίβασε
597 2011 645 2056 D,
673 2022 773 2048 corr.
802 2012 869 2051 Dw
999 2013 1112 2058 λαβὴν
1138 2011 1306 2058 prDl',
1333 2014 1451 2057 λαβεῖν
1476 2011 1511 2047 Α
1635 2013 1687 2047 10.
1716 2012 1759 2047 12
1783 2026 1859 2057 χρι-

431 2060 606 2104 στόφορον
630 2060 726 2106 Ewp
840 2061 885 2095 10
908 2061 1112 2105 προςθεῖναι
1139 2060 1170 2095 Β
1277 2060 1321 2095 12
1346 2060 1404 2095 τὸν
1428 2074 1539 2105 χριστ.
1568 2063 1658 2105 post
1683 2073 1858 2095 κωνσταν-

431 2108 524 2142 τίνου
550 2107 648 2153 pr
784 2109 827 2143 13
854 2112 944 2154 post
970 2109 1080 2153 δῆθεν
1106 2108 1197 2143 add.
1226 2108 1276 2147 ὥς
1301 2109 1342 2143 ἐκ
1367 2109 1446 2153 βίας
1474 2108 1570 2153 pr
1695 2107 1738 2142 14
1763 2107 1794 2152 ᾧ
1821 2107 1856 2142 D

432 2154 476 2190 15
501 2154 608 2190 αὐτοῦ
634 2155 821 2202 BSDEwp
922 2157 966 2191 18
991 2155 1133 2195 ό-υἱὸς
1160 2166 1233 2191 om.
1262 2155 1297 2190 D
1330 2157 1397 2192 PVO
1423 2156 1489 2191 lat.

358 2298 516 2344 legatos
541 2299 594 2334 ad
621 2309 760 2345 regem
787 2299 837 2335 de
863 2310 964 2345 pace
991 2302 1041 2344 et,
1069 2300 1101 2334 si
1129 2300 1316 2345 placeret,
1346 2300 1465 2334 etiam
1490 2299 1540 2333 do
1558 2298 1755 2333 affinitate
1773 2298 1856 2332 iun-

298 2345 344 2380 24
358 2346 496 2391 genda
521 2347 649 2382 mittit.
701 2346 774 2382 Cui
802 2357 892 2382 cum
918 2350 1136 2392 utrumque
1164 2347 1274 2382 cordi
1295 2350 1411 2390 esset,
1439 2347 1524 2391 ipse
1543 2346 1686 2381 Petrus
1704 2345 1856 2390 Byzan-

358 2394 457 2428 tium
483 2394 595 2429 venit
621 2397 661 2430 et
687 2405 787 2440 pace
813 2395 921 2430 facta
946 2398 1107 2440 neptem
1136 2395 1245 2440 regis
1265 2405 1314 2430 ex
1336 2394 1632 2439 Christophoro,
1659 2393 1738 2428 filio
1758 2396 1857 2428 natu

358 2442 545 2486 maximo,
571 2452 742 2477 uxorem
767 2442 887 2477 ducit.

478 2489 532 2524 19.
583 2489 668 2524 Rex
701 2489 907 2525 Romanus
939 2501 986 2525 eo
1020 2500 1101 2525 uon
1142 2492 1366 2532 contentus,
1406 2488 1515 2534 quod
1550 2488 1855 2524 Constantinum

357 2536 463 2571 infra
489 2547 532 2572 se
559 2536 787 2579 collocarat,
826 2538 1078 2572 occasionem
1114 2538 1315 2582 quaeritat
1348 2537 1467 2571 otiam
1496 2535 1768 2581 christophori
1801 2535 1855 2570 illi

358 2584 654 2629 praeponendi3
688 2585 826 2629 itaque
852 2585 1049 2620 instructa
1075 2584 1346 2629 Bulgarorum
1374 2584 1504 2626 turba,
1540 2594 1645 2628 quae
1672 2583 1855 2628 tempori·

357 2632 433 2666 bus
459 2632 693 2677 nuptiarum
719 2632 878 2667 illarum
899 2632 1132 2677 postularet,
1158 2635 1204 2666 ut
1222 2630 1531 2676 christophorus
1550 2635 1644 2665 ante
1663 2630 1855 2666 Constan-

357 2679 484 2713 tinum
511 2679 800 2723 nominaretur,
829 2680 944 2724 quasi
971 2682 1137 2724 propter
1159 2682 1309 2714 motum
1330 2678 1437 2713 illum
1457 2679 1688 2713 necessitati
1707 2677 1854 2713 cedens

321 2726 569 2771 2postulatis
608 2727 766 2762 illorum
805 2727 959 2761 annuit.
1010 2726 1169 2761 Deinde
1206 2736 1338 2771 nequo
1380 2726 1499 2761 doum
1537 2726 1700 2770 veritus,
1739 2725 1854 2759 cuius

356 2774 521 2808 numine
547 2774 737 2809 invocato
765 2774 973 2819 pactiones
999 2774 1188 2816 firmarat,
1231 2783 1364 2818 neque
1397 2774 1671 2808 subiectorum
1697 2772 1853 2818 pudore

358 2821 574 2856 deterritus
605 2822 730 2856 'etiam
763 2821 864 2857 duos
890 2822 1067 2867 reliquos
1094 2831 1188 2856 suos
1215 2821 1316 2856 filios
1342 2824 1436 2856 ante
1462 2820 1768 2856 Constantinum
1795 2830 1852 2854 sa-

357 2868 476 2902 lutari
516 2869 650 2911 iussit;
691 2870 746 2903 ita
785 2870 936 2914 primus
972 2871 1104 2904 sactus
1139 2872 1199 2903 est
1233 2869 1396 2913 quintus
1433 2869 1550 2913 eique
1577 2869 1706 2903 minor
1734 2867 1852 2901 etia-m

357 2914 573 2963 Romanus,
611 2915 885 2963 Christophori
912 2916 1027 2963 filius,
1063 2916 1319 2964 praepositus
1346 2920 1462 2960 esset,
1500 2916 1575 2951 nisi
1601 2919 1694 2951 ante
1722 2916 1854 2951 deces-
