2054 3282
555 263 754 301 CYPRVS
778 263 846 300 ET
872 262 1028 302 SYRIA
1052 257 1477 301 RECVPERANTVR.
1692 261 1763 300 503

265 385 340 440 τὴν
381 386 817 429 Κωνσταντινοῦπολιν
854 384 926 432 τὰς
968 389 1040 440 τῆς
1078 385 1244 439 Ταρσοῦ
1286 384 1422 431 πύλας
1463 384 1534 426 καὶ
1576 383 1648 431 τὰς
1690 388 1763 439 τῆς

264 453 433 508 Mdupov
473 455 606 501 ἑστίας
642 454 903 509 ἐπαγόμενος
934 454 981 495 ἐκ
1012 453 1173 508 χαλκοῦ
1202 453 1486 508 πεποιημένας
1515 451 1587 494 καὶ
1617 453 1763 508 τέχνης

266 522 538 570 ὁεικνυούσας
575 523 803 578 ἀκρίβειαν,
846 524 899 569 ἃς
933 522 1127 568 κάκεῖνος
1163 521 1450 576 ἐπικοσμήσας
1484 519 1558 568 τὰς
1592 520 1671 575 μὲν
1701 525 1763 575 τῷ
1776 525 1806 562 C

264 590 370 632 κατὰ
402 591 476 646 τὴν
506 591 735 646 ἀκρόπολιν
765 591 866 646 ἑῴῳ
897 591 1015 645 τείχει
1044 590 1332 645 προσήρμοσε,
1371 588 1445 636 τὰς
1476 588 1522 631 δὲ
1552 593 1614 643 τῷ
1644 588 1762 644 τείχει

228 664 252 701 5
265 664 327 713 τῷ
367 661 534 715 ὁυτικῷ.
595 660 666 702 καὶ
704 664 766 715 τῷ
804 661 898 714 θεῷ
929 659 975 701 ὁὲ
1005 658 1201 714 ἀπαρχὰς
1232 659 1322 700 οἷον
1351 663 1424 714 τῆς
1454 659 1605 700 ἑαυτοῦ
1636 672 1760 711 στρα-
1774 663 1797 698 9

264 728 372 775 τείας
402 728 631 775 ἀποδιδοὺς
661 728 757 775 τοὺς
777 729 935 783 τιμίους
956 727 1175 781 σταυρούς,
1208 729 1283 773 οὓς
1304 727 1344 770 οῖ
1363 727 1574 782 βάρβαροι
1595 726 1759 782 ἔλαβον,

263 797 444 852 ὁπηνίκα
466 798 491 839 ό
511 798 811 852 Στυππειώτης
831 801 917 839 τῶν
938 797 1104 851 σχολῶν
1126 796 1371 851 δομέστικος
1395 797 1459 838 ὢν
1489 794 1560 837 καὶ
1589 794 1759 849 πολιορ-

262 869 356 908 κῶν
390 865 465 920 τὴν
499 866 662 920 Ταρσὸν
698 866 746 908 ἐκ
783 865 1067 920 κακοβουλίας
1105 865 1386 920 δυστυχήματι
1427 864 1655 919 περιέπεσε,
1699 868 1762 917 τῷ

263 935 372 989 θείῳ
402 936 557 989 τεμένει
595 939 667 989 τῆς
701 938 776 976 τοῦ
813 935 918 976 θεοῦ
958 933 1086 988 λόγου
1118 933 1285 988 Σοφίας
1328 933 1513 975 ἀνέθετο.
1574 931 1646 973 καὶ
1687 931 1761 987 τὴν
1776 937 1821 972 10

207 1007 252 1043 10
263 1002 443 1057 Κύπρον
486 1003 532 1045 δὲ
573 1002 690 1057 παρὰ
721 1002 966 1057 Ἀγαρηνῶν
1008 1002 1291 1056 κατεχομένην
1335 997 1386 1043 δι’
1428 1001 1558 1043 αὐτοῦ
1596 1001 1622 1055 ἡ
1655 999 1759 1042 Ῥω-

261 1071 403 1125 μαίων
439 1071 549 1126 ἀρχὴ
583 1071 908 1126 προσεκτήσατο.
969 1069 1052 1112 εἶτα
1083 1075 1133 1125 τῇ
1164 1069 1303 1124 Συρίᾳ
1334 1069 1491 1124 ἐπῆλθε
1521 1068 1593 1110 καὶ
1622 1068 1761 1115 πόλεις
1778 1074 1817 1109 11

263 1140 537 1194 ἐκπορθήσας
567 1139 638 1181 καὶ
669 1140 816 1194 χώρας
847 1138 955 1181 ἑλὼν
978 1138 1087 1192 πρὸς
1107 1143 1169 1192 τῷ
1189 1138 1366 1193 Λιβάνῳ
1396 1137 1468 1179 καὶ
1498 1141 1547 1192 τῇ
1576 1136 1760 1190 παραλίᾳ

262 1209 456 1262 κειμένας
488 1208 616 1263 ἦλθεν
641 1209 698 1254 εἰς
718 1207 976 1262 Ἀντιόχειαν.
1037 1210 1122 1248 τῶν
1145 1203 1182 1248 δ’
1205 1206 1450 1261 Ἀντιοχέων
1471 1205 1758 1247 ἀντικαθιστα-
1776 1211 1820 1246 12

261 1278 405 1331 μένων
436 1277 810 1330 ἐρρωμενέστερον,
843 1275 925 1331 ἤδη
959 1274 1005 1317 δὲ
1030 1274 1102 1317 καὶ
1121 1278 1207 1317 τῶν
1227 1274 1469 1330 ἐπιτηδείων
1490 1273 1760 1316 ἐπιλιπόντων

202 1349 247 1385 15
263 1349 347 1391 τοῖς
368 1345 634 1398 στρατιώταις
655 1345 726 1386 καὶ
746 1344 944 1399 τέλματος
965 1344 1011 1392 ἐξ
1031 1344 1152 1386 ὑετοῦ
1174 1342 1394 1398 γεγονότος
1411 1342 1582 1390 πολλοῦ,
1604 1342 1758 1397 ἀπέστη
1774 1347 1810 1383 D

261 1418 334 1469 τῆς
370 1414 613 1467 πολιορκίας
644 1413 715 1455 καὶ
743 1412 853 1467 πρὸς
883 1412 956 1467 τὴν
986 1415 1072 1455 τῶν
1101 1411 1269 1454 πόλεων
1301 1410 1602 1465 ὑπερκειμένην
1633 1410 1757 1452 ἔπαν-

81 1485 185 1524 DlV
202 1482 474 1538 διελήλυθεν,
518 1482 752 1537 ἐπηγμένος
794 1481 863 1523 καὶ
903 1480 950 1522 τὸ
985 1484 1060 1523 τοῦ
1092 1485 1284 1535 σωτῆρος
1313 1479 1500 1534 Χριστοῦ
1540 1478 1652 1534 ἱερὸν
1688 1478 1759 1520 καὶ

260 1551 378 1594 θεῖον
421 1550 664 1605 ἕκτύπωμα,
708 1551 733 1592 ὃ
764 1550 809 1592 ἐν
839 1549 1018 1605 κεράμῳ
1048 1547 1145 1603 εὗρε
1178 1548 1285 1591 κατὰ
1322 1548 1397 1604 τὴν
1423 1547 1650 1603 Ἱεράπολιν
1686 1547 1759 1603 τὴν

260 1693 284 1729 9
308 1693 389 1738 περὶ
416 1698 475 1739 τῆς
502 1693 650 1737 Κύπρου
677 1691 740 1729 OE
866 1691 908 1726 11
935 1692 987 1726 ὄτι
1014 1696 1073 1736 τῆς
1098 1691 1232 1736 Συρίοις
1257 1691 1375 1729 πόλεις
1399 1690 1586 1736 πορθήσας
1611 1690 1672 1725 καὶ
1697 1690 1759 1736 τὴν

257 1741 464 1787 Ἀντιόχειαν
487 1740 693 1785 πολιορκῶν
716 1739 890 1785 ἀπανέστη
919 1739 1102 1785 (ἐπανέστη
1129 1739 1175 1782 Ε)
1201 1738 1262 1775 καὶ
1286 1738 1367 1784 περὶ
1393 1743 1454 1775 τοῦ
1479 1738 1581 1784 ἁγίου
1614 1751 1758 1784 κεραμι-

261 1825 339 1861 §lov
365 1790 517 1871 (κεραμλ3
537 1823 582 1870 C)
609 1823 673 1862 ΟΕ

334 1954 353 1988 1
380 1953 638 1989 κωνσταντίνου
656 1952 755 1998 pr
853 1956 914 1997 τῆς
933 1953 1045 1998 prius
1065 1963 1140 1989 om.
1155 1952 1187 1988 Ο
1283 1953 1307 1989 3
1331 1953 1563 1997 δεικνυούσης
1580 1952 1628 1996 D,
1655 1962 1756 1988 corr.

332 2001 401 2039 Dw
497 2000 520 2037 4
546 2003 641 2037 ante
667 2001 770 2045 τείχει
798 1999 890 2035 add.
916 1999 998 2035 ἓώω
1018 1998 1215 2047 O(wpDi),
1243 1999 1402 2036 om.AE
1498 2000 1521 2035 5
1546 2001 1690 2035 διοτικῶ
1710 1999 1756 2044 D,

333 2059 434 2085 corr.
454 2048 522 2087 Dw
618 2048 725 2084 αὐτοῦ
753 2048 849 2094 Ewp
947 2049 1106 2092 στρατίας
1133 2047 1175 2092 Ε,
1201 2053 1360 2092 στρατιᾶς
1387 2047 1423 2082 D
1521 2047 1543 2082 6
1567 2047 1758 2087 ἀποόίὸους

332 2095 381 2143 ρ*
479 2096 500 2132 7
526 2095 740 2141 στυπειώτης
766 2095 864 2142 pr
891 2095 1006 2133 Cedr.
1033 2094 1224 2142 (Scylitz.)
1251 2095 1287 2131 11
1315 2106 1351 2141 p.
1377 2095 1459 2139 363,
1488 2095 1542 2140 15,
1569 2106 1671 2131 corr.
1688 2095 1756 2133 Dw

379 2143 432 2180 ὧν
458 2144 505 2187 D,
531 2144 583 2179 ὢν
609 2154 710 2180 corr.
737 2143 806 2181 Dw
916 2144 940 2179 8
963 2143 1158 2188 περιέπεισε
1184 2143 1232 2187 D,
1259 2153 1359 2179 corr.
1387 2142 1455 2181 Dw
1567 2142 1613 2178 10
1637 2156 1755 2188 κατεχ.

329 2191 425 2237 παρὰ
449 2193 636 2238 ἀγαρηνῶν
662 2190 745 2235 BD,
771 2204 890 2237 κατεχ.
918 2190 986 2226 ὑπὸ
1012 2195 1082 2226 τῶν
1106 2191 1296 2236 ἀγαρηνῶν
1322 2190 1351 2227 C
1487 2191 1531 2227 12
1555 2190 1756 2236 ε’ρποῦήσας

331 2240 417 2285 (sic)
444 2240 476 2275 Ε
583 2238 716 2285 χώρας]
741 2239 857 2278 πόλεις
882 2238 918 2274 D
1029 2238 1075 2274 13
1099 2238 1291 2285 ἀντιοχὲων
1316 2249 1391 2275 om.
1418 2237 1504 2284 w*p
1619 2237 1664 2273 14
1688 2237 1755 2273 ἐπι-

329 2288 520 2323 λειπόντων
545 2286 680 2333 DEwp
779 2286 822 2322 17
849 2286 886 2321 τὸ
912 2297 988 2323 oin.
1016 2285 1051 2321 D

258 2416 411 2453 hestiae
439 2420 577 2462 portas
602 2415 793 2461 exquisiti
819 2414 988 2458 artificii,
1015 2414 1133 2450 novis
1160 2414 1405 2450 ornamentis
1425 2413 1583 2458 additis,
1611 2413 1754 2460 partim

258 2474 374 2501 muro
400 2464 516 2500 iuxta
542 2463 760 2509 acropoiim
788 2462 984 2507 orientali,
1024 2462 1168 2508 partim
1196 2461 1436 2498 occidentali
1462 2460 1753 2497 accomodavit.

258 2510 392 2558 Atque
417 2511 537 2547 etiam
565 2510 642 2547 deo
669 2511 784 2556 quasi
813 2510 1007 2556 primitias
1033 2508 1304 2555 expeditionis
1329 2519 1429 2544 suae
1454 2508 1608 2553 obtulit,
1635 2518 1753 2545 vene-
1769 2509 1791 2543 9

258 2559 397 2595 randis
415 2559 615 2601 crucibus,
641 2558 789 2604 quibus
808 2558 970 2594 barbari
990 2557 1103 2603 potiti
1123 2561 1250 2602 erant,
1277 2565 1368 2592 cum
1394 2555 1620 2603 Styppiota,
1645 2555 1755 2592 scho-

258 2606 387 2643 larum
413 2606 669 2648 domesticus,
700 2606 739 2641 in
768 2605 979 2642 obsidione
1004 2603 1119 2639 'rarsi
1147 2615 1191 2640 rc
1217 2614 1289 2651 per
1314 2603 1625 2650 imprudentiam
1651 2604 1756 2639 male

257 2657 375 2701 gesta
409 2653 565 2691 cladem
596 2654 828 2699 accepisset,
870 2652 907 2689 S.
935 2651 1110 2735 Sollghiae
1141 2652 1288 2698 templo
1320 2650 1527 2687 dedicatis.
1577 2650 1607 2688 C
1639 2661 1754 2697 prum
1772 2650 1816 2685 10

286 2711 423 2748 uoque
440 2701 492 2737 ab
506 2700 708 2747 Agarenis
726 2705 964 2746 occupatam
1016 2709 1161 2735 omano
1181 2700 1348 2746 imperio
1373 2699 1558 2735 restituit.
1635 2698 1754 2734 cinde
1771 2698 1811 2733 ll

286 2749 416 2795 yriam
443 2749 592 2785 invasit
614 2752 653 2785 et
671 2748 840 2784 urbibus
861 2748 1040 2793 iocisque
1059 2747 1111 2782 ad
1130 2746 1330 2782 Libanum
1349 2750 1391 2783 et
1407 2747 1522 2782 iuxta
1540 2757 1651 2782 mare
1670 2746 1755 2782 sitis

259 2797 403 2843 partim
429 2797 688 2843 expugnatis,
717 2797 861 2842 partim
890 2796 1058 2831 vastatis
1076 2794 1128 2830 ad
1141 2794 1395 2830 Antiochiam
1415 2794 1537 2830 venit.
1580 2793 1659 2831 Sed
1674 2792 1753 2830 An-
1771 2793 1814 2829 12

258 2844 454 2881 tiochenis
472 2845 606 2880 acrius
624 2843 915 2886 resistentibus,
943 2842 1163 2891 accedente
1177 2842 1296 2878 etiam
1312 2845 1560 2877 commeatus
1582 2842 1754 2897 penuria

259 2896 299 2928 et
324 2891 409 2928 solo
436 2891 631 2928 imbribus
657 2891 866 2934 inundato,
902 2890 1033 2926 soluta
1060 2889 1270 2926 obsidione
1296 2889 1335 2925 in
1363 2890 1503 2925 urbem
1560 2889 1752 2935 rincipem

259 2938 391 2983 rediit,
416 2939 539 2976 allata
564 2940 785 2976 servatoris
811 2938 952 2976 Cin-isti
985 2948 1101 2974 sacra
1127 2937 1349 2984 divinaque
1374 2936 1507 2984 effigie
1532 2900 1754 2984 Yiicrapoln
