1968 3302
319 219 362 264 14
731 218 912 264 'ZONAR
941 218 1071 262 ΕΡΙΤ.
1099 216 1195 261 xm
1221 223 1255 269 3,
1282 218 1411 260 2—11.

317 351 606 393 καθίπτασθαι
637 349 781 396 ἀετοὺς
812 349 883 391 καὶ
913 347 962 389 τοὶ
994 351 1078 389 τῶν
1111 347 1356 402 οἰκοδόμων
1387 350 1587 405 ἁρπάζειν
1619 349 1814 408 σπαρτία·

316 419 388 461 τὸν
424 419 580 474 μεταξὺ
621 419 667 459 δὲ
705 419 995 472 διιπταμένοις
1037 417 1241 470 πορθμὸν
1284 418 1437 472 ῥίπτειν
1482 420 1586 462 αὐτὰ
1625 420 1732 462 κατὰ
1770 421 1819 464 τὸ

281 487 558 536 3Βυζάντιον.
620 491 743 528 τοῦτο
776 491 878 540 γοῦν
908 486 1108 531 πολλάκις
1140 486 1365 539 γενόμενον
1403 488 1614 543 ἀπηγγέλη
1647 494 1709 543 τῷ
1738 490 1817 543 βα-

318 556 430 598 σιλεῖ’
479 556 549 597 καὶ
582 556 660 596 οὐκ
694 555 829 596 ἐδόκει
862 555 1045 609 τυχαίως
1077 554 1262 607 γίνεσθαι
1293 555 1339 596 τὸ
1372 556 1602 611 γινόμενον,
1649 557 1752 598 ἀλλά
1783 574 1818 599 τι

280 624 385 666 4ὁιά
417 625 565 666 τούτου
597 624 642 665 τὸ
683 624 799 665 θεῖον
837 623 1125 677 παραδηλοῖνν.
1189 624 1398 677 ἐφίσταται
1443 629 1544 678 γοῦν
1588 625 1715 672 αὐτὸς
1755 631 1854 680 τῷῑ)

317 693 538 746 Βυζαντίῳ
577 693 601 733 ὁ
640 693 930 746 αὐτοκράτωρ,
979 691 1050 731 τὸν
1090 691 1219 732 τόπον
1258 697 1542 735 κατασκοπῶν
1586 695 1814 749 ἀρέσκεται,

274 768 302 805 C
315 762 555 815 μετατίθησι
588 760 659 801 τὸν
691 761 863 808 σκοπόν,
910 761 1076 814 μετάγει
1115 760 1212 806 τοὺς
1242 762 1424 815 τεχνίτας
1456 763 1502 804 ἐκ
1534 762 1817 817 Χαλκηδόνος

144 839 192 874 W
208 831 412 884 ΠΙΊὲκεῒ,
446 830 519 883 τὴν
549 829 669 870 πόλιν
700 830 930 883 φιλοτίμως
963 830 1191 883 οἰκοδομεῖ,
1224 829 1667 873 Κωνσταντινούπολιν
1686 831 1816 886 αὐτὴν

316 898 382 940 ἐπὶ
418 904 480 952 τῷ
517 898 688 951 ὀνόματι
728 903 789 951 τῷ
829 899 972 952 οἰκείῳ
1016 898 1144 952 καλεῖ,
1194 898 1263 939 καὶ
1308 899 1549 953 ἀνατίθησιν
1593 899 1723 954 αὐτὴν
1765 904 1815 954 τῇ

315 967 521 1021 παρθένῳ
553 967 623 1007 καὶ
654 967 898 1021 θεομήτορι.
1831 974 1876 1009 10

90 1043 302 1109 ἦανὲἐὲῑέῡ
428 1034 539 1089 ’Ήὸη
574 1033 610 1075 δ’
645 1036 968 1090 ἀπαρτισθείσης
999 1040 1071 1090 τῆς
1109 1036 1286 1090 πόλεως,
1335 1037 1440 1078 κατὰ
1478 1037 1553 1091 τὴν
1591 1037 1815 1092 ἑνδεκάτην

90 1089 267 1151 Μαῗέἒὸυ.
316 1108 389 1145 τοῦ
421 1103 568 1145 ΝΙαΐον
600 1103 735 1158 ,ιιηνὸς
765 1103 930 1145 τελεῖται
962 1104 1010 1144 τὰ
1042 1105 1192 1159 ταύτης
1225 1106 1413 1157 γενέθλια
1451 1107 1584 1147 εἴτουν
1615 1107 1814 1160 ε’γκαίνια,

121 1153 179 1181 Ch'
199 1160 230 1180 n.
316 1174 434 1219 ἔτους
466 1174 731 1226 ἐνισταμένου
763 1173 1164 1227 πεντακισχιλιοστοῦ
1205 1174 1529 1215 ὄκτακοσιοστοῢ
1567 1178 1814 1229 τριακοστοῦ

280 1242 484 1296 6ὂγὸόου.
549 1242 627 1289 ὅτε,
673 1242 734 1287 ὥς
772 1258 875 1288 τινες
916 1243 1168 1297 ἱστορήκασι,
1214 1242 1285 1284 τὸν
1329 1243 1592 1297 ἀστρονόμον
1635 1243 1815 1289 καλέσας

322 1310 546 1358 Οὐάλεντα,
593 1314 678 1351 τῶν
708 1311 798 1352 τότε
829 1310 923 1364 περὶ
954 1311 1028 1364 τὴν
1058 1312 1205 1366 τέχνην
1236 1312 1388 1366 ταύτην
1419 1311 1713 1366 ἕσχολακότων
1743 1311 1814 1353 τὸν
1833 1319 1875 1354 15

316 1379 622 1434 ἀκριβέστερον,
657 1379 870 1421 ἐκέλευσεν
901 1380 967 1420 ἐπὶ
998 1385 1059 1434 τῷ
1091 1380 1292 1434 γενεθλίῳ
1323 1385 1396 1435 τῆς
1426 1380 1592 1426 πόλεως
1621 1380 1814 1429 συντάξαι

317 1521 363 1557 14
386 1521 466 1567 περὶ
491 1527 551 1558 τοῦ
575 1521 630 1557 ἐπὶ
656 1527 707 1567 τῷ
731 1523 901 1567 γενεθλίῳ
940 1522 1147 1567 (γενεθλίου,
1177 1523 1332 1558 omissis
1357 1523 1412 1558 ἐπὶ
1439 1528 1488 1568 τῷ·
1513 1522 1559 1567 Ε)
1594 1528 1653 1569 τῆς
1679 1523 1816 1562 πόλεως

315 1571 504 1615 γενομένου
531 1571 701 1614 θεματίου
729 1569 792 1606 ΟΕ

390 1711 407 1746 1
436 1711 496 1747 καὶ
521 1710 562 1747 τὰ
587 1711 686 1758 pr
701 1710 767 1756 Di,
795 1712 855 1748 καὶ
881 1712 938 1747 τὸν
963 1712 1003 1758 C,
1029 1712 1118 1748 κατὰ
1144 1711 1190 1756 Α,
1218 1724 1255 1748 v.
1281 1712 1378 1748 XIII
1403 1713 1436 1758 3,
1466 1713 1511 1749 16
1637 1712 1660 1749 2
1683 1711 1814 1758 μεταξὺ

387 1758 427 1794 δὲ
443 1758 591 1805 Apr‚
619 1760 750 1805 μεταξὺ
769 1760 804 1795 τὲ
821 1760 863 1805 Β,
889 1761 1019 1805 μεταξὺ
1043 1762 1047 1804 Ι
1071 1761 1100 1797 C
1197 1762 1220 1797 ὅ
1245 1761 1309 1796 οὖν
1334 1761 1370 1796 D
1468 1761 1490 1796 6
1517 1764 1611 1797 ante
1637 1759 1695 1796 τὸν
1721 1760 1812 1796 add.

387 1807 447 1842 καὶ
473 1807 504 1842 Ε.
601 1808 635 1844 8.
661 1808 683 1843 9
710 1809 1080 1844 Κωνσταντινούπολιν
1100 1836 1106 1844 .
1127 1836 1134 1844 .
1153 1810 1257 1845 καλεῖ
1273 1829 1316 1834 -
1335 1810 1541 1854 ἀνατίθησιν
1553 1808 1672 1854 αὐτὴν]
1701 1808 1743 1844 V.
1764 1808 1813 1844 de

388 1855 566 1891 ehiasmo
594 1856 646 1890 ad
672 1856 767 1891 XIII
795 1857 827 1900 2,
847 1857 869 1892 6
966 1857 988 1892 9
1015 1862 1062 1891 τῶ
1090 1858 1209 1892 οἰκεία)
1236 1858 1377 1902 ὀνόματι
1404 1857 1472 1894 OD
1572 1857 1614 1892 11
1642 1857 1674 1892 δ’
1692 1855 1812 1899 ARW,

388 1903 426 1938 δὲ
453 1902 549 1949 pDz'
655 1905 698 1939 122
723 1905 813 1938 τελεῖ
835 1905 933 1950 pr
949 1905 1003 1939 Da·
1112 1907 1224 1941 εἷ’τουν
1246 1908 1251 1949 Ι
1274 1905 1320 1949 A,
1346 1906 1368 1951 ἢ
1397 1905 1494 1951 pr
1606 1905 1651 1939 13
1676 1918 1813 1949 τριακο-

388 1957 468 1987 στοῦ
494 1951 605 1997 pr,
634 1963 709 1987 0111.
736 1952 781 1988 A.
809 1953 900 1987 add.
921 1952 973 1991 Ar
1092 1954 1134 1987 1ss
1160 1953 1418 1999 ἀκριβέστερον]
1448 1953 1508 1988 De
1536 1954 1812 1998 comparativo

388 2010 424 2034 v.
452 1999 549 2034 XIII
575 2000 631 2044 22,
651 2001 685 2035 3.
712 2000 803 2035 XIV
832 2001 862 2043 l,
893 2001 947 2035 19.
973 2002 1006 2046 5,
1033 2002 1065 2035 4.
1093 2002 1149 2036 22.
1179 2002 1233 2045 12,
1253 2002 1284 2037 7.
1316 2002 1369 2043 113,
1391 2001 1444 2036 15.
1472 2001 1528 2046 20,
1547 2001 1580 2036 2.
1607 2000 1663 2044 26,
1682 2001 1714 2036 5.
1741 2000 1814 2036 XV

387 2047 420 2091 8,
449 2049 503 2083 18.
543 2047 654 2083 XVII
682 2049 736 2092 10,
763 2048 796 2083 8.
847 2048 993 2084 Euseb.
1020 2050 1088 2083 vit.
1117 2049 1248 2084 Const.
1278 2049 1330 2085 IV
1355 2050 1412 2093 51,
1444 2048 1553 2085 Socr.
1582 2048 1627 2083 H.
1656 2049 1697 2084 E.
1724 2049 1741 2083 Ι
1767 2048 1814 2083 38

388 2100 501 2139 extr„
528 2095 768 2142 Philostorg.
795 2096 843 2131 H.
871 2097 911 2131 E.
939 2096 997 2131 III
1024 2098 1055 2139 1,
1085 2098 1114 2141 1,
1143 2097 1282 2132 Zosim.
1311 2097 1347 2132 ΙΙ
1372 2097 1428 2142 39,
1456 2097 1478 2132 2
1508 2097 1593 2141 (ubi
1619 2095 1813 2132 Mendels-

388 2144 554 2179 sohnius
579 2154 662 2179 non
688 2151 798 2179 recte
825 2145 996 2180 coniecit
1020 2146 1282 2191 πρεσβύτατος),
1310 2145 1465 2191 Eunap.
1486 2146 1552 2180 vit.
1575 2143 1811 2190 Chrysanth.

388 2203 425 2237 p.
453 2191 522 2226 112
547 2191 679 2227 Boissz
718 2191 758 2227 τὰ
784 2192 992 2228 κάλλιστα
1018 2193 1078 2227 καὶ
1104 2194 1344 2238 γλυκύτερα
1371 2198 1440 2228 τῶν
1466 2193 1595 2238 μελῶν.
1639 2192 1682 2228 V.
1709 2191 1813 2228 NItZ-

387 2239 540 2274 schium
570 2240 681 2274 Erkl.
707 2239 823 2275 Anm.
850 2251 879 2275 z.
908 2241 1024 2276 Hom.
1055 2241 1198 2286 Odys-s.
1226 2241 1243 2275 I
1270 2252 1306 2287 p.
1335 2241 1404 2275 114
1499 2241 1664 2275 ἐκάλεσεν
1690 2239 1720 2274 Β

316 2393 439 2428 opere
473 2382 662 2418 incohato
696 2382 853 2427 aquilas
885 2382 1097 2418 devolasse
1129 2386 1352 2418 memorant
1385 2382 1677 2427 fabrorumque
1711 2381 1812 2415 funi·

279 2430 427 2466 Sculos
462 2434 600 2476 raptos
634 2431 738 2465 freto
776 2434 968 2476 superato
1003 2431 1119 2465 iuxta
1153 2430 1394 2475 Byzantium
1430 2429 1634 2464 deiecisse.
1694 2428 1811 2471 Quod

315 2479 478 2524 saepius
504 2481 656 2514 sactum
690 2482 730 2513 et
761 2478 993 2524 imperatori
1028 2479 1269 2522 nuntiatum,
1303 2488 1393 2512 cum
1426 2488 1507 2512 non
1540 2480 1691 2512 temere
1723 2476 1810 2512 fieri

277 2524 386 2561 4sed
413 2537 436 2561 a
463 2527 629 2561 numine
655 2526 839 2572 portendi
869 2526 1022 2571 aliquid
1049 2526 1266 2569 videretur,
1293 2526 1379 2571 ipse
1400 2524 1637 2570 Byzantium
1657 2534 1699 2560 se
1721 2534 1811 2559 eon-

314 2575 403 2618 fert,
430 2574 562 2609 locum
583 2574 889 2620 contemplatur,
917 2574 1073 2619 probat,
1102 2577 1229 2608 mutat
1248 2573 1468 2616 consilium,
1493 2573 1631 2608 fabros
1651 2571 1810 2608 chalce-

316 2621 421 2656 done
454 2622 549 2656 illue
582 2624 786 2663 transfert,
821 2622 962 2657 urbem
998 2622 1178 2657 studiose
1214 2621 1361 2666 condit,
1397 2631 1420 2655 a
1456 2631 1498 2655 se
1533 2619 1811 2656 Constantino-

315 2669 436 2714 polim
464 2674 584 2704 vocat
610 2673 650 2705 et
677 2670 826 2715 virgini
854 2680 901 2704 ac
928 2670 1046 2704 matri
1074 2669 1138 2705 dei
1166 2672 1388 2704 consecrat.

278 2715 301 2751 ἴ)
434 2716 518 2751 Iam
545 2717 732 2752 absoluta
760 2718 871 2762 urbe,
898 2717 955 2752 XI
983 2717 1047 2752 die
1073 2717 1221 2752 men'sis
1235 2717 1328 2751 Maii
1356 2717 1583 2752 celebratur
1609 2716 1696 2751 eius
1727 2714 1812 2750 dies

315 2764 459 2799 natalis
486 2774 558 2799 seu
585 2764 785 2799 dedicatio
812 2766 1031 2811 incipiente
1061 2776 1168 2800 anno
1203 2765 1416 2810 quinquies
1449 2764 1655 2799 millesimo
1691 2763 1811 2798 octiu-

279 2811 540 2857 ssgentesimo
567 2813 768 2848 tricesimo
797 2816 954 2848 octavo.
1006 2813 1093 2855 Quo
1112 2817 1305 2859 tempore,
1333 2815 1378 2847 ut
1404 2811 1568 2857 quidam
1595 2811 1810 2854 tradidere,

316 2858 536 2903 Valentem,
571 2863 894 2895 astronomorum
929 2861 1015 2897 eius
1047 2862 1191 2896 aetatis
1218 2861 1535 2906 sagacissimum,
1575 2859 1810 2894 arcessitum

315 2907 549 2943 natalicium
576 2907 688 2943 urbis
716 2908 850 2944 thema
878 2910 1123 2946 constituere
1149 2909 1275 2954 iussit,
1317 2913 1362 2944 ut
1395 2911 1671 2954 cognosceret,
1713 2912 1811 2954 quot
