2054 3282
570 263 822 305 MANIACIS
845 263 994 304 MORS.
1044 261 1355 303 TRIVMPHVS.
1642 262 1713 301 623

214 393 276 444 τῷ
304 394 647 445 πρωταγωνιστῇ,
678 394 741 444 τῷ
760 389 963 444 Μανιάκῃ
990 388 1113 444 φημί,
1144 390 1370 443 τροποῢται
1398 385 1446 429 τὸ
1477 389 1563 429 τῶν
1593 387 1711 428 ἐναν-

214 457 314 499 τίων
345 457 638 512 στρατόπεδον,
670 457 716 499 τὸ
750 454 787 498 δ’
821 457 886 499 ἐπὶ
917 461 966 512 τῇ
991 456 1040 498 τὰ
1062 457 1242 511 ἡμέτερα
1265 454 1512 511 διεξαγούσῃ
1533 456 1713 510 προνοίᾳ

215 526 381 580 ἀθρόον
411 526 688 580 ἀντέστραπτο
719 525 767 567 τὰ
807 531 880 581 τῆς
914 526 1067 580 μάχης,
1110 525 1182 567 καὶ
1224 525 1395 580 ἥττηντο
1434 525 1475 566 οἳ
1509 524 1604 579 περὶ
1641 523 1714 565 τὸν

215 594 453 649 ᾹῙανιάκην.
515 594 578 640 ὡς
621 593 701 648 γὰρ
745 594 903 640 ἐκεῖνος
946 593 1076 636 ἐπιὼν
1119 593 1192 639 τὰς
1234 593 1367 642 τάξεις
1405 593 1603 635 διεκλόνει
1641 592 1714 639 τὰς
1728 594 1773 630 14

179 662 434 717 ὃφάλαγγας
471 662 543 704 καὶ
580 662 642 708 οἷς
682 664 734 703 ἂν
765 662 984 717 ἐνεβόησεν
1015 661 1146 708 εὐθὺς
1177 662 1427 716 ἀνεχάζοντο
1457 661 1529 703 καὶ
1560 662 1584 703 ὁ
1616 677 1712 703 συν-

215 730 423 786 ασπισμὸς
475 730 667 785 διελύετο,
728 732 881 786 αἴφνης
936 731 1228 785 πεπληγμένος
1279 730 1435 786 εὗρέθη
1487 730 1558 772 καὶ
1608 730 1712 785 πλη-

216 799 294 854 γὴν
335 800 515 854 καιρίαν,
562 800 608 847 ἐξ
650 798 701 854 ἧς
742 799 789 841 τὸ
833 799 936 854 αἷμα
983 799 1217 853 καταρρέον
1261 798 1370 841 πολὺ
1413 798 1542 853 ἀχλὺν
1585 799 1714 841 αὐτοῦ

215 868 494 910 κατεσκέδασε
523 867 594 910 καὶ
623 868 797 922 πάρεσιν
820 872 906 913 τοῖς
930 868 1094 922 μέλεσιν
1126 867 1373 922 ἐνεποίησεν,
1405 867 1513 909 ὥστε
1543 867 1614 910 καὶ
1644 867 1716 910 τὸν

216 935 385 991 χαλινὸν
422 936 648 979 διεκπεσεῖν
682 941 756 992 τῆς
794 936 933 992 χειρὸς
971 937 1115 991 αὐτοῦ,
1159 937 1355 978 κάκεῖνον
1398 936 1715 992 καταβληθῆναι

160 1013 207 1048 10
218 1005 275 1051 εἷς
306 1009 383 1060 γῆν
413 1005 461 1047 ἐκ
492 1009 565 1047 τοῦ
597 1006 740 1059 ἵππου,
772 1009 845 1060 τῆς
865 1005 992 1059 ἕδρας
1013 1004 1364 1059 ἀπολισθήσαντα.
1427 1005 1558 1046 ἔκειτο
1579 1005 1716 1046 τοίνυν
1732 1007 1775 1043 15

219 1074 365 1115 αὐτίκα
397 1073 560 1116 θανὼν
578 1075 662 1122 ἔξω
693 1090 727 1115 τι
758 1077 831 1115 τοῦ
861 1074 1108 1128 μεταιχμίου
1144 1073 1296 1128 βραχύ,
1339 1073 1411 1115 καὶ
1443 1074 1483 1114 οἱ
1511 1073 1716 1128 βασιλικοὶ

2 1179 7 1196 =.
219 1142 407 1184 ἐπελθεῖν
435 1143 542 1188 τέως
562 1142 680 1196 αὐτῷ
700 1141 921 1184 ἐδεδίεσαν.
985 1142 1047 1187 ὡς
1080 1142 1116 1183 δ’
1151 1143 1191 1182 οἱ
1222 1142 1382 1184 ἐκείνου
1413 1141 1484 1184 τὸν
1516 1142 1716 1197 σφέτερον
1732 1145 1775 1180 16
1804 1144 1834 1181 C

4 1207 35 1259 γἰ
62 1218 115 1256 IV
135 1219 204 1255 162
218 1211 353 1264 ἔγνων
374 1210 562 1265 ἀρχηγὸν
581 1210 772 1259 πεσόντα,
800 1209 923 1264 πτοίᾳ
944 1210 1175 1265 ληφθέντες
1197 1210 1566 1266 διεσκεδάσθησαν.
1627 1210 1716 1252 τότε
1733 1214 1775 1250 17

13 1268 19 1282 ’λ’
217 1283 279 1333 τῷ
309 1280 490 1334 κειμένῳ
521 1279 761 1334 ἐπέδραμον
792 1280 832 1321 οἱ
861 1283 935 1334 τῆς
965 1279 1108 1334 ἑτέρας
1136 1279 1291 1333 μοίρας
1322 1279 1394 1321 καὶ
1424 1279 1498 1334 τὴν
1527 1282 1602 1320 τοῦ
1635 1279 1714 1320 δει-

160 1357 204 1392 15
216 1347 335 1389 λαίου
366 1347 556 1402 κεφαλὴν
587 1347 826 1402 ἐκτεμόντες
855 1352 918 1402 τῷ
949 1351 1073 1402 σφῶν
1102 1349 1375 1403 προσήγαγον
1407 1352 1638 1403 στρατηγῷ.
1691 1347 1716 1388 ὁ
1733 1352 1776 1387 18

218 1415 264 1457 δὲ
283 1415 436 1471 ταύτην
457 1416 603 1458 αὐτίκα
631 1421 692 1471 τῷ
723 1416 1001 1471 αὐτοκράτορι
1030 1417 1245 1471 πέπομφε,
1277 1417 1471 1463 κάκεῖνος
1500 1417 1716 1471 μετέωρον

216 1484 368 1539 ταύτην
389 1483 466 1539 ἦρε
486 1484 593 1527 κατὰ
614 1484 661 1527 τὸ
683 1485 883 1540 θέατρον·
916 1484 999 1527 εἶτα
1022 1485 1093 1527 καὶ
1123 1490 1197 1527 τοῦ
1228 1485 1300 1528 τὸν
1329 1486 1516 1540 πόλεμον
1547 1501 1715 1540 κατωρ-
1732 1490 1776 1525 19

217 1552 407 1594 θωκέναι
451 1552 651 1602 δόξαντος
689 1553 885 1608 ἐκτομίου
923 1553 1227 1600 ἐπανελθόντος
1262 1553 1366 1609 μετὰ
1402 1559 1475 1609 τῆς
1513 1557 1715 1608 στρατιᾶς,

217 1620 433 1676 ’θρίαμβος
470 1621 630 1675 γίνεται,
673 1625 747 1664 τοῦ
783 1622 990 1677 βασιλέως
1027 1622 1072 1664 ἐν
1107 1628 1169 1677 τῷ
1206 1622 1315 1677 πρὸς
1345 1622 1420 1677 τὴν
1451 1622 1612 1677 ἀγορὰν
1644 1622 1715 1664 ἐπ-

158 1698 206 1735 20
217 1690 492 1744 εστραμμένῳ
534 1691 877 1745 προτεμενίσματι
919 1695 993 1734 τοῦ
1032 1692 1076 1733 ἐν
1118 1696 1166 1746 τῇ
1197 1691 1352 1747 Χαλκῇ
1395 1692 1598 1746 λεγομένῃ
1643 1695 1716 1733 τοῦ

218 1757 427 1813 Σωτῆρος
462 1762 568 1800 ναοῦ
605 1759 942 1814 προκαθημένου
978 1759 1082 1814 μετὰ
1117 1760 1275 1815 πολλῆς
1309 1765 1382 1815 τῆς
1412 1760 1716 1815 λαμπρότητος,

219 1826 485 1880 ἑκατέρωθεν
517 1827 646 1869 αὐτοῦ
677 1827 749 1869 καὶ
779 1831 864 1870 τῶν
894 1828 1122 1883 βασιλίδων
1153 1829 1507 1883 συγκαθημένων.

291 1928 314 1964 2
341 1933 431 1988 post
455 1930 688 1975 στρατόπεδον
714 1931 951 1967 asteriscum
979 1932 1092 1977 ponit
1116 1932 1183 1967 Wo
1201 1931 1242 1966 in
1270 1931 1299 1968 C
1374 1931 1424 1976 τὸ]
1451 1931 1536 1967 αὐτὸ
1554 1931 1590 1966 D
1665 1931 1717 1973 ἐξ·

290 1990 422 2022 αγουση
452 1976 485 2011 D
607 1978 630 2014 3
654 1978 900 2023 ἀπέστραπται
925 1978 961 2014 D
1089 1979 1113 2014 4
1135 1979 1292 2024 μανιάκη
1321 1979 1356 2014 D
1478 1980 1511 2014 4.
1538 1980 1560 2014 ἴ)
1586 1979 1717 2017 ἐκεῖνος

292 2025 468 2070 (punctis
486 2026 684 2070 notatum)
711 2026 904 2071 ἐπληροῦτο
922 2026 980 2065 τὰς
995 2027 1137 2071 πράξεις
1159 2027 1164 2070 Ι
1187 2026 1223 2061 D
1321 2028 1343 2062 ὃ
1369 2027 1411 2062 ἂν
1428 2027 1614 2072 ἐνεβόησεν
1630 2026 1715 2070 ΑΙ),

290 2072 481 2131 ἀνεβόησεν
507 2073 549 2117 Ε,
575 2073 617 2108 ἂν
642 2074 847 2119 ἐμβοήσειεν
873 2074 917 2119 R,
942 2074 1148 2119 ἐμβοήσειεν
1173 2074 1257 2120 w*p
1388 2076 1409 2111 7
1434 2075 1540 2110 αὐτοῦ
1558 2074 1667 2120 ἀχλὺν
1687 2074 1718 2109 Ε

291 2120 315 2155 8
338 2134 503 2165 παρεστιν
529 2120 565 2155 D
665 2121 709 2156 10
734 2125 829 2157 ante
855 2127 919 2168 γῆν
945 2122 1036 2157 add.
1063 2122 1126 2167 τὴν
1153 2121 1182 2158 C
1281 2123 1325 2158 13
1352 2127 1441 2168 post-
1457 2124 1605 2158 πεσόντα
1623 2122 1716 2158 add.

291 2167 352 2203 καὶ
377 2167 476 2214 pr
592 2168 678 2213 τότε]
705 2175 754 2214 τῷ
782 2183 816 2204 τε
842 2169 878 2204 D
1002 2170 1044 2205 17
1071 2175 1132 2205 τοῦ
1159 2180 1234 2206 om.
1262 2170 1291 2206 C
1411 2170 1458 2206 20
1483 2175 1544 2205 τοῦ
1571 2180 1646 2206 om.
1674 2169 1717 2213 B,

292 2221 342 2261 τῷ
369 2215 404 2251 D
500 2216 690 2262 λεγομένου
715 2217 812 2263 Ewp

221 2318 429 2364 profligat3
467 2318 537 2354 sed
565 2319 846 2365 providentiae
877 2323 979 2355 nutu
1005 2330 1069 2356 res
1096 2324 1254 2356 nostras
1281 2321 1550 2366 gubernantis
1583 2321 1717 2357 subito

222 2370 467 2402 commutata
493 2366 585 2402 belli
615 2367 790 2411 fortuna,
816 2368 903 2403 eius
930 2368 1073 2403 milites
1100 2369 1330 2403 vincuntur.
1380 2367 1480 2403 Nam
1507 2368 1583 2414 ille,
1622 2368 1715 2404 dum
1733 2371 1778 2407 14

222 2414 348 2450 aciem
378 2415 618 2460 obequitans
646 2415 868 2460 phalanges
896 2415 1063 2461 dissipat
1092 2421 1131 2451 et
1158 2416 1195 2460 ii,
1223 2426 1324 2461 quos
1350 2416 1552 2459 inclamat,
1583 2417 1717 2452 statim

223 2461 419 2498 dissoluta
453 2462 655 2498 testudine
687 2462 848 2507 cedunt,
888 2463 1035 2498 vuinus
1067 2463 1185 2499 letale
1217 2464 1363 2509 accipit
1394 2474 1442 2498 ac
1474 2465 1587 2499 multi
1630 2474 1718 2499 san-

223 2509 359 2555 guinis
399 2510 599 2556 profluvio
639 2510 814 2556 caligine
853 2511 978 2546 oculis
1018 2512 1171 2554 oborta,
1212 2512 1380 2546 habenis
1413 2522 1536 2547 manu
1570 2512 1717 2558 elapsis

225 2555 324 2592 sella
350 2557 582 2593 devolvitur
607 2558 823 2603 statimque
850 2563 1034 2594 mortuus
1060 2558 1235 2594 concidit
1262 2569 1342 2594 nou
1363 2559 1484 2604 longe
1511 2570 1535 2594 a
1563 2569 1716 2606 camp0‚
1733 2562 1777 2598 15

226 2605 265 2640 in
293 2615 373 2650 quo
401 2604 596 2651 proelium
625 2607 960 2642 committebatur.
1020 2606 1160 2652 Neque
1188 2611 1319 2642 tamen
1349 2607 1449 2652 regii
1483 2607 1594 2652 prius
1625 2617 1715 2642 eum

225 2652 396 2698 aggredi
424 2653 512 2688 ausi
539 2656 642 2696 sunt,
676 2663 797 2699 quam
825 2654 911 2689 eius
941 2654 1083 2690 milites
1110 2654 1223 2689 ducis
1250 2654 1414 2689 interitu
1441 2655 1604 2700 cognito
1632 2666 1717 2700 per·
1733 2658 1777 2693 16

225 2700 351 2735 territi
378 2710 426 2735 ae
452 2700 634 2746 dissipati
660 2705 764 2736 sunt.
815 2700 917 2736 Tum
946 2701 1104 2737 demum
1133 2701 1183 2736 ad
1213 2702 1342 2737 virum
1366 2702 1561 2737 iacentem
1585 2702 1718 2739 hostes
1734 2706 1777 2741 17

225 2752 490 2783 accurrerunt
516 2753 555 2784 et
574 2748 707 2784 miseri
728 2752 850 2794 eaput
868 2754 1119 2795 amputatum
1139 2759 1212 2785 suo
1235 2749 1327 2784 duci
1347 2749 1580 2794 attulerunt,
1608 2751 1717 2796 quod
1733 2753 1777 2789 18

225 2797 289 2832 iiie
314 2796 448 2831 statim
474 2795 526 2830 ad
551 2796 834 2842 imperatorem
865 2798 993 2841 mittit,
1032 2798 1100 2842 qui
1128 2797 1167 2832 id
1194 2797 1234 2832 in
1261 2797 1418 2832 sublimi
1452 2797 1608 2833 theatro
1635 2808 1717 2834 sufl-

227 2842 365 2890 pendit
391 2846 430 2878 ot
455 2843 625 2889 spadoni
654 2854 742 2879 cum
772 2845 954 2880 exercitu
982 2843 1131 2888 reduci,
1158 2848 1203 2879 ut
1229 2855 1272 2879 re
1299 2845 1402 2880 bene
1428 2850 1556 2891 gesta,
1583 2846 1715 2881 trium·
1733 2849 1778 2884 19

227 2891 348 2937 phum
375 2890 566 2935 decernit,
594 2892 680 2938 ipse
698 2892 737 2927 in
758 2892 958 2927 vestibulo
978 2892 1090 2927 aedis
1108 2891 1334 2928 servatoris
1353 2893 1392 2928 in
1413 2892 1558 2928 chalce
1587 2894 1716 2929 forum

225 2942 434 2986 spectante
459 2938 615 2975 medius
642 2940 745 2976 inter
771 2940 934 2986 reginas
961 2950 1049 2976 cum
1071 2951 1219 2986 magna
1238 2941 1446 2977 nmiestate
1471 2941 1717 2988 praesidem.
