2054 3282
354 234 425 273 612
703 234 883 274 ZONAR.
912 234 1043 272 EPIT.
1069 234 1181 272 XVII
1209 236 1263 280 19,
1292 234 1441 282 17—20,
1467 235 1502 272 2.

298 364 342 399 18
354 358 512 413 βασιλὶς
543 357 811 412 ἀνηγόρευτο.
872 362 993 398 τοῦτο
1024 360 1163 398 πᾶσαν
1195 357 1338 398 ἐλπίδα
1369 361 1431 411 τῷ
1461 357 1633 412 Μιχαὴλ
1664 358 1735 399 καὶ
1764 362 1898 405 τοῒςΙ)
1918 365 1972 402 lV
1993 365 2039 403 15

354 426 448 481 περὶ
471 427 627 468 ἐκεῖνον
653 427 868 480 ἀπέσβεσε,
901 425 972 466 καὶ
1005 425 1154 471 δεδιὼς
1184 425 1278 480 περὶ
1308 430 1357 480 τῇ
1391 427 1482 480 ζωῇ
1513 430 1597 467 τῶν
1628 426 1847 480 βασιλείων

353 496 594 549 μεθίσταται
616 494 685 535 καὶ
707 494 773 548 νηὶ
793 497 878 535 τῶν
908 493 1136 548 βασιλικῶν
1168 494 1418 549 ἐμβεβηκὼς
1449 494 1575 540 αὐτὸς
1605 495 1674 536 καὶ
1707 495 1730 536 ὁ
1762 511 1846 536 νω-

355 564 562 618 βελίσιμος
593 564 650 608 εἰς
680 562 754 617 τὴν
782 563 1050 616 περιώνυμον
1082 563 1275 617 ἀπῆλθον
1296 566 1369 604 τοῦ
1390 562 1599 604 Στουὸίου
1620 564 1767 618 μονήν,
1798 562 1847 604 τὰ

354 632 432 686 μὲν
462 636 534 686 τῆς
564 630 771 685 βασιλείας
803 631 1070 684 γνωρίσματα
1104 631 1382 685 ἀποθέμενος,
1415 635 1626 685 μοναστοῢ
1650 629 1686 673 δ’
1711 633 1885 686 ἑαυτῴὗ

299 705 343 740 19
355 700 630 753 περιθέμενος
651 699 803 753 ἄμφια.
867 699 951 739 ἐπεὶ
975 696 1012 740 δ’
1032 700 1228 754 ἐγνώσθη
1250 704 1371 741 τοῦτο
1393 705 1454 754 τῴ
1477 700 1615 754 δήμῳ,
1638 700 1717 741 οὐκ
1739 699 1850 754 εἶχον

306 773 341 807 D
357 769 475 814 ὅπως
498 768 544 809 ἐκ
561 772 633 822 τῆς
649 771 784 821 χαρᾶς
801 767 1066 821 κατάσχωσιν
1083 768 1269 822 ἑαυτούς,
1292 768 1362 809 καὶ
1379 768 1443 809 ἐπ’
1463 769 1619 809 ἐκεῖνον
1635 769 1849 810 συνέθεον.

297 841 343 876 20
357 837 437 891 ἤδη
462 836 507 878 δὲ
528 836 749 890 κλινούσης
780 836 953 890 ἡμέρας,
985 837 1025 877 οἱ
1048 836 1142 891 περὶ
1162 836 1236 891 τὴν
1264 835 1496 891 Θεοδώραν
1519 836 1721 883 δείσαντες
1741 836 1800 891 μὴ
1824 837 1849 891 ἡ

355 905 514 959 βασιλὶς
546 904 648 959 Ζωὴ
683 902 808 949 αὖθις
837 903 909 945 τὸν
941 904 1247 959 ἐκβεβλημένον
1284 904 1598 959 ἀνακαλέσηται,
1636 905 1700 946 ἵνα
1731 905 1791 960 μὴ
1824 906 1850 959 ἡ

356 973 516 1028 ἀδελφὴ
540 973 644 1028 αὐτῇ
671 973 986 1027 συγκοινωνήσῃ
1009 977 1081 1028 τῆς
1101 974 1320 1028 βασιλείας,
1353 973 1561 1015 στέλλουσι
1584 973 1681 1020 τοὺς
1700 972 1749 1014 τὰ
1772 974 1850 1028 ὄμ-
1868 980 1913 1015 10

297 1047 339 1081 21
355 1057 467 1096 ματα
484 1041 555 1082 καὶ
571 1041 731 1095 ἀμφοῖν
748 1040 1032 1094 ἐξορύξοντας.
1081 1042 1121 1081 οἳ
1139 1040 1217 1095 μὲν
1240 1040 1314 1083 οὖν
1331 1042 1376 1089 ἐξ
1392 1042 1520 1082 αὐτοῦ
1537 1045 1609 1082 τοῦ
1626 1041 1850 1096 θυσιαστη-

357 1110 450 1164 ρίου
471 1114 543 1164 τῆς
564 1113 637 1151 τοῦ
654 1109 862 1150 Στουὸίου
881 1114 1016 1164 μονῆς
1038 1110 1341 1156 ἐκσπασθέντες
1363 1110 1590 1164 ἀπήγοντο·
1613 1109 1659 1151 τὸ
1682 1110 1728 1152 δὲ
1747 1110 1851 1165 πλῆ-

357 1179 438 1224 θος
475 1182 710 1232 συρρεῦσαν
745 1177 838 1232 περὶ
876 1177 1028 1222 αὐτοὺς
1059 1178 1276 1232 ἐνύβριζόν
1306 1194 1348 1219 τε
1378 1178 1449 1219 καὶ
1481 1179 1751 1227 ἐπετώθαζον
1781 1178 1853 1220 καὶ

298 1253 345 1288 22
356 1247 460 1301 μέλη
484 1247 739 1292 συντιθέντες
760 1246 1081 1300 ἐπετραγῴὸουν
1103 1247 1252 1292 αὐτοῖς.
1285 1246 1347 1292 ὡς
1369 1244 1406 1287 δ’
1430 1245 1536 1301 ἧκον
1558 1246 1623 1288 ἐπὶ
1643 1246 1690 1288 τὸ
1710 1247 1851 1301 Σίγμα

360 1313 504 1369 (τόπος
536 1311 573 1355 δ’
607 1315 688 1356 ἐστὶ
718 1315 975 1369 κεκλημένος
1005 1314 1146 1368 τουτί),
1186 1315 1274 1355 ἐκεῖ
1299 1314 1396 1360 τοὺς
1427 1314 1680 1369 ὀφθαλμοὺς
1711 1315 1851 1363 ἐξεκό-
1868 1322 1912 1357 15

356 1398 509 1437 πησαν,
554 1383 578 1424 ὁ
613 1383 692 1437 μὲν
722 1385 1039 1428 Κωνσταντῖνος
1083 1383 1281 1437 γενναίως
1318 1384 1466 1437 φέρων
1502 1382 1575 1438 τὴν
1613 1383 1852 1439 συμφοράν,

73 1459 152 1494 PII
162 1459 275 1495 ‘246A
298 1460 344 1495 23
358 1451 382 1492 ὁ
406 1451 451 1493 δὲ
473 1451 645 1506 Μιχαὴλ
665 1452 910 1493 θεοκλυτῶν
930 1468 972 1492 τε
994 1451 1064 1492 καὶ
1091 1452 1360 1506 ὀδυρόμενος.
1423 1451 1508 1493 ἐπεὶ
1541 1452 1586 1493 δὲ
1616 1452 1687 1493 καὶ
1718 1452 1852 1507 ἄμφω

357 1602 380 1637 8
405 1603 455 1636 ὅτι
480 1602 740 1648 ἑτυφλώθησαν
766 1604 786 1637 ὁ
808 1602 969 1648 βασιλεὺς
994 1602 1142 1648 Μιχαὴλ
1174 1602 1234 1637 καὶ
1268 1603 1288 1637 ὁ
1319 1603 1416 1641 θεῖος
1441 1602 1549 1638 αὐτοῦ
1575 1603 1595 1637 ὁ
1619 1603 1852 1648 νωβελίσιμος

358 1651 623 1734 (νωβέλλίσιμος
650 1650 689 1694 C,
710 1661 746 1686 V.
774 1651 827 1685 ad
845 1651 917 1686 XV
935 1652 967 1695 8,
986 1650 1022 1693 2)
1048 1652 1311 1689 Κωνσταντῖνος
1330 1649 1393 1686 CE
1418 1649 1490 1686 εἶτα
1516 1650 1576 1686 καὶ
1602 1651 1851 1696 ὗπερωρίσθη-

357 1711 421 1733 σαν

430 1817 448 1851 1
477 1820 569 1852 ante
586 1818 667 1863 βασ.
688 1817 779 1852 add.
794 1818 815 1864 ἡ
831 1816 870 1862 C,
898 1817 958 1853 καὶ
973 1816 1034 1856 Cw
1131 1820 1222 1863 post
1241 1822 1340 1852 τοῦτο
1360 1817 1451 1852 add.
1467 1815 1506 1852 δὲ
1519 1817 1614 1862 Ewp
1712 1817 1735 1853 2
1760 1820 1851 1864 post

427 1866 505 1910 ζωῇ
519 1865 609 1900 add.
624 1865 684 1900 καὶ
699 1865 733 1899 D
847 1866 870 1900 3
895 1866 1078 1911 ἀφίσταται
1093 1865 1121 1901 C
1220 1868 1313 1900 ante
1331 1865 1391 1900 καὶ
1410 1865 1579 1900 alterum
1598 1865 1691 1901 add.
1704 1879 1740 1900 τε
1754 1866 1850 1912 Ewp

474 1914 628 1958 νωβελισ
644 1940 748 1948 .....
768 1912 814 1957 A,
839 1914 1070 1959 νωβελίσιμος
1093 1913 1203 1958 pr,
1229 1914 1477 1959 νωβελλίσιμος
1499 1912 1573 1956 BC,
1598 1913 1852 1959 νωβελίσσιμος

428 1958 495 2004 Di,
523 1971 559 1995 V.
587 1961 639 1995 ad
665 1960 737 1996 XV
762 1961 794 2003 8,
823 1961 844 1995 2
940 1961 964 1995 4
987 1961 1193 2005 πριώνυμον
1220 1960 1255 1995 D
1352 1961 1490 2006 ἀπῆλθε
1517 1960 1546 1996 C
1643 1961 1665 1996 5
1691 1960 1730 1995 δὲ
1754 1961 1850 1996 αὐτῶ

427 2008 512 2051 ΑΙ),
539 2008 571 2042 δ’
597 2009 710 2053 ἑαυτῷ
733 2008 920 2054 (Β.)ννρΒἰζ
1017 2009 1039 2043 6
1064 2010 1180 2053 ἄμφια
1207 2009 1366 2054 punctis
1392 2011 1505 2043 notat
1523 2008 1559 2042 D
1658 2008 1679 2043 9
1703 2008 1849 2054 βασιλὶς]

427 2055 564 2101 ἀδελφὴ
582 2055 613 2090 Β
710 2056 768 2091 τὸν
795 2067 869 2091 om.
885 2056 920 2090 D
1018 2057 1256 2102 ἐκβεβληκότα
1275 2057 1370 2101 Ewp
1469 2057 1514 2091 10
1540 2056 1627 2101 αὐτῆ
1651 2055 1850 2102 R(WpDi)‚

426 2103 511 2148 αὐτὴ
539 2104 584 2148 A,
610 2103 716 2150 αὐτῆς
741 2103 777 2138 D
874 2104 1150 2149 συγκοινωνήσει
1177 2104 1212 2138 D
1312 2104 1357 2138 14
1382 2104 1564 2142 συνθέντες
1590 2103 1626 2138 D
1723 2104 1778 2139 ἐπὶ
1802 2103 1849 2149 A,

425 2151 505 2196 περὶ
531 2151 629 2197 pr
729 2151 773 2187 17
799 2152 859 2187 καὶ
885 2154 980 2187 ante
1004 2152 1117 2197 ἄμφω
1145 2162 1220 2187 om.
1245 2150 1389 2197 w*pDi
1414 2152 1550 2187 invitis
1574 2150 1646 2186 AR

298 2285 343 2320 18
358 2285 418 2318 est
455 2282 708 2318 consalutata
745 2284 899 2329 regina.
951 2283 1008 2318 Ea
1040 2294 1103 2319 res
1134 2283 1317 2318 Michaeli
1348 2284 1514 2328 suisque
1549 2293 1706 2318 omnem
1737 2293 1849 2328 spem
2043 2278 2054 2322 Ξ

357 2330 525 2375 ademit3
551 2331 690 2375 itaque
708 2332 817 2366 vitae
837 2334 1031 2376 metuens,
1058 2331 1197 2366 relicta
1221 2332 1336 2376 regia
1363 2342 1453 2366 cum
1480 2330 1725 2366 nobilissimo
1752 2331 1849 2366 navi

357 2379 472 2424 regia
505 2388 736 2422 conscensa,
775 2380 816 2413 in
849 2379 1006 2414 celebre
1032 2377 1162 2414 Studii
1195 2380 1492 2422 monasterium,
1531 2378 1698 2413 abiectis
1731 2379 1848 2423 regni

298 2428 343 2462 19
357 2426 584 2470 insignibus
607 2426 829 2471 habituque
856 2427 1076 2462 monastico
1104 2430 1273 2472 sumpto,
1302 2427 1508 2462 concessit.
1560 2425 1646 2467 Quo
1674 2426 1849 2471 populus

297 2475 345 2510 20
359 2475 534 2518 cognito,
573 2473 766 2508 laetitiam
794 2474 1045 2509 dissimulare
1071 2475 1267 2519 nequiens
1296 2475 1346 2508 ad
1372 2475 1482 2508 illum
1509 2474 1722 2508 concurrit.
1774 2473 1849 2508 Die

358 2531 455 2555 vero
493 2521 572 2555 iam
604 2521 657 2555 ad
689 2531 876 2556 occasum
910 2525 1118 2567 vergente,
1158 2521 1396 2557 Theodorae
1431 2521 1598 2556 studiosi
1631 2521 1761 2563 veriti,
1798 2531 1849 2556 ne

358 2568 502 2613 regina
524 2568 602 2603 Zoe
630 2569 800 2604 eiectum
826 2572 1048 2612 revocaret,
1077 2579 1156 2614 quo
1184 2579 1362 2604 sororem
1388 2569 1504 2614 regni
1532 2572 1756 2603 consortem
1784 2569 1849 2603 ha-

358 2616 455 2650 bere
492 2626 574 2650 non
613 2619 839 2661 cogeretur,
878 2617 1050 2660 mittunt,
1092 2618 1161 2661 qui
1199 2620 1238 2651 et
1275 2617 1437 2661 utrique
1471 2616 1608 2651 oculos
1643 2616 1847 2651 effodiant.

298 2665 342 2700 21
358 2662 457 2698 Cum
475 2663 600 2708 igitur
629 2674 681 2698 ex
706 2665 794 2709 ipso
821 2665 999 2699 sacrario
1019 2664 1244 2700 Studiensis
1270 2664 1502 2699 monasterii
1527 2664 1698 2698 extracti
1724 2663 1848 2698 abdu-

359 2715 557 2754 cerentur,
583 2711 808 2753 multitudo,
837 2722 942 2756 quae
959 2712 1025 2746 illo
1045 2712 1307 2755 confluxerat,
1334 2713 1381 2746 iis
1400 2711 1594 2746 illudebat
1621 2714 1659 2745 et
1685 2711 1848 2747 insulta-

298 2759 344 2795 22
357 2759 437 2802 bat,
474 2759 695 2794 cantilenas
722 2759 917 2804 quasdam
943 2763 1148 2804 tamquam
1174 2760 1215 2794 in
1242 2760 1454 2804 tragoedia
1481 2759 1678 2802 occinens‚
1718 2758 1848 2794 donec

357 2806 405 2840 iis
431 2806 472 2839 in
500 2806 597 2850 loco,
626 2807 695 2851 qui
721 2805 859 2851 Sigma
887 2807 1043 2850 dicitur,
1075 2806 1179 2841 oculi
1205 2811 1299 2842 sunt
1325 2806 1469 2850 effossi,
1497 2805 1758 2842 Constantino
1786 2816 1847 2840 ca-

358 2853 576 2888 lamitatem
613 2864 701 2888 eam
737 2854 893 2889 fortiter
922 2855 1088 2898 ferente,
1127 2853 1320 2888 Michaele
1346 2864 1443 2889 vero
1472 2854 1699 2898 queritante
1730 2858 1769 2888 et
1794 2854 1847 2888 la-

299 2900 344 2936 23
358 2903 574 2936 mentante.
626 2901 714 2943 Qua
739 2912 783 2937 re
805 2906 982 2947 peracta,
1009 2902 1177 2937 ministri
1195 2911 1353 2948 poenae
1371 2902 1423 2936 ad
1441 2901 1696 2937 Theodoram
1714 2901 1847 2937 adhuc
