2020 3230
375 257 445 292 906

371 376 631 420 Ῥομπέρτος
658 377 962 422 Longibardiae
990 378 1086 420 dux,

424 425 539 459 cuius
574 425 692 458 filiam
728 425 837 459 ducit
865 424 1086 460 Constanti-

422 482 510 513 11115,
532 472 733 506 Michaelis
749 472 831 506 VII.
847 473 871 506 f.
889 472 945 507 III
961 474 1040 514 714,
1052 473 1084 507 3.

422 519 531 563 apud
569 519 863 564 Dyrrhachium
899 519 1085 555 Alexium

422 567 450 600 I.
478 566 725 602 Comnenum
750 568 874 602 vincit
898 568 1084 610 734,17—

422 614 501 658 735,
516 614 548 648 9.
589 614 680 649 dolo
708 615 759 648 ab
787 615 927 649 eodem
955 616 1085 650 victus

421 661 661 705 735,9—736,
676 662 728 696 10.
746 662 799 696 16.
826 662 1085 698 Boemundus

420 710 507 743 eius
534 710 558 743 f.
586 710 666 751 749,
680 710 712 744 6.

368 758 594 802 ‘Povssmo'g
622 756 841 802 [Ῥουβίκων]
869 758 1019 793 fiumen
1047 759 1084 792 II

418 805 499 845 318,
510 804 565 839 22.

372 851 541 897 Ῥουβίμ
569 852 704 887 Iacobi
732 856 770 887 et
795 853 904 888 Leae
931 853 999 888 f.1
1026 854 1084 894 39,

420 900 475 934 13.
517 899 575 941 40,
600 901 652 934 10.
695 900 909 945 Iosephum
948 906 1084 936 servat

417 947 577 989 44,13S.
607 948 628 993 ἦ
648 948 742 994 φυλὴ
762 954 822 983 τοῦ
835 949 884 983 ’.Ρ
913 948 1009 991 Ι()7,
1029 950 1082 984 19.

418 995 474 1038 73,
492 995 545 1029 12.

370 1043 492 1077 Ῥούθ
524 1043 651 1078 altera
677 1042 925 1078 Abimclechi
955 1054 1082 1079 nurus

417 1100 523 1124 uxor
549 1090 670 1125 Boozi
697 1091 739 1125 fit
766 1090 782 1125 I
809 1091 867 1133 94,
884 1092 1033 1136 10-96,
1049 1092 1080 1126 6.

365 1138 607 1176 Ῥουσέλιος
633 1137 801 1173 Latinus
828 1139 997 1173 Romani
1018 1140 1080 1175 IV.

418 1185 501 1220 dux
528 1185 586 1220 ΙΙΙ
612 1186 738 1230 697,1.
766 1187 847 1228 699,
862 1187 893 1221 7.
921 1187 995 1221 sub
1015 1187 1081 1221 Mi-

418 1233 556 1268 chaele
581 1233 666 1269 VII.
694 1234 827 1268 deficit
859 1239 898 1269 et
924 1236 1081 1279 capitur

417 1281 496 1323 709,
513 1281 757 1324 10—712,12.
810 1292 899 1316 cum
935 1281 1079 1318 Alexio

417 1327 620 1363 Comneno
658 1329 742 1363 dux
777 1329 819 1364 fit
852 1334 992 1365 contra
1022 1330 1079 1365 Io-

416 1386 561 1411 annem
588 1377 669 1418 717,
687 1377 716 1410 1.
756 1377 926 1412 eundem
956 1378 1081 1413 vincit

415 1423 495 1465 717,
514 1424 565 1458 11.
594 1424 644 1458 ad
671 1434 761 1459 eum
781 1425 1080 1470 Nicephoritzes

417 1471 521 1516 fugit
546 1472 626 1514 720,
641 1472 674 1507 5.
702 1472 784 1507 obit
812 1472 890 1514 725,
909 1473 949 1507 11
966 1483 994 1508 s.

367 1519 635 1558 Ῥουστίκιος
656 1520 730 1555 sub
748 1520 887 1555 Leone
905 1520 932 1555 I.
954 1522 1079 1566 praef.

415 1566 620 1612 legionum
647 1567 705 1601 III
732 1567 882 1611 125,17.

364 1614 599 1649 Ῥουτοῦλοι
626 1625 650 1649 a
664 1615 809 1649 Latino
829 1616 923 1650 victi
943 1616 981 1650 II
998 1616 1031 1660 4,
1046 1617 1078 1651 5.

413 1659 592 1696 Aeneam
614 1663 782 1697 vincunt
807 1662 912 1704 4,12.
940 1664 991 1697 ad
1011 1674 1079 1698 eos

413 1709 524 1744 venit
551 1709 739 1745 Camillus
766 1711 881 1745 exsul
906 1711 963 1754 81,
978 1711 1009 1745 7.

365 1757 613 1796 Ῥουτοῦλος
639 1756 796 1793 Samnis
823 1757 861 1792 II
887 1758 943 1801 97,
962 1759 993 1793 6.

365 1803 601 1849 Ῥουφῖνος,
629 1815 665 1839 v.
693 1805 880 1850 Κορνήλιοι
907 1807 939 1840 2.

363 1851 540 1896 Ῥοῦφος
577 1853 606 1886 1.
644 1852 818 1887 Herodis
844 1853 927 1888 dux
955 1853 971 1888 I
997 1853 1078 1898 468,

364 1966 407 1971 --
434 1946 466 1981 2.
493 1946 722 1992 Aegyptius
748 1948 767 1982 I
792 1948 872 1992 556,
888 1949 920 1983 2.

364 2014 406 2019 -
434 1995 467 2029 3.
506 2006 542 2029 v.
563 1995 726 2038 Ἄννινος,
763 1997 956 2031 Ιῑῖινούκιοι
984 1997 1015 2031 2.
1044 1998 1077 2040 3,

413 2042 608 2087 Οὖεργίνιοι
636 2043 667 2078 3.

361 2089 567 2134 Ῥωμαῖος
594 2091 626 2125 1.
660 2090 890 2126 November
915 2103 939 2126 a
967 2092 1077 2128 Com-

411 2137 531 2172 modo
562 2138 693 2173 dictus
720 2138 757 2172 ΙΙ
783 2138 865 2181 536,
881 2139 936 2174 10.

365 2204 408 2209 -—
435 2185 467 2219 2.
488 2184 694 2220 Commodi
706 2196 932 2232 cognomen
945 2186 982 2222 II
995 2187 1075 2232 536,

357 2280 572 2324 Ῥωμανός
588 2281 618 2315 l.
647 2281 675 2316 I.
702 2282 723 2315 ὀ
740 2281 967 2327 Λακαπηνός,
987 2283 1074 2317 eius

410 2330 524 2372 pater
550 2327 794 2364 Abastactus
822 2329 1074 2375 Theophyla-

410 2378 497 2410 ctus
524 2375 581 2409 ΙΙΙ
599 2375 752 2418 419,10.
779 2380 921 2412 auctor
947 2378 1073 2413 cladis

408 2422 509 2468 Bulg
488 2423 650 2458 ‹raricae
701 2423 782 2468 464,
815 2425 900 2459 10-
907 2425 988 2470 465,
1015 2425 1072 2460 21.

409 2469 672 2506 Constantino
706 2475 823 2516 capto
860 2473 989 2515 efficit,
1028 2477 1074 2508 ut

409 2520 586 2562 potestas
604 2519 645 2552 in
665 2518 970 2554 Constantinum
987 2520 1072 2555 VII.

408 2566 676 2600 transferatur
713 2566 991 2611 466,11—467,
1018 2567 1071 2603 15.

408 2622 581 2657 magnus
616 2614 896 2649 hetaeriaicha
931 2595 1012 2657 467,
1028 2615 1072 2650 15

408 2659 536 2701 -468,
551 2660 582 2695 5.
610 2660 766 2696 Helena
785 2663 871 2697 eius
891 2663 916 2696 f.
936 2673 959 2697 a
974 2673 1072 2708 rege

409 2707 530 2741 ducta
573 2708 659 2752 ipse
701 2709 744 2743 fit
791 2710 902 2754 iegis
946 2713 1071 2755 pater,

409 2753 717 2800 Christophorus
743 2757 872 2791 eiusf.
900 2768 1072 2803 magnus

409 2801 687 2838 hetaeriarcha
709 2803 790 2848 468,
805 2804 837 2838 8.
867 2786 990 2839 bullae
1005 2815 1073 2840 au-

408 2859 477 2883 rea
512 2850 655 2885 milites
681 2850 841 2886 Phocae
874 2852 926 2886 ad
966 2852 1072 2887 defe-

409 2897 582 2931 ctionem
609 2897 794 2933 sollicitat
824 2898 986 2942 468,16.
1036 2900 1073 2934 51

410 2941 716 2989 Carbonopsina
750 2945 916 2982 insidias
956 2950 1073 2992 parat

882 259 1092 304 Ῥομπέρτος
1107 280 1151 285 -
1161 261 1352 305 Ῥωμανός.

1203 379 1283 423 469,
1300 379 1353 414 12.
1394 378 1542 415 Caesar
1570 383 1608 415 et
1626 391 1696 416 rex
1715 381 1796 426 469,
1813 382 1868 418 14.

1205 426 1459 462 Theodoram
1486 432 1525 463 et
1540 427 1867 474 christophorum

1204 474 1432 510 diademate
1459 479 1575 510 ornat
1609 476 1689 520 469,
1709 477 1765 512 19.
1813 478 1868 512 in-

1205 522 1315 557 sidiis
1358 522 1523 557 detectis
1563 522 1868 560 Constantinum

1203 569 1287 604 VII.
1315 570 1420 604 infla
1447 581 1490 605 sc
1516 571 1685 606 collocat
1702 572 1783 615 470,
1797 573 1865 608 5-

1206 618 1260 651 11.
1312 618 1398 652 11115
1434 618 1579 653 bellum
1607 619 1867 665 Bulgaricum

1203 664 1520 709 470,12-471,1.
1547 666 1762 702 Theodora
1780 668 1868 703 eius

1203 722 1331 747 uxore
1359 717 1517 748 llloltua
1544 712 1694 759 Sophia
1719 715 1762 749 fit
1789 714 1868 750 Au-

1203 763 1324 805 gusta
1364 760 1503 804 471,1.
1561 760 1866 807 Adrianopolim

1203 808 1346 842 amittit
1371 808 1452 850 471,
1467 808 1531 844 55.
1582 809 1758 845 Leonem
1785 810 1868 845 Tri-

1202 856 1424 900 politanum
1464 858 1580 902 iugat
1605 857 1685 900 471,
1700 857 1732 892 9.
1776 868 1865 892 cum

1202 902 1403 947 symeone
1441 905 1590 939 frustra
1625 885 1867 951 colloquitur

1201 939 1282 994 471,
1299 951 1341 985 13
1351 951 1471 996 -472,
1487 952 1519 986 7.
1561 952 1737 997 reliquos
1764 953 1866 988 duos

1202 999 1227 1032 f.
1254 1003 1293 1033 et
1319 1003 1505 1044 nepotem
1541 999 1766 1036 diademate
1807 1011 1866 1036 01-

1201 1048 1271 1080 nat
1296 1046 1376 1089 472,
1393 1047 1426 1080 8.
1463 1046 1809 1092 Theophylactum
1838 1049 1864 1082 f.

1201 1095 1298 1128 facit
1313 1094 1500 1129 clericum
1522 1094 1602 1138 472,
1624 1094 1678 1130 14.
1705 1094 1866 1141 Symeo-

1200 1142 1262 1176 nis
1288 1142 1441 1176 obitum
1470 1142 1587 1177 efficit
1603 1142 1685 1185 473,
1700 1143 1732 1178 7.
1765 1153 1866 1188 pace

1200 1190 1308 1224 sacta
1335 1189 1453 1224 Petro
1486 1193 1646 1234 neptem
1674 1191 1743 1226 dat
1767 1201 1866 1226 uxo-

1200 1247 1283 1271 rem
1309 1236 1390 1279 473,
1410 1237 1582 1281 15—-474‚
1599 1238 1630 1272 7.
1666 1242 1746 1273 tres
1764 1238 1865 1273 filios

1201 1284 1370 1319 collocat
1409 1289 1502 1320 ante
1536 1295 1673 1330 regem
1700 1285 1782 1329 474,
1796 1286 1865 1320 8-

1199 1331 1280 1373 475,
1294 1332 1327 1366 4.
1379 1333 1453 1367 sub
1489 1343 1536 1367 eo
1561 1332 1754 1378 Tryphon
1782 1333 1864 1369 Ste-

1202 1380 1333 1424 phano
1361 1380 1541 1415 succedit
1566 1380 1647 1425 475,
1661 1381 1693 1416 5.
1721 1381 1796 1416 sub
1817 1391 1864 1416 5ο

1200 1427 1324 1462 hiems
1363 1438 1506 1471 saeva,
1549 1429 1692 1471 fames,
1732 1429 1864 1464 incen-

1201 1475 1310 1509 dium
1334 1475 1414 1518 475,
1429 1476 1461 1510 9.
1489 1475 1697 1520 Tryphoni
1724 1475 1863 1511 dolose

1200 1523 1369 1567 expulso
1403 1523 1730 1568 Theophylactus
1775 1524 1862 1559 eius

1199 1571 1224 1604 f.
1268 1570 1447 1605 succedit
1492 1571 1573 1614 475,
1605 1571 1778 1615 12-476,
1808 1571 1863 1605 14.

1199 1618 1274 1652 sub
1302 1628 1348 1653 eo
1376 1618 1493 1653 Russi
1525 1623 1564 1653 et
1589 1617 1770 1664 Agat-eni
1806 1629 1863 1654 re-

1199 1665 1302 1710 pulsi
1344 1665 1425 1709 476,
1458 1666 1628 1708 15—-478‚
1651 1666 1684 1700 3.
1747 1666 1864 1702 bene-

1200 1714 1298 1747 ficus
1341 1713 1421 1756 478,
1444 1713 1596 1757 4—479,
1611 1713 1644 1747 4.
1696 1714 1771 1749 sub
1814 1724 1862 1749 eo

1199 1760 1343 1796 Christi
1383 1761 1534 1805 effigies
1573 1762 1613 1795 in
1648 1761 1770 1796 linteo
1798 1772 1863 1797 ex-

1199 1818 1337 1853 pressa
1357 1808 1509 1853 Cpolim
1535 1808 1709 1844 deducta
1733 1809 1815 1851 479,
1828 1809 1862 1845 5.

1200 1856 1274 1890 sub
1302 1866 1349 1890 eo
1370 1856 1449 1891 duo
1469 1856 1748 1892 adulescentes
1774 1867 1863 1892 con-

1199 1904 1296 1938 creti
1323 1903 1474 1947 479,10.
1503 1914 1594 1939 cum
1621 1904 1707 1939 filiis
1733 1914 1861 1950 regno

1199 1951 1339 1995 pulsus
1355 1951 1436 1996 480,
1454 1951 1603 1995 1-482,
1619 1951 1651 1986 5.
1680 1952 1764 1987 obit
1780 1951 1861 1994 482,

1197 1998 1230 2033 4.
1259 1999 1345 2033 eius
1371 2000 1486 2044 regni
1513 1999 1686 2044 spatium
1711 1998 1860 2043 480,10.

1197 2046 1278 2089 489,
1294 2047 1325 2081 7.
1359 2046 1530 2081 Basilius
1556 2047 1704 2081 nothus
1730 2047 1817 2082 eius
1835 2047 1861 2081 f.

1196 2093 1278 2135 482,
1296 2094 1350 2128 13.
1378 2113 1420 2118 -
1448 2094 1507 2128 ΙΙΙ
1538 2094 1689 2139 483,17.
1730 2094 1811 2137 487,
1826 2094 1858 2129 2.

1195 2141 1276 2185 490,
1292 2142 1324 2176 6.
1351 2142 1431 2186 500,
1452 2142 1505 2176 19.

1149 2208 1192 2213 --
1220 2189 1252 2223 2.
1295 2190 1315 2223 ὁ
1339 2190 1550 2233 Κουρκούας
1585 2199 1609 2223 a
1649 2189 1796 2224 Basilio
1830 2189 1860 2224 I.

1196 2240 1384 2272 caecatus
1411 2237 1468 2271 III
1494 2236 1694 2280 422,3—7.

1149 2304 1191 2309 -—
1218 2284 1250 2318 3.
1279 2283 1552 2329 Christophori
1579 2285 1604 2319 f.
1631 2283 1784 2328 111474,
1805 2283 1858 2319 14.

1151 2352 1191 2356 --
1217 2331 1250 2366 4.
1264 2331 1312 2367 ΙΙ.
1322 2331 1571 2367 Constantini
1581 2331 1664 2366 VII.
1674 2332 1700 2366 f.
1711 2342 1734 2366 a
1747 2335 1861 2376 patre

1195 2389 1344 2414 corona
1357 2383 1522 2414 ornatus
1531 2379 1718 2422 III482,6.
1732 2379 1859 2415 Theo-

1195 2427 1393 2472 phanonis
1421 2427 1587 2463 maritus
1613 2426 1693 2470 485,
1707 2427 1740 2461 3.
1793 2437 1860 2472 pa-

1193 2479 1295 2509 trem
1314 2474 1454 2509 tollere
1472 2474 1606 2509 studet
1631 2474 1711 2518 488,
1725 2474 1760 2509 8.
1785 2484 1859 2509 rex

1193 2521 1272 2565 490,
1289 2522 1320 2556 3.
1371 2523 1510 2556 παιδίον
1549 2522 1694 2557 dicitur
1729 2521 1812 2563 490,
1826 2522 1858 2556 6.

1192 2569 1384 2604 Basilium
1422 2569 1447 2604 f.
1488 2569 1715 2604 diademate
1742 2571 1859 2603 ornat

1193 2616 1345 2658 49Ο,11.
1398 2616 1683 2652 Constantinus
1719 2617 1805 2651 eius
1831 2617 1856 2650 f.

1192 2664 1272 2708 490,
1289 2664 1344 2699 13.
1361 2665 1494 2699 omnia
1506 2663 1670 2698 mandat
1681 2663 1859 2708 Bringac

1194 2711 1364 2757 Iosepho
1405 2711 1557 2755 490,14.
1607 2710 1858 2756 Nicephorus

1191 2759 1347 2794 Phocas
1384 2759 1470 2794 eius
1497 2758 1579 2793 dux
1608 2760 1724 2804 fugat
1750 2757 1856 2802 Aga-

1192 2816 1312 2841 renos
1345 2805 1554 2842 Cretenses
1586 2805 1667 2849 490,
1685 2805 1857 2847 19-491,

1193 2853 1248 2888 12.
1261 2853 1344 2889 Leo
1358 2853 1514 2888 Phocas
1527 2854 1612 2888 eius
1624 2854 1706 2888 dux
1720 2852 1857 2888 Cham-

1194 2901 1287 2936 dam
1314 2902 1432 2946 fugat
1457 2901 1539 2943 491,
1555 2900 1728 2944 12-492,
1743 2901 1775 2935 2.
1802 2901 1857 2934 in-

1193 2948 1321 2984 sidiae
1337 2949 1372 2984 ei
1390 2951 1586 2994 parantur
1602 2947 1682 2993 492,
1697 2947 1729 2983 2.
1762 2946 1858 2983 inde
