2054 3282
357 273 428 311 350
487 301 490 304 .
754 273 935 312 ZONAR.
963 273 1093 310 EPIT.
1120 272 1192 311 xv
1219 275 1276 320 24,
1305 273 1455 313 13-27.

354 401 560 452 μοναχαῖς
597 397 644 438 ἐκ
688 397 860 450 πρώτης
901 395 1040 450 τριχὸς
1083 396 1408 452 συγκατείλεκτο,
1453 398 1524 439 καὶ
1559 400 1585 453 ἡ
1622 399 1764 454 κλῆσις
1801 403 1852 456 τῇ

356 466 517 519 γυναικὶ
550 465 820 519 Εὗφροσύνη.

297 537 343 571 14
482 535 569 576 Τοῦ
590 533 849 587 πατριάρχου
873 532 918 573 δὲ
940 531 1152 573 Θεοδότου
1175 533 1394 588 θανόντος,
1428 535 1475 580 ὃς
1506 536 1552 583 ἓξ
1586 535 1653 590 ἔτη
1687 535 1853 590 ἀσεβῶς

354 607 426 657 τῆς
465 602 685 656 ἐκκλησίας
723 601 960 654 ἐκράτησεν,
1000 600 1220 647 Ἀντώνιος
1257 603 1565 657 προεχειρίσθη,
1610 602 1648 657 ᾧ
1681 603 1851 646 Κασσυ-

353 673 488 724 ματᾶς
517 670 564 711 τὸ
597 670 839 722 ἐπώνυμον·
884 668 955 709 καὶ
993 666 1115 715 οὗτος
1154 669 1200 710 δὲ
1231 669 1304 724 τὴν
1334 670 1428 725 περὶ
1457 670 1532 724 τὴν
1561 672 1692 713 πίστιν
1724 672 1887 721 δόξανῖ)

356 738 610 791 διέστραπτο.

295 810 340 845 15
468 805 522 847 ‘O
550 806 690 860 μέντοι
721 804 912 859 βασιλεὺς
944 805 1089 847 στόλον
1121 806 1322 860 ἐκπέμπει
1352 806 1457 848 κατὰ
1479 811 1564 848 τῶν
1585 807 1659 861 τὴν
1681 809 1853 863 Κρήτην

295 879 340 914 16
353 874 650 928 κατασχόντων
666 873 923 928 Ἀγαρηνῶν.
971 875 1116 928 ἥττητο
1140 874 1198 928 δέ,
1221 874 1291 915 καὶ
1315 876 1355 916 οἱ
1374 876 1705 930 περιλειφθέντες
1726 877 1851 918 ἐπαν-

237 946 267 983 C
295 947 339 982 17
353 943 487 996 ῆλθον
518 947 590 997 τῆς
620 943 742 997 ἥττης
779 942 1031 996 αὐτάγγελοι.
1093 941 1161 983 εἶτ’
1195 942 1320 989 αὖθις
1351 944 1491 998 ἕτερον
1520 944 1628 986 πολὺ
1658 945 1852 987 ναυτικὸν

353 1011 679 1065 ἑτοιμασάμενος
710 1011 869 1065 ἔστειλε,
908 1011 1044 1064 τούτῳ
1077 1011 1305 1065 στρατηγὸν
1337 1012 1557 1066 ἐπιστήσας
1587 1012 1658 1054 τὸν
1689 1014 1850 1068 Κρατε-
1866 1020 1912 1054 10

353 1079 440 1131 ρόν,
474 1080 521 1125 ὃς
553 1079 783 1134 συμβαλὼν
813 1083 898 1125 τοῖς
930 1080 972 1120 ἐν
995 1080 1141 1133 Κρήτῃ
1165 1079 1410 1135 Ἀγαρηνοῖς
1440 1080 1645 1136 πρότερον
1674 1081 1752 1136 μὲν
1783 1082 1850 1123 εὗ-

294 1153 339 1188 18
352 1147 517 1201 τύχησε,
561 1147 742 1193 πολλοὺς
783 1148 954 1189 ἐκείνων
992 1148 1062 1189 καὶ
1100 1149 1324 1202 ζωγρήσας
1354 1149 1425 1190 καὶ
1457 1150 1626 1191 ἀνελών.
1688 1149 1771 1192 εἶτα
1801 1155 1852 1205 τῇ

351 1216 444 1270 νίκῃ
484 1215 765 1270 τεθαρρηκὼς
802 1216 995 1262 κάκεῖνος
1031 1216 1103 1258 καὶ
1134 1217 1158 1257 ὁ
1194 1215 1264 1258 ὑπ’
1305 1218 1463 1259 ἐκεῖνον
1505 1218 1618 1272 λαός,
1664 1218 1726 1264 ὥς
1768 1219 1849 1273 ἤδη

351 1287 437 1325 τῶν
469 1284 666 1326 ἐναντίων
698 1285 1074 1339 ἐκνενευρισμένων
1104 1284 1175 1326 καὶ
1205 1284 1264 1339 μὴ
1298 1285 1349 1326 ἄν
1379 1301 1479 1327 ποτε
1502 1286 1753 1340 προσβαλεῖν
1774 1286 1849 1327 αὗ-

351 1356 436 1398 τοΐς
472 1353 779 1407 τολμησόντων,
826 1354 959 1394 ἀνέσει
996 1353 1169 1399 ἑαυτοὺς
1206 1353 1276 1394 καὶ
1313 1353 1454 1399 πότοις
1491 1354 1706 1402 ἐξέδωκαν
1739 1354 1848 1408 ἀφυ-
1865 1359 1910 1394 15

352 1421 518 1467 λάκτως
551 1421 622 1462 καὶ
653 1422 869 1463 ὕπνωττον
905 1421 1011 1463 κατὰ
1048 1421 1122 1476 τὴν
1160 1422 1289 1463 νύκτα
1334 1422 1492 1477 ἐκείνην
1536 1422 1611 1464 σὺν
1654 1423 1847 1477 ῥᾳστώνῃ

293 1495 338 1531 19
350 1489 496 1544 πολλῇ.
559 1490 666 1544 ἅπερ
698 1491 1029 1544 κατανοήσαντες
1061 1490 1100 1530 οἷ
1119 1490 1308 1544 πολέμιοι
1329 1490 1479 1537 νυκτὸς
1501 1491 1641 1537 αὐτοῖς
1663 1491 1849 1546 ἐπῆλθον

350 1557 453 1612 μετὰ
484 1558 678 1612 μεγίστου
711 1558 955 1612 ἀλαλαγμοῦ
987 1558 1058 1599 καὶ
1093 1559 1251 1604 πάντας
1291 1559 1546 1613 διέφθειραν,
1592 1560 1654 1605 ὡς
1691 1563 1848 1614 μικροῦ

228 1633 264 1668 D
290 1633 337 1668 20
349 1623 451 1681 μηδ’
484 1627 659 1680 ἄγγελον
693 1627 1008 1682 περιλειφθῆναι
1044 1631 1116 1682 τῆς
1153 1631 1390 1682 συμφορᾶς.
1453 1627 1523 1669 καὶ
1556 1627 1681 1674 αὐτὸς
1712 1627 1792 1682 γὰρ
1824 1628 1848 1669 ὁ

349 1767 372 1803 3
396 1767 477 1813 περὶ
501 1772 731 1814 πατριαρχῶν
758 1767 820 1804 CE
918 1769 939 1804 7
964 1768 1042 1814 περὶ
1068 1773 1137 1804 τῶν
1162 1769 1199 1804 ἐν
1224 1774 1266 1815 τῇ
1291 1769 1413 1815 Κρήτῃ
1435 1769 1634 1815 Ἀγαρηνῶν
1660 1768 1722 1806 ΟΕ

422 1906 453 1941 1.
482 1906 504 1941 2
529 1911 571 1952 τῇ
595 1906 734 1952 γυναικὶ
759 1905 839 1952 AE,
865 1906 952 1952 αὐτῇ
980 1905 1076 1952 pr
1212 1907 1235 1941 4
1261 1912 1487 1952 κασσυματᾶς
1512 1906 1592 1952 AO,
1619 1873 1844 1952 κασσιμῑΕ,

422 1959 639 1999 κασσιματᾶς
669 1953 791 2000 wpDi
897 1954 919 1989 5
943 1955 1023 1999 περὶ
1048 1965 1172 2000 supra
1200 1955 1305 1989 linea
1333 1956 1424 1989 add.
1452 1955 1487 1989 A
1586 1954 1647 2001 τὴν
1673 1956 1843 1991 alterum

421 2000 670 2083 quplgc'ssml.
684 2002 720 2036 A
817 2003 839 2037 8
863 2003 1139 2047 περιληφθέντες
1158 2003 1243 2044 (Sic)
1260 2002 1292 2037 A
1391 2003 1412 2037 9
1438 2002 1548 2038 πολὺν
1563 2003 1594 2038 Ε
1692 2004 1738 2038 10
1761 2017 1845 2048 καρ-

676 2060 685 2068 a
765 2075 772 2083 Ι
974 2054 982 2066 ⁸
1066 2050 1073 2061 ¹
1101 2081 1103 2083 v
1269 2065 1275 2078 ι
1618 2050 1628 2063 ’
1671 2056 1688 2063 ⁶¹
1827 2061 1834 2076 ⁴

419 2063 542 2132 {⁸53⁰st
568 2050 869 2142 czssssisszsszffifftffiz
894 2050 1074 2133 ὕπλῗτῗὲἰ
1091 2053 1185 2141 Ἣθ
1203 2050 1506 2142 Ξῖἒράφῗῦῗὰῇως
1529 2051 1845 2143 ἓῇῗεῖιῖῗέἴςὲξαὲ

416 2158 527 2190 ματον
541 2144 609 2189 W*,
623 2145 809 2190 ἐχώμαζον
824 2144 888 2191 15⁴³)
903 2146 1082 2180 ὕπνωττόν
1095 2159 1130 2180 τε
1139 2145 1236 2191 pr
1313 2146 1357 2181 18
1369 2146 1590 2191 ἀλλαλαγμοῦ
1599 2146 1645 2190 D,
1663 2157 1763 2182 corr.
1775 2146 1843 2185 Dw

347 2275 504 2312 deditas
531 2287 554 2312 a
585 2277 712 2322 primo
747 2277 890 2323 capillo
927 2277 1051 2312 vitam
1084 2277 1251 2323 agebat;
1290 2287 1436 2312 nomen
1476 2281 1562 2313 erat
1601 2279 1637 2313 ei
1668 2278 1842 2313 feminae

346 2324 518 2360 inditum
544 2324 821 2370 Euphrosyne.

288 2372 334 2407 14
464 2372 701 2407 Patriareha
719 2372 928 2408 Theodoto
955 2374 1127 2416 mortuo,
1155 2372 1223 2417 qui
1249 2383 1321 2407 sex
1348 2382 1475 2407 annos
1503 2373 1696 2408 ecclesiae
1722 2372 1842 2418 impie

346 2420 591 2465 praefuerat,
629 2419 830 2455 Antonius
858 2423 1129 2466 cognomento
1158 2420 1412 2465 Cassymatas
1438 2420 1479 2454 in
1506 2421 1591 2455 eius
1618 2421 1749 2455 locum
1782 2423 1842 2455 est

347 2467 552 2512 suffectus,
579 2477 773 2513 perversa
799 2471 838 2503 et
863 2468 949 2513 ipse
974 2467 1170 2513 religione
1196 2467 1415 2512 praeditus.

287 2515 333 2550 15
464 2515 552 2550 Rex
590 2516 712 2550 missa
750 2515 876 2550 classe
909 2518 1048 2550 eontra
1074 2514 1288 2560 Agarenos
1314 2517 1496 2550 tenentes
1524 2514 1681 2550 Cretam
1709 2515 1840 2549 vietus

287 2563 333 2598 16
347 2565 416 2606 est,
456 2563 607 2608 quique
639 2563 743 2598 cladi
775 2564 1073 2608 superfuerant,
1113 2563 1189 2607 ipsi
1227 2563 1412 2597 nuntium
1447 2563 1570 2598 eladis
1609 2563 1840 2597 attulerunt.

288 2610 332 2645 17
345 2609 441 2645 Post
468 2610 601 2646 denuo
629 2610 746 2645 aliam
774 2611 983 2656 ingentem
1009 2610 1176 2644 classem
1203 2613 1344 2644 contra
1370 2610 1531 2645 eosdem
1565 2611 1695 2654 mittit,
1736 2610 1839 2645 duee

347 2656 525 2701 Cratero,
564 2659 633 2703 qui
665 2658 862 2704 principio
898 2657 1059 2702 quidem
1092 2667 1176 2691 rem
1211 2660 1351 2692 eontra
1377 2657 1590 2702 Agarenos
1624 2658 1726 2693 bene
1753 2667 1840 2702 ges-

287 2705 332 2740 18
346 2705 406 2749 sit,
444 2706 578 2740 multis
618 2715 757 2741 eorum
797 2706 924 2751 captis
962 2708 1000 2740 et
1031 2705 1263 2740 interfectis.
1315 2704 1473 2740 Deinde
1506 2708 1545 2740 et
1572 2706 1658 2750 ipse
1684 2708 1723 2740 et
1753 2706 1840 2740 eius

345 2752 487 2788 milites
514 2754 684 2788 victoria
710 2754 812 2797 freti,
852 2754 965 2798 quasi
995 2752 1238 2787 adversariis
1264 2752 1342 2786 iam
1377 2753 1579 2787 enervatis
1611 2762 1744 2797 neque
1768 2762 1839 2787 un-

346 2809 465 2844 quam
493 2801 652 2835 ausuris
677 2801 786 2845 ipsos
813 2801 996 2846 aggredi,
1035 2810 1079 2835 se
1107 2800 1305 2844 voluptati
1332 2802 1371 2834 et
1397 2800 1551 2845 poculis
1577 2800 1694 2834 nullis
1721 2810 1839 2835 excu—

287 2847 332 2881 19
345 2847 420 2881 biis
448 2847 690 2883 dediderunt
716 2858 847 2892 eaque
873 2851 989 2883 noete
1018 2848 1144 2882 otiose
1169 2847 1428 2882 dormierunt.
1472 2848 1558 2889 Quo
1579 2848 1710 2882 hostes
1728 2847 1839 2881 intel-

346 2893 448 2929 lecto
473 2898 597 2930 noctu
623 2905 692 2931 eos
720 2905 810 2930 eum
829 2896 1003 2930 maximo
1024 2895 1197 2930 elamore
1215 2895 1347 2929 adorti
1366 2905 1504 2930 omnes
1521 2896 1577 2930 ita
1596 2895 1838 2937 ceciderunt,

285 2940 333 2977 20
346 2944 390 2976 ut
416 2942 485 2976 vix
511 2943 677 2978 nuntius
704 2943 828 2978 eladis
853 2946 1094 2989 superesset.
1144 2942 1245 2978 Nam
1272 2946 1311 2978 et
1336 2944 1422 2989 ipse
1448 2943 1584 2978 elassis
1608 2942 1838 2988 praefectus
