2054 3282
331 235 401 271 63ss
708 232 888 269 ZONAR.
916 231 1047 266 EPIT.
1075 230 1186 266 XVII
1211 230 1268 275 25,
1296 230 1446 267 11—23.

330 356 500 397 πολλῶν
542 355 756 397 πεσόντων
796 354 1067 406 Σαρακηνῶν
1110 352 1180 393 καὶ
1225 353 1349 399 αὐτὸς
1387 353 1411 393 ὁ
1450 353 1708 407 ΣΙΙουχούμετ
1745 353 1824 395 ἀπ-

275 425 496 467 ]Ξέθανεν.
560 424 887 478 ὁμονοησάντων
922 421 997 463 οὖν
1031 427 1117 463 τῶν
1148 422 1479 475 στρατευμάτων,
1510 421 1626 475 παρὰ
1657 422 1827 464 πάντων

333 495 356 535 ὁ
387 494 663 548 Ταγγρολίπιξ
688 493 762 546 τὴν
793 492 928 546 ἀρχὴν
958 495 1043 533 τῶν
1074 490 1158 533 ὑπὸ
1189 490 1260 531 τὸν
1281 490 1540 545 ᾹΙουχούμετ
1572 491 1825 546 ἐνεχειρίσθη

274 563 318 597 13
332 567 503 617 χωρῶν.
567 561 748 615 αἱρεθεὶς
771 558 807 602 δ’
832 562 889 606 εἷς
910 561 1148 615 ἡγεμονίαν,
1181 560 1355 613 πέμψας
1380 559 1476 605 τοὺς
1508 560 1552 601 ἒν
1582 565 1631 614 τῇ
1663 560 1827 615 γεφύρᾳ

275 630 405 671 14τοῢ
445 630 663 684 Ἆράξιὸος
705 630 894 683 πύργους
937 629 1173 683 κατέβαλεν.
1248 629 1359 669 οὕτω
1406 629 1442 669 δ’
1485 629 1702 683 ἀνεθείσης
1743 631 1876 674 τοῒςΙ)
1899 631 1951 667 IV
1970 630 2035 666 171

119 698 317 734 PII256A
340 700 549 753 Τούρκοις
579 703 651 753 τῆς
684 698 828 739 διόδου
860 702 932 739 τοῦ
964 702 1172 751 ποταμοῦ,
1213 697 1320 738 πολὺ
1351 701 1436 738 τῶν
1466 698 1701 752 βαρβάρων
1731 698 1826 739 τού-

332 784 416 809 των
453 768 618 822 πλῆθος
656 767 897 821 προσερρύη
936 771 997 821 τῷ
1037 766 1338 820 Ταγγρολίπικι,
1382 766 1453 807 καὶ
1496 770 1612 820 χεῖρα
1656 767 1829 820 βαρεῖαν

333 837 379 877 ἔκ
411 836 571 877 τούτων
604 836 627 876 ὁ
659 838 743 876 τῶν
769 835 973 888 Τούρκο)ν
994 835 1254 889 κτησάμενος
1277 834 1462 888 ἀρχηγὸς
1489 835 1721 889 ἀφαιρεῖται
1750 835 1828 889 μὲν

332 905 542 946 πάντοθεν
573 903 669 950 τοὺς
699 903 982 959 Σαρακηνοὺς
1012 904 1086 958 τὴν
1118 905 1266 958 ἀρχήν,
1314 905 1452 957 ἑαυτῷ
1489 903 1534 945 δὲ
1572 904 1723 958 ταύτην
1758 903 1829 945 καὶ

333 977 417 1019 τοῖς
457 973 697 1027 ὁμογενέσιν
737 973 930 1026 ἀπένειμε
961 972 1032 1014 καὶ
1063 973 1119 1018 εἰς
1150 971 1368 1026 ὑπηκόους
1398 971 1495 1018 τοὺς
1526 972 1573 1013 ἔκ
1604 977 1676 1027 τῆς
1698 972 1828 1026 Ἅγαρ
1846 976 1890 1011 10

275 1042 318 1077 15
333 1043 590 1096 κατέστησεν.
653 1041 735 1082 εἶτα
780 1041 905 1087 αὐτὸς
947 1041 1025 1095 μὲν
1067 1041 1183 1095 μάχῃ
1222 1040 1319 1086 τοὺς
1358 1041 1659 1095 Βαβυλωνίους
1697 1056 1828 1095 προσ-

334 1111 548 1164 εκτήσατο,
588 1109 659 1150 τὸν
691 1109 736 1150 δὲ
768 1108 1058 1163 ἄδελφόπαιόα
1093 1108 1391 1163 Κουτλουμοὺς
1422 1108 1496 1150 σὺν
1528 1114 1695 1163 στρατιᾷ
1725 1109 1830 1150 κατὰ

276 1180 319 1214 16
333 1182 418 1220 τῶν
437 1178 635 1232 Ἀράβων
658 1179 910 1232 ἐξέπεμψεν·
945 1178 969 1218 ὁ
1002 1177 1047 1219 δὲ
1078 1177 1267 1232 ἡττηθεὶς
1300 1179 1529 1232 ὑπέστρεφε
1560 1178 1630 1219 καὶ
1663 1178 1830 1232 διαπρε-

334 1247 521 1302 σβεύεται
551 1246 660 1301 πρὸς
691 1246 761 1288 τὸν
783 1251 855 1301 τῆς
876 1246 1048 1300 ΆΙηόίας
1070 1246 1251 1300 ἄρχοντα
1287 1245 1415 1300 (οὕτω
1441 1243 1477 1287 δ’
1502 1247 1684 1288 ἐκαλεῖτο
1705 1246 1831 1287 πάλαι

333 1315 379 1356 τὸ
402 1313 728 1368 Βαασπαρκᾶν),
769 1316 896 1356 αἰτῶν
923 1315 1292 1369 παραχωρηθῆναι
1325 1314 1390 1356 διὰ
1423 1320 1494 1370 τῆς
1524 1316 1670 1369 χώρας
1701 1316 1829 1356 αὐτοῦ
1847 1317 1890 1352 15

276 1385 319 1420 17
335 1384 520 1425 διελθεῖν.
584 1384 607 1424 ὃ
641 1383 686 1424 δὲ
716 1388 788 1438 τῆς
819 1384 965 1437 χώρας
995 1384 1145 1437 ταύτης
1177 1384 1223 1424 ἐκ
1256 1383 1460 1437 βασιλέως
1492 1384 1632 1437 ἄρχειν
1662 1399 1829 1437 προχει-

334 1452 492 1505 ρισθεὶς
524 1453 574 1493 οὗ
605 1452 740 1506 μόνον
773 1453 851 1493 οὐκ
884 1453 1013 1506 ἀνῆκε
1044 1452 1178 1505 τούτῳ
1210 1451 1283 1506 τὴν
1317 1452 1469 1500 δίοδον,
1503 1451 1604 1493 ἀλλὰ
1636 1451 1707 1493 καὶ
1736 1452 1828 1493 ἀντ-

335 1522 505 1569 ετάξατο
544 1520 635 1562 κατ’
669 1521 798 1562 αὐτοῦ
838 1521 908 1562 καὶ
948 1521 1178 1575 συμβαλὼν
1225 1521 1385 1575 ἡττᾶται
1428 1520 1498 1561 καὶ
1536 1520 1716 1566 πολλοὺς
1751 1520 1830 1575 μὲν

336 1675 378 1713 11
405 1676 502 1714 ὅπως
528 1677 564 1710 οἵ
592 1677 743 1720 Τοῦρκοι
772 1676 930 1720 (τούρκοι
947 1675 1023 1718 ΟΕ)
1050 1682 1122 1715 ταῖς
1146 1675 1214 1711 ὑπὸ
1227 1675 1426 1720 Ῥωμαίους
1443 1675 1598 1720 ἐπῆλθον
1614 1674 1747 1719 χώραις
1766 1673 1828 1710 CE

407 1820 421 1852 1
454 1822 546 1864 post
574 1819 715 1853 πολλῶν
748 1829 884 1854 errore·
916 1819 1171 1863 distinguunt
1197 1830 1259 1863 wp
1357 1818 1416 1853 καὶ
1450 1818 1541 1852 add.
1575 1821 1670 1853 ante
1701 1832 1827 1862 σαρακ.

406 1867 503 1910 Ewp
608 1867 724 1905 αὐτοῖς
750 1866 786 1900 D
893 1867 1087 1911 διέφθαρτο
1113 1866 1275 1911 ΒΟΕννρ
1379 1867 1401 1900 3
1427 1866 1658 1910 ταγκρολόπιξ
1683 1865 1728 1909 A,
1754 1880 1828 1911 ταγ-

405 1914 572 1958 κρολίπιξ
597 1914 706 1959 Ewp,
732 1914 954 1959 ταγγρολίπιξ
980 1912 1080 1956 ΗΒὶ,
1107 1914 1323 1958 ταγγρολίπις
1350 1914 1385 1947 D
1534 1914 1719 1958 ἐνεχείρισε
1745 1913 1780 1947 D

406 1962 428 1996 6
454 1961 525 2006 τῆς]
554 1967 612 1997 τοῦ
641 1961 676 1995 D
799 1963 819 1997 7
845 1962 1092 2006 ταγκρολόπικι
1119 1962 1165 2003 Α,
1193 1962 1431 2006 ταγκρολίπικι
1460 1961 1565 2006 Ewp,
1592 1961 1828 2006 ταγγρολίπικι

407 2008 498 2044 ODi
599 2009 747 2055 βαθεῖαν
771 2010 802 2044 Β
901 2010 923 2044 8
949 2010 990 2044 ἐκ
1016 2009 1162 2053 τούτων]
1189 2009 1352 2044 ἐντεῦθεν
1378 2009 1441 2044 BC
1538 2009 1658 2043 τοὺτον
1685 2008 1732 2053 ρ*

407 2057 453 2091 10
477 2057 654 2102 ὅμογενέσι
682 2058 789 2102 Ewp,
817 2068 854 2092 v,
882 2057 933 2091 ad
959 2057 1055 2091 XIII
1083 2058 1114 2101 1,
1141 2057 1162 2091 5
1283 2057 1443 2100 ὑπένειμε
1471 2056 1505 2090 D
1622 2056 1662 2090 ἐκ
1691 2067 1766 2090 om.
1793 2056 1828 2090 D

409 2106 449 2139 11
476 2105 686 2151 βαβυλῶνας
712 2105 743 2139 Ε
843 2105 886 2140 13
910 2105 1088 2149 ἐξέπεμψε
1114 2104 1259 2149 DEwp,
1287 2116 1323 2139 v.
1351 2105 1401 2138 ad
1423 2104 1519 2139 XIII
1544 2103 1610 2148 1‚5
1707 2105 1727 2138 ὁ
1745 2103 1828 2139 δὲ-

407 2152 603 2197 ὖπέστρεφε
622 2163 697 2187 om.
712 2151 783 2187 DE
871 2152 915 2187 14
941 2158 1000 2197 τῆς
1019 2163 1092 2187 om.
1108 2152 1143 2186 D
1228 2152 1271 2187 15
1288 2153 1519 2197 βαασπαρκᾶν
1534 2150 1578 2195 A,
1596 2153 1829 2196 βαασπρακᾶν

409 2200 517 2246 Ewp,
543 2199 777 2246 βαασπρακάν
803 2200 834 2235 Ο
862 2199 975 2236 Cedr.
1006 2200 1029 2234 l.
1058 2211 1088 2234 c.
1123 2211 1159 2245 p.
1182 2199 1265 2272 }70,
1292 2200 1348 2235 20.
1375 2200 1455 2244 571,
1484 2200 1538 2242 15,
1577 2210 1614 2234 v.
1641 2199 1693 2234 ad
1717 2199 1829 2235 XVII

408 2283 465 2327 ⁶25,
492 2283 538 2318 24
637 2284 682 2319 17
707 2283 765 2318 τὸν
790 2284 821 2318 ὃ.
848 2282 897 2329 p*
996 2283 1041 2318 18
1066 2282 1258 2329 συμβαλὼν
1283 2282 1319 2317 D

278 2429 322 2464 12
336 2432 437 2468 alios
473 2433 560 2478 ipse
593 2442 755 2478 quoque
786 2431 1067 2467 Muchumetus
1101 2433 1256 2467 occisus
1289 2435 1358 2467 est.
1410 2431 1676 2477 Tangrolipix
1703 2431 1829 2476 igitur

337 2491 537 2515 consensu
564 2481 816 2515 exercituum
843 2480 1010 2526 imperio
1027 2480 1203 2514 omnium
1228 2480 1421 2525 gentium,
1449 2489 1554 2524 quae
1571 2478 1827 2513 Muchumeto

278 2525 322 2560 13
338 2531 573 2572 paruerunt,
601 2531 780 2573 accepto,
807 2531 938 2562 turres
958 2528 1090 2572 pontis
1108 2525 1298 2562 Araxidis
1317 2527 1507 2562 militibus
1525 2527 1654 2561 missis
1673 2527 1828 2561 evertit.

278 2573 321 2607 14
335 2575 466 2610 Fluvii
493 2576 665 2610 transitu
691 2576 746 2610 ita
775 2575 918 2609 Turcis
944 2575 1160 2620 patefacto,
1199 2585 1350 2620 magna
1383 2575 1524 2609 horum
1560 2574 1826 2609 barbarorum

336 2623 551 2658 multitudo
587 2623 637 2657 ad
666 2622 990 2668 Tangi-olipicem
1027 2632 1069 2657 se
1097 2622 1277 2667 contulit3
1321 2623 1378 2657 sic
1410 2622 1475 2656 ille
1510 2622 1668 2666 magnis
1704 2622 1829 2667 copiis

336 2670 499 2705 adiutus
519 2671 703 2705 omnibus
719 2669 931 2706 Saracenis
950 2670 1182 2715 ademptum
1201 2670 1411 2715 imperium
1430 2670 1471 2703 in
1490 2680 1531 2703 se
1550 2675 1589 2704 et
1614 2669 1829 2714 populares

278 2716 321 2750 15
336 2728 430 2753 suos
456 2718 659 2752 transtulit
679 2721 717 2753 et
737 2717 949 2762 Agarenos
967 2717 1042 2752 sibi
1057 2727 1201 2762 parere
1226 2717 1369 2762 coegit.
1421 2716 1577 2751 Deinde
1596 2716 1828 2760 Babyloniis

336 2765 439 2801 bello
467 2765 656 2808 subactis,
683 2766 819 2800 fratris
846 2765 968 2799 filium
989 2764 1216 2800 Cutlumum
1245 2775 1334 2799 cum
1361 2765 1543 2799 exercitu
1570 2767 1710 2799 contra
1732 2763 1829 2798 Ara-

206 2811 321 2846 16.17
337 2813 407 2848 bes
432 2813 562 2856 mittit,
595 2823 619 2847 a
646 2813 793 2857 quibus
819 2815 1034 2858 superatus
1061 2822 1132 2858 per
1158 2812 1314 2858 legatos
1341 2822 1364 2845 a
1391 2812 1582 2857 principe,
1611 2822 1727 2856 quern
1755 2821 1826 2846 rex

336 2859 493 2895 Mediae
519 2861 590 2902 (sic
617 2861 720 2895 enim
749 2859 839 2894 olim
866 2860 1093 2894 vocabatur
1110 2858 1384 2905 Baasparcan)
1412 2860 1676 2904 praefecerat,
1703 2862 1828 2893 trans·

336 2907 435 2942 itum
463 2908 650 2953 postulat,
678 2917 796 2953 quem
823 2908 856 2942 is
883 2907 985 2942 adeo
1009 2917 1090 2942 non
1110 2907 1316 2951 concessit,
1343 2909 1388 2942 ut
1409 2910 1587 2942 armatus
1612 2907 1665 2940 illi
1694 2916 1827 2941 occur-
