2054 3282
316 258 387 296 662
709 257 890 295 ZONAR.
917 256 1048 293 EPlT.
1074 255 1206 292 XVIII
1231 255 1265 300 3,
1291 255 1418 292 6—16.

317 382 577 437 ροφορήσετε
615 380 723 435 πρὸς
759 379 830 421 τὸν
869 377 1175 432 αὐτοκράτορα,
1220 377 1306 432 ἐρῶ
1343 378 1441 432 ὑμῖν
1479 377 1557 419 ὅσα
1594 394 1667 432 μοι
1705 377 1810 420 κατὰ

282 449 390 504 Ἱτὴν
428 450 607 503 καρδίαν
644 447 964 502 ἒγκέκρυπται.”
1024 449 1109 488 τῶν
1150 445 1194 487 δὲ
1231 446 1535 500 καταθεμένων
1573 447 1812 502 ἀνέκφορον

316 518 506 572 τηρήσειν
538 519 648 559 ἅπαν
681 515 935 570 ἀπόρρητον,
981 515 1062 569 ἔφη
1096 515 1316 568 ἀρκεῖσθαι
1347 519 1421 556 νῦν
1452 521 1513 570 τῷ
1545 516 1721 570 σχήματι
1751 521 1813 569 τῷ

316 590 390 627 τοῦ
422 585 638 639 Καίσαρος
669 583 740 626 καὶ
769 583 829 639 μὴ
865 585 997 638 ζητεῖν
1027 582 1073 624 τὸ
1105 584 1325 638 βασίλειον,
1364 586 1485 626 αἰτεῖν
1517 585 1562 626 δὲ
1592 585 1811 639 πληροφο-

317 655 410 707 ρίαν
441 654 488 695 ἕκ
519 658 592 695 τοῦ
624 656 890 707 κρατοῦντος,
927 652 1020 699 Ε’ὥς
1051 652 1130 706 οὐχ
1162 653 1291 707 ἑτέρῳ
1325 653 1450 694 δώσει
1481 653 1554 708 τὴν
1585 654 1848 708 αὗταρχίανῧ

316 722 415 764 ποτὲ
446 722 517 763 καὶ
548 722 609 768 ὡς
641 721 883 776 συντηρήσει
916 721 1079 775 ἑκάστῳ
1110 724 1194 763 τῶν
1217 721 1291 762 σὺν
1313 722 1417 776 ἐμοί,
1450 724 1539 764 εἴτι
1560 723 1718 769 τούτοις
1739 738 1811 763 πε-

281 790 575 845 8φιλοτίμηται
612 787 712 844 παρ’
747 790 865 844 ε’μοῦ,
911 789 981 830 καὶ
1020 790 1081 836 ὡς
1120 790 1194 831 καί
1227 806 1335 836 τινος
1373 791 1605 844 μεταδώσει
1635 807 1709 845 μοι
1739 795 1862 832 νῦνΒ
1883 794 1936 830 IV
1956 794 2024 830 189

319 859 508 907 ἔξουσίας
544 859 771 913 βασιλικῆς,
817 856 866 899 ἵν’
901 859 986 912 ἔχω
1025 857 1136 905 τινὰς
1174 862 1294 913 τιμᾶν
1330 864 1413 905 τοῖς
1444 863 1529 901 τῶν
1560 859 1814 914 ἀξιωμάτων

319 927 499 969 ἐλάττοσι
530 927 601 969 καὶ
633 928 689 973 εἷς
720 927 854 981 ἀρχὰς
886 928 1019 973 ε’νίους
1051 927 1325 982 στρατηγικὰς
1355 928 1702 983 προχειρίζεσθαι,
1742 928 1814 970 καὶ

228 1002 264 1037 D
283 997 360 1037 9εἴ
382 1011 455 1050 μοι
486 999 612 1037 ταῦτα
645 996 805 1051 ἐπιτελῆ
836 996 999 1050 γίνοιτο,
1046 996 1264 1050 σπείσομαι
1296 997 1367 1038 καὶ
1399 997 1614 1051 ἀφίξομαι.
1677 997 1735 1039 ὅτι
1769 996 1814 1038 δὲ
1829 1001 1873 1036 10

318 1068 403 1111 τοῖς
423 1064 601 1119 πλήθεσι
621 1069 748 1106 ταῦτα
773 1064 823 1118 δὴ
848 1065 1145 1118 ἀπαρέσκουσι,
1180 1064 1312 1111 διττὰς
1342 1064 1450 1119 πρὸς
1481 1064 1551 1107 τὸν
1582 1069 1814 1120 κρατοῦντα

320 1133 542 1188 ε’γχαράξω
566 1133 780 1180 ἐπιστολὰς
805 1125 876 1174 καὶ
907 1137 956 1188 τῇ
987 1132 1065 1187 μὲν
1096 1133 1507 1192 καταδημαγωγήσω
1539 1134 1585 1176 τὸ
1617 1150 1813 1188 στρατιω-

262 1208 307 1244 10
320 1201 445 1251 τικόν,
488 1206 538 1257 τῇ
579 1199 615 1243 δ’
650 1202 918 1257 ἓγγράψσμαι
957 1201 1005 1242 τὰ
1039 1201 1299 1258 ἀπόρρητα.”
1360 1202 1424 1244 ἐπὶ
1455 1203 1615 1249 τούτοις
1645 1202 1716 1244 καὶ
1745 1202 1817 1245 τὸν

319 1271 368 1313 τὰ
400 1271 519 1313 κοινὰ
551 1271 941 1325 μεταχειριζόμενον
971 1272 1055 1325 ᾔτει
1086 1275 1333 1326 μεταστῆναι
1364 1276 1435 1327 τῆς
1463 1272 1722 1327 διοικήσεως,
1755 1273 1817 1319 ὡς

113 1346 307 1382 W111212
322 1340 503 1382 δύσνουν
535 1340 651 1394 αὐτῷ
682 1339 753 1381 καὶ
783 1343 868 1386 τοῖς
898 1337 984 1394 μετ’
1020 1340 1162 1381 αὐτοῦ.
1831 1342 1874 1378 15

262 1414 306 1449 11
435 1407 488 1450 ‘O
517 1408 595 1463 μὲν
635 1407 710 1449 οὖν
747 1412 872 1450 ταῦτα
906 1407 1035 1449 εἰπὼν
1066 1407 1137 1449 καὶ
1168 1408 1240 1455 τὰς
1272 1408 1485 1455 ἐπιστολὰς
1517 1410 1656 1456 αὐτοῖς
1687 1410 1814 1464 ἐγχει-

262 1482 307 1517 12
321 1478 452 1533 ρίσας,
486 1478 681 1519 ἀπελθεῖν
712 1478 999 1532 προετρέπετο.
1063 1478 1102 1519 οἱ
1126 1475 1162 1519 δ’
1188 1477 1426 1532 ἐπανῆλθον
1449 1477 1513 1519 ἐπὶ
1541 1477 1612 1518 τὸν
1644 1477 1817 1532 γηραιὸν

322 1546 628 1601 αὐτοκράτορα,
667 1545 741 1593 τὰς
773 1546 987 1592 ἐπιστολάς
1018 1563 1059 1588 τε
1092 1547 1291 1601 φέροντες
1322 1546 1392 1588 καὶ
1424 1547 1502 1588 ὅσα
1535 1547 1559 1588 ὁ
1590 1546 1818 1602 Κομνηνός

322 1615 461 1662 αὐτοῖς
502 1616 546 1657 ἕν
586 1614 840 1669 ἀπορρήτοις
877 1615 958 1669 ἔφη
999 1614 1065 1656 διὰ
1104 1615 1244 1670 ζώσης
1288 1619 1437 1670 φωνῆς
1480 1615 1815 1670 ἀπαγγέλλοντες.

323 1757 368 1793 16
400 1758 450 1792 ὅτι
476 1758 499 1793 ἃ
523 1758 652 1803 ᾔτησεν
677 1758 698 1792 ὁ
720 1756 909 1802 Κομνηνὸς
934 1757 1137 1802 πληρώσειν
1168 1758 1366 1802 (πληρῶσαι
1394 1757 1437 1800 C)
1470 1759 1490 1792 ὁ
1518 1756 1682 1803 βασιλεὺς
1711 1757 1817 1804 ἐπηγ-

322 1805 468 1850 γείλατο,
495 1805 555 1841 καὶ
580 1805 683 1840 πάλιν
709 1806 745 1840 οἷ
766 1806 929 1851 πρέσβεις
954 1805 1042 1850 πρὸς
1067 1804 1171 1840 αὐτὸν
1196 1805 1433 1851 ἀπεστάλησαν
1460 1805 1522 1842 CE

395 1937 427 1971 1.
442 1936 464 1971 2
477 1950 538 1981 μοι
555 1939 645 1982 post
658 1937 807 1981 καρδίαν
821 1936 852 1971 Β
927 1937 949 1972 3
965 1939 1055 1982 post
1071 1938 1161 1972 ἅπαν
1176 1937 1266 1972 add.
1282 1937 1319 1972 τὸ
1334 1937 1369 1971 D
1444 1943 1493 1983 τῷ
1508 1937 1678 1973 alterum
1694 1947 1768 1973 om.
1780 1937 1816 1971 D

394 1984 416 2019 5
442 1984 634 2029 ἀρταρχίαν
659 1984 706 2027 D,
733 1984 847 2030 ἀρχὴν
873 1985 969 2030 Ewp
1104 1985 1124 2020 7
1150 1990 1212 2020 νῦν
1236 1999 1296 2029 μοι
1322 1985 1358 2019 D
1492 1985 1514 2020 8
1539 1990 1641 2030 τιμᾶν
1666 1985 1759 2024 τινὰς
1785 1985 1816 2019 Β

395 2032 416 2066 9
442 2033 668 2077 στρατηγίδας
692 2032 804 2071 ἐνίους
830 2031 893 2077 (ἓν.
913 2043 986 2068 om.
1004 2031 1047 2074 C)
1074 2031 1136 2068 BC
1235 2033 1280 2067 10
1305 2033 1434 2078 γένοιτο
1452 2033 1487 2067 D
1586 2033 1625 2068 δὲ
1647 2031 1815 2078 prDz',

395 2079 438 2125 δὴ
462 2081 467 2124 1
489 2078 524 2114 A
683 2080 726 2114 11
753 2079 798 2126 δὴ
825 2080 895 2115 AR
922 2080 974 2124 (V.
1001 2080 1117 2115 PSGU.
1144 2091 1181 2126 p.
1202 2080 1282 2124 226,
1301 2081 1372 2124 27),
1400 2086 1469 2119 τοῖς
1495 2080 1559 2116 σὺν
1584 2081 1661 2125 ἐμοὶ
1686 2080 1814 2125 Bpr

399 2127 444 2162 12
464 2126 816 2173 καταῙδημαγωγήσει
837 2127 876 2172 C,
898 2138 998 2163 corr.
1019 2127 1080 2166 Cw
1179 2127 1224 2163 14
1248 2128 1336 2163 κονά
1355 2127 1357 2173 2
1374 2128 1458 2171 (Sic)
1477 2127 1513 2163 A
1610 2129 1654 2164 17
1679 2127 1815 2173 οῖ’(ὃὶο)

395 2174 544 2221 Apr,
571 2176 607 2210 οἱ
629 2172 748 2220 BSDi,
775 2186 812 2211 V.
832 2175 884 2210 ad
903 2178 922 2217 ἓ
941 2175 963 2210 2
1062 2175 1105 2210 19
1132 2175 1189 2211 διὰ
1216 2176 1333 2222 ζώσης
1358 2174 1562 2222 AprDi,
1590 2175 1815 2222 διαζώσηςΙ)

289 2310 311 2347 7
326 2323 413 2349 esse
430 2313 703 2358 promiseritis,
731 2323 933 2359 exponam
951 2313 1068 2349 vobis
1087 2323 1144 2358 ea,
1173 2323 1278 2359 quae
1300 2314 1432 2349 animo
1460 2313 1583 2349 eelo.”
1631 2313 1707 2355 Qui
1726 2323 1816 2348 eum

324 2361 610 2396 taciturnitatis
644 2360 763 2396 fidem
798 2360 1011 2405 dedissent,
1051 2371 1094 2396 se
1127 2371 1237 2396 nunc
1262 2362 1318 2396 ait
1344 2361 1484 2396 habitu
1510 2360 1693 2396 Caesaris
1728 2371 1816 2396 esse

326 2411 560 2444 contentum
592 2418 668 2443 nee
700 2408 908 2454 requirere
933 2408 1109 2454 regium3
1145 2408 1216 2444 sed
1243 2409 1283 2443 id
1310 2419 1398 2444 sese
1423 2409 1639 2454 postulare,
1678 2412 1723 2444 ut
1749 2409 1815 2443 im-

325 2458 488 2501 perator
506 2466 549 2491 se
566 2455 664 2491 nulli
682 2456 749 2491 alii
767 2466 948 2501 unquam
973 2456 1216 2492 traditurum
1241 2457 1452 2502 imperium
1478 2466 1611 2500 neque
1629 2456 1687 2499 iis,
1714 2466 1815 2501 quos

289 2502 527 2547 8donasset,
565 2504 745 2549 praemia
780 2506 1013 2549 erepturum
1053 2504 1308 2540 confirmaret
1343 2507 1382 2538 et
1415 2507 1458 2538 ut
1493 2503 1644 2548 aliquid
1676 2504 1815 2549 regiae

324 2552 534 2597 potestatis
558 2554 644 2586 tum
670 2551 745 2586 sibi
773 2552 1056 2596 impertiretur,
1084 2562 1164 2596 qua
1188 2551 1410 2587 minoribus
1429 2551 1693 2597 dignitatibus
1719 2561 1815 2586 non-

324 2599 455 2634 nullos
488 2609 634 2634 ornare
664 2598 802 2634 liceret
834 2602 872 2634 et
906 2599 958 2634 ad
986 2599 1246 2644 magistratus
1278 2599 1468 2634 militares
1501 2598 1696 2644 quosdam
1725 2608 1814 2634 eve-

289 2645 432 2682 9here.
483 2646 596 2688 Quae
622 2646 654 2681 si
680 2647 944 2692 impetrasset,
972 2656 1016 2681 se
1041 2656 1142 2692 pace
1168 2647 1277 2681 faeta
1302 2647 1343 2681 in
1369 2646 1510 2681 urbem
1536 2650 1753 2681 venturum
1776 2649 1814 2681 et

326 2693 435 2739 quod
461 2694 528 2729 illa
553 2694 635 2729 suis
663 2694 931 2739 displicerent,
956 2704 1000 2729 se
1025 2694 1142 2729 binas
1166 2693 1318 2729 litteras
1344 2694 1587 2739 scripturum
1614 2693 1665 2728 ad
1694 2694 1814 2738 impe-

324 2744 510 2785 ratorem,
549 2751 721 2787 quarum
748 2741 882 2777 alteris
908 2742 1047 2776 fucum
1078 2741 1269 2776 militibus
1301 2742 1464 2785 faceret,
1503 2741 1638 2776 alteris
1665 2751 1814 2775 areana

266 2788 312 2824 10
325 2789 547 2824 mandaret.
616 2789 835 2824 Praeterea
872 2799 1006 2824 rerum
1045 2789 1316 2824 communium
1354 2788 1740 2824 administrationem
1777 2789 1814 2823 ei

325 2836 578 2872 adimendam
607 2847 706 2879 esse,
731 2837 800 2882 qui
826 2846 935 2871 nune
961 2836 1036 2871 sibi
1063 2839 1102 2872 et
1127 2836 1209 2872 suis
1234 2836 1416 2871 infensus
1443 2846 1491 2871 ea
1517 2837 1769 2881 fungeretur.

266 2883 310 2917 11
443 2884 515 2919 His
548 2884 663 2919 dictis
694 2884 918 2928 litterisque
952 2883 1119 2928 traditis,
1157 2883 1341 2919 hortatur
1366 2883 1534 2929 legatos,
1574 2887 1619 2919 ut
1644 2884 1812 2918 abirent.

267 2930 312 2965 12
326 2930 458 2967 Senex
485 2932 703 2977 imperator
730 2941 820 2967 eum
838 2931 979 2968 litteris
998 2931 1184 2978 acceptis,
1211 2934 1296 2967 tum
1322 2931 1481 2967 areanis
1499 2930 1812 2969 Comueniman-
