<?xml version="1.0" encoding="UTF-8"?>
<!DOCTYPE html PUBLIC "-//W3C//DTD XHTML 1.0 Transitional//EN"
    "http://www.w3.org/TR/xhtml1/DTD/xhtml1-transitional.dtd">
<html xmlns="http://www.w3.org/1999/xhtml" xml:lang="en" lang="en">
 <head>
  <title>
</title>
<meta http-equiv="Content-Type" content="text/html;charset=utf-8" />
  <meta name='ocr-system' content='tesseract 3.04.00' />
  <meta name='ocr-capabilities' content='ocr_page ocr_carea ocr_par ocr_line ocrx_word'/>
</head>
<body>
  <div class='ocr_page' id='page_1' title='image "./corpusscriptorum31niebuoft/corpusscriptorum31niebuoft_0600.png"; bbox 0 0 2054 3282; ppageno 0'>
   <div class='ocr_carea' id='block_1_1' title="bbox 334 238 1440 289">
    <p class='ocr_par' dir='ltr' id='par_1_1' title="bbox 334 238 1440 289">
     <span class='ocr_line' id='line_1_1' title="bbox 334 238 1440 289; baseline -0.005 -8"><span class='ocrx_word' id='word_1_1' title='bbox 334 242 404 281; x_wconf 83' lang='lat'><em>574</em></span> <span class='ocrx_word' id='word_1_2' title='bbox 725 240 906 280; x_wconf 84' lang='lat' dir='ltr'>ZONAR.</span> <span class='ocrx_word' id='word_1_3' title='bbox 934 239 1065 289; x_wconf 81' lang='grc' dir='ltr'><strong>ΕΡΙΤ.</strong></span> <span class='ocrx_word' id='word_1_4' title='bbox 1091 238 1202 278; x_wconf 88' lang='lat' dir='ltr'>XVII</span> <span class='ocrx_word' id='word_1_5' title='bbox 1232 241 1284 287; x_wconf 88' lang='lat'><em>11,</em></span> <span class='ocrx_word' id='word_1_6' title='bbox 1311 238 1440 277; x_wconf 78' lang='lat'>1—12.</span> 
     </span>
    </p>
   </div>
   <div class='ocr_carea' id='block_1_2' title="bbox 298 363 1863 897">
    <p class='ocr_par' dir='ltr' id='par_1_2' title="bbox 298 363 1863 897">
     <span class='ocr_line' id='line_1_2' title="bbox 333 363 1826 420; baseline 0 -13"><span class='ocrx_word' id='word_1_7' title='bbox 333 365 482 420; x_wconf 81' lang='grc' dir='ltr'><em>κλησίᾳ</em></span> <span class='ocrx_word' id='word_1_8' title='bbox 503 365 841 420; x_wconf 84' lang='grc' dir='ltr'><em>κεκληρωμένοις</em></span> <span class='ocrx_word' id='word_1_9' title='bbox 861 363 935 417; x_wconf 83' lang='grc' dir='ltr'><em>τὴν</em></span> <span class='ocrx_word' id='word_1_10' title='bbox 957 364 1004 404; x_wconf 83' lang='grc' dir='ltr'><em>ἒκ</em></span> <span class='ocrx_word' id='word_1_11' title='bbox 1033 367 1118 404; x_wconf 89' lang='grc' dir='ltr'><em>τῶν</em></span> <span class='ocrx_word' id='word_1_12' title='bbox 1148 363 1376 417; x_wconf 79' lang='grc' dir='ltr'><strong><em>βασιλικῶν</em></strong></span> <span class='ocrx_word' id='word_1_13' title='bbox 1406 363 1588 418; x_wconf 88' lang='grc' dir='ltr'><em>ταμείων</em></span> <span class='ocrx_word' id='word_1_14' title='bbox 1618 379 1826 420; x_wconf 83' lang='grc' dir='ltr'><em>χορηγου-</em></span> 
     </span>
     <span class='ocr_line' id='line_1_3' title="bbox 333 430 1828 488; baseline 0 -13"><span class='ocrx_word' id='word_1_15' title='bbox 333 435 463 488; x_wconf 86' lang='grc' dir='ltr'><em>μένην</em></span> <span class='ocrx_word' id='word_1_16' title='bbox 479 437 564 475; x_wconf 87' lang='grc' dir='ltr'><em>τῶν</em></span> <span class='ocrx_word' id='word_1_17' title='bbox 579 433 789 487; x_wconf 86' lang='grc' dir='ltr'><em>χρυσίνων</em></span> <span class='ocrx_word' id='word_1_18' title='bbox 807 430 1011 485; x_wconf 81' lang='grc' dir='ltr'><em>διανομὴν</em></span> <span class='ocrx_word' id='word_1_19' title='bbox 1027 432 1255 486; x_wconf 73' lang='grc' dir='ltr'><em>προσθήκῃ</em></span> <span class='ocrx_word' id='word_1_20' title='bbox 1274 431 1516 486; x_wconf 77' lang='grc' dir='ltr'><em>ἐπηύξησεν,</em></span> <span class='ocrx_word' id='word_1_21' title='bbox 1534 432 1658 479; x_wconf 88' lang='grc' dir='ltr'><em>εἰδὼς</em></span> <span class='ocrx_word' id='word_1_22' title='bbox 1675 433 1828 480; x_wconf 79' lang='grc' dir='ltr'><em>ἐνδεῶς</em></span> 
     </span>
     <span class='ocr_line' id='line_1_4' title="bbox 299 499 1828 556; baseline 0.001 -15"><span class='ocrx_word' id='word_1_23' title='bbox 299 503 474 547; x_wconf 79' lang='grc' dir='ltr'><em>2αῧτοῖς</em></span> <span class='ocrx_word' id='word_1_24' title='bbox 505 503 610 556; x_wconf 78' lang='grc' dir='ltr'><em>ἔχειν</em></span> <span class='ocrx_word' id='word_1_25' title='bbox 641 501 688 541; x_wconf 87' lang='grc' dir='ltr'><em>τὰ</em></span> <span class='ocrx_word' id='word_1_26' title='bbox 721 500 1030 554; x_wconf 83' lang='grc' dir='ltr'><em>χορηγούμενα.</em></span> <span class='ocrx_word' id='word_1_27' title='bbox 1094 501 1236 553; x_wconf 79' lang='grc' dir='ltr'><em>γέγονε</em></span> <span class='ocrx_word' id='word_1_28' title='bbox 1277 499 1355 553; x_wconf 83' lang='grc' dir='ltr'><em>γάρ</em></span> <span class='ocrx_word' id='word_1_29' title='bbox 1386 516 1485 541; x_wconf 87' lang='grc' dir='ltr'><em>ποτε</em></span> <span class='ocrx_word' id='word_1_30' title='bbox 1517 504 1587 554; x_wconf 86' lang='grc' dir='ltr'><em>τῆς</em></span> <span class='ocrx_word' id='word_1_31' title='bbox 1617 505 1691 542; x_wconf 85' lang='grc' dir='ltr'><em>τοῦ</em></span> <span class='ocrx_word' id='word_1_32' title='bbox 1722 501 1828 543; x_wconf 84' lang='grc' dir='ltr'><em>θεοῦ</em></span> 
     </span>
     <span class='ocr_line' id='line_1_5' title="bbox 334 567 1833 624; baseline -0.001 -13"><span class='ocrx_word' id='word_1_33' title='bbox 334 570 461 624; x_wconf 80' lang='grc' dir='ltr'><em>λόγου</em></span> <span class='ocrx_word' id='word_1_34' title='bbox 508 569 736 622; x_wconf 78' lang='grc' dir='ltr'><em>ἐπωνύμου</em></span> <span class='ocrx_word' id='word_1_35' title='bbox 774 568 941 622; x_wconf 88' lang='grc' dir='ltr'><em>Σοφίας</em></span> <span class='ocrx_word' id='word_1_36' title='bbox 983 569 1116 622; x_wconf 82' lang='grc' dir='ltr'><em>μέγας</em></span> <span class='ocrx_word' id='word_1_37' title='bbox 1160 567 1397 622; x_wconf 85' lang='grc' dir='ltr'><em>οἰκονόμος,</em></span> <span class='ocrx_word' id='word_1_38' title='bbox 1442 568 1528 610; x_wconf 78' lang='grc' dir='ltr'><em>ἐπεὶ</em></span> <span class='ocrx_word' id='word_1_39' title='bbox 1569 573 1631 622; x_wconf 79' lang='grc' dir='ltr'><em>τῷ</em></span> <span class='ocrx_word' id='word_1_40' title='bbox 1672 569 1833 623; x_wconf 84' lang='grc' dir='ltr'><em>βασιλεῖ</em></span> 
     </span>
     <span class='ocr_line' id='line_1_6' title="bbox 335 636 1863 691; baseline -0.001 -12"><span class='ocrx_word' id='word_1_41' title='bbox 335 639 468 679; x_wconf 81' lang='grc' dir='ltr'><em>ἀνεῖτο</em></span> <span class='ocrx_word' id='word_1_42' title='bbox 499 637 688 691; x_wconf 75' lang='grc' dir='ltr'><em>πρόσθεν</em></span> <span class='ocrx_word' id='word_1_43' title='bbox 710 636 939 689; x_wconf 79' lang='grc' dir='ltr'><em>οἰκονόμον</em></span> <span class='ocrx_word' id='word_1_44' title='bbox 959 641 1031 691; x_wconf 86' lang='grc' dir='ltr'><em>τῆς</em></span> <span class='ocrx_word' id='word_1_45' title='bbox 1053 636 1273 691; x_wconf 79' lang='grc' dir='ltr'><strong><em>ἐκκλησίας</em></strong></span> <span class='ocrx_word' id='word_1_46' title='bbox 1294 636 1461 690; x_wconf 79' lang='grc' dir='ltr'><em>ταυτησὶ</em></span> <span class='ocrx_word' id='word_1_47' title='bbox 1480 637 1827 691; x_wconf 74' lang='grc' dir='ltr'><em>προχειρίζεσθαι.</em></span> <span class='ocrx_word' id='word_1_48' title='bbox 1841 644 1863 678; x_wconf 78' lang='grc'>5</span> 
     </span>
     <span class='ocr_line' id='line_1_7' title="bbox 299 705 1826 760; baseline 0.001 -13"><span class='ocrx_word' id='word_1_49' title='bbox 299 706 406 747; x_wconf 83' lang='grc' dir='ltr'><em>3καὶ</em></span> <span class='ocrx_word' id='word_1_50' title='bbox 435 706 531 752; x_wconf 85' lang='grc' dir='ltr'><em>τοὺς</em></span> <span class='ocrx_word' id='word_1_51' title='bbox 564 705 629 747; x_wconf 85' lang='grc' dir='ltr'><em>διὰ</em></span> <span class='ocrx_word' id='word_1_52' title='bbox 662 707 765 760; x_wconf 85' lang='grc' dir='ltr'><em>χρέα</em></span> <span class='ocrx_word' id='word_1_53' title='bbox 800 706 979 760; x_wconf 87' lang='grc' dir='ltr'><em>δημόσια</em></span> <span class='ocrx_word' id='word_1_54' title='bbox 1006 706 1340 760; x_wconf 84' lang='grc' dir='ltr'><em>καθειργμένους</em></span> <span class='ocrx_word' id='word_1_55' title='bbox 1360 707 1385 760; x_wconf 82' lang='grc' dir='ltr'>ἢ</span> <span class='ocrx_word' id='word_1_56' title='bbox 1409 706 1478 747; x_wconf 87' lang='grc' dir='ltr'><em>καὶ</em></span> <span class='ocrx_word' id='word_1_57' title='bbox 1500 706 1685 747; x_wconf 78' lang='grc' dir='ltr'><strong><em>ἰδιωτικὰ</em></strong></span> <span class='ocrx_word' id='word_1_58' title='bbox 1708 707 1826 760; x_wconf 83' lang='grc' dir='ltr'><em>ἠλευ-</em></span> 
     </span>
     <span class='ocr_line' id='line_1_8' title="bbox 298 773 1827 829; baseline 0 -14"><span class='ocrx_word' id='word_1_59' title='bbox 298 775 516 829; x_wconf 77' lang='grc' dir='ltr'><em>4θέρωσε,</em></span> <span class='ocrx_word' id='word_1_60' title='bbox 548 774 596 814; x_wconf 83' lang='grc' dir='ltr'><em>τὰ</em></span> <span class='ocrx_word' id='word_1_61' title='bbox 628 773 706 828; x_wconf 81' lang='grc' dir='ltr'><em>μὲν</em></span> <span class='ocrx_word' id='word_1_62' title='bbox 737 774 969 827; x_wconf 84' lang='grc' dir='ltr'><em>ἀποτιννύς,</em></span> <span class='ocrx_word' id='word_1_63' title='bbox 1002 773 1050 814; x_wconf 86' lang='grc' dir='ltr'><em>τὰ</em></span> <span class='ocrx_word' id='word_1_64' title='bbox 1084 774 1129 815; x_wconf 84' lang='grc' dir='ltr'><em>δὲ</em></span> <span class='ocrx_word' id='word_1_65' title='bbox 1161 774 1341 828; x_wconf 87' lang='grc' dir='ltr'><em>δημόσια</em></span> <span class='ocrx_word' id='word_1_66' title='bbox 1374 774 1528 828; x_wconf 82' lang='grc' dir='ltr'><em>ἀφιείς·</em></span> <span class='ocrx_word' id='word_1_67' title='bbox 1562 774 1633 815; x_wconf 81' lang='grc' dir='ltr'><em>καὶ</em></span> <span class='ocrx_word' id='word_1_68' title='bbox 1663 775 1827 829; x_wconf 85' lang='grc' dir='ltr'><em>χρημά-</em></span> 
     </span>
     <span class='ocr_line' id='line_1_9' title="bbox 334 842 1826 897; baseline 0 -14"><span class='ocrx_word' id='word_1_69' title='bbox 334 858 420 884; x_wconf 92' lang='grc' dir='ltr'><em>των</em></span> <span class='ocrx_word' id='word_1_70' title='bbox 450 842 619 883; x_wconf 80' lang='grc' dir='ltr'><em>πολλῶν</em></span> <span class='ocrx_word' id='word_1_71' title='bbox 652 842 836 884; x_wconf 76' lang='grc' dir='ltr'><em>διάδοσιν</em></span> <span class='ocrx_word' id='word_1_72' title='bbox 869 843 1091 897; x_wconf 80' lang='grc' dir='ltr'><em>ἐποιήσατο</em></span> <span class='ocrx_word' id='word_1_73' title='bbox 1123 842 1228 895; x_wconf 78' lang='grc' dir='ltr'><em>ὑπὲρ</em></span> <span class='ocrx_word' id='word_1_74' title='bbox 1259 846 1332 883; x_wconf 84' lang='grc' dir='ltr'><em>τοῦ</em></span> <span class='ocrx_word' id='word_1_75' title='bbox 1364 842 1570 896; x_wconf 82' lang='grc' dir='ltr'><em>βασιλέως</em></span> <span class='ocrx_word' id='word_1_76' title='bbox 1600 842 1826 884; x_wconf 84' lang='grc' dir='ltr'><em>Κώνσταν-</em></span> 
     </span>
    </p>
   </div>
   <div class='ocr_carea' id='block_1_3' title="bbox 121 910 1827 965">
    <p class='ocr_par' dir='ltr' id='par_1_3' title="bbox 121 910 1827 965">
     <span class='ocr_line' id='line_1_10' title="bbox 121 910 1827 965; baseline 0.001 -15"><span class='ocrx_word' id='word_1_77' title='bbox 121 914 321 951; x_wconf 81' lang='lat' dir='ltr'><strong>P11230A</strong></span> <span class='ocrx_word' id='word_1_78' title='bbox 334 910 445 951; x_wconf 86' lang='grc' dir='ltr'><em>τίνου</em></span> <span class='ocrx_word' id='word_1_79' title='bbox 477 914 550 951; x_wconf 84' lang='grc' dir='ltr'><em>τοῦ</em></span> <span class='ocrx_word' id='word_1_80' title='bbox 581 910 792 964; x_wconf 84' lang='grc' dir='ltr'><em>πενθεροῦ</em></span> <span class='ocrx_word' id='word_1_81' title='bbox 825 911 955 952; x_wconf 79' lang='grc' dir='ltr'><em>αὐτοῦ</em></span> <span class='ocrx_word' id='word_1_82' title='bbox 987 910 1058 951; x_wconf 86' lang='grc' dir='ltr'><em>καὶ</em></span> <span class='ocrx_word' id='word_1_83' title='bbox 1090 910 1383 964; x_wconf 81' lang='grc' dir='ltr'><em>αἰχμαλώτους</em></span> <span class='ocrx_word' id='word_1_84' title='bbox 1413 910 1626 956; x_wconf 80' lang='grc' dir='ltr'><em>πλείστους</em></span> <span class='ocrx_word' id='word_1_85' title='bbox 1647 911 1827 965; x_wconf 80' lang='grc' dir='ltr'><em>ἐπρίατο,</em></span> 
     </span>
    </p>
   </div>
   <div class='ocr_carea' id='block_1_4' title="bbox 334 978 1889 1170">
    <p class='ocr_par' dir='ltr' id='par_1_4' title="bbox 334 978 1889 1170">
     <span class='ocr_line' id='line_1_11' title="bbox 334 978 1889 1034; baseline -0.001 -15"><span class='ocrx_word' id='word_1_86' title='bbox 334 978 406 1019; x_wconf 81' lang='grc' dir='ltr'><em>καὶ</em></span> <span class='ocrx_word' id='word_1_87' title='bbox 449 978 540 1020; x_wconf 86' lang='grc' dir='ltr'><em>ὅσοι</em></span> <span class='ocrx_word' id='word_1_88' title='bbox 578 982 663 1019; x_wconf 90' lang='grc' dir='ltr'><em>τῶν</em></span> <span class='ocrx_word' id='word_1_89' title='bbox 700 979 943 1020; x_wconf 77' lang='grc' dir='ltr'><em>ἐπισκόπων</em></span> <span class='ocrx_word' id='word_1_90' title='bbox 983 979 1030 1020; x_wconf 78' lang='grc' dir='ltr'><em>ἐκ</em></span> <span class='ocrx_word' id='word_1_91' title='bbox 1062 983 1135 1020; x_wconf 85' lang='grc' dir='ltr'><em>τοῦ</em></span> <span class='ocrx_word' id='word_1_92' title='bbox 1168 978 1446 1033; x_wconf 83' lang='grc' dir='ltr'><em>ἀλληλεγγύου</em></span> <span class='ocrx_word' id='word_1_93' title='bbox 1478 979 1829 1034; x_wconf 85' lang='grc' dir='ltr'><em>φορολογήματος</em></span> <span class='ocrx_word' id='word_1_94' title='bbox 1844 984 1889 1018; x_wconf 91' lang='grc'><em>10</em></span> 
     </span>
     <span class='ocr_line' id='line_1_12' title="bbox 335 1045 1830 1102; baseline 0.001 -14"><span class='ocrx_word' id='word_1_95' title='bbox 335 1048 392 1093; x_wconf 86' lang='grc' dir='ltr'><em>εἰς</em></span> <span class='ocrx_word' id='word_1_96' title='bbox 422 1047 582 1088; x_wconf 82' lang='grc' dir='ltr'><em>ἔνδειαν</em></span> <span class='ocrx_word' id='word_1_97' title='bbox 614 1047 974 1101; x_wconf 74' lang='grc' dir='ltr'><em>συνεληλύθεισαν,</em></span> <span class='ocrx_word' id='word_1_98' title='bbox 1006 1045 1106 1101; x_wconf 75' lang='grc' dir='ltr'><em>παρ’</em></span> <span class='ocrx_word' id='word_1_99' title='bbox 1135 1048 1264 1088; x_wconf 82' lang='grc' dir='ltr'><em>αὐτοῦ</em></span> <span class='ocrx_word' id='word_1_100' title='bbox 1297 1047 1600 1102; x_wconf 79' lang='grc' dir='ltr'><em>ἅνεκτήθησαν,</em></span> <span class='ocrx_word' id='word_1_101' title='bbox 1633 1046 1704 1088; x_wconf 83' lang='grc' dir='ltr'><em>καὶ</em></span> <span class='ocrx_word' id='word_1_102' title='bbox 1733 1047 1830 1093; x_wconf 83' lang='grc' dir='ltr'><em>τοὺς</em></span> 
     </span>
     <span class='ocr_line' id='line_1_13' title="bbox 335 1115 1829 1170; baseline 0.001 -14"><span class='ocrx_word' id='word_1_103' title='bbox 335 1116 613 1161; x_wconf 84' lang='grc' dir='ltr'><em>κακωθέντας</em></span> <span class='ocrx_word' id='word_1_104' title='bbox 648 1115 764 1170; x_wconf 87' lang='grc' dir='ltr'><em>παρὰ</em></span> <span class='ocrx_word' id='word_1_105' title='bbox 800 1120 874 1157; x_wconf 83' lang='grc' dir='ltr'><em>τοῦ</em></span> <span class='ocrx_word' id='word_1_106' title='bbox 905 1116 1219 1169; x_wconf 82' lang='grc' dir='ltr'><em>τελευτήσαντος</em></span> <span class='ocrx_word' id='word_1_107' title='bbox 1248 1116 1454 1170; x_wconf 86' lang='grc' dir='ltr'><em>βασιλέως</em></span> <span class='ocrx_word' id='word_1_108' title='bbox 1484 1118 1509 1170; x_wconf 83' lang='grc' dir='ltr'><em>ἢ</em></span> <span class='ocrx_word' id='word_1_109' title='bbox 1543 1116 1586 1157; x_wconf 83' lang='grc' dir='ltr'><em>ἒν</em></span> <span class='ocrx_word' id='word_1_110' title='bbox 1615 1116 1829 1170; x_wconf 88' lang='grc' dir='ltr'><em>πηρώσεσι</em></span> 
     </span>
    </p>
   </div>
   <div class='ocr_carea' id='block_1_5' title="bbox 299 1184 1687 1239">
    <p class='ocr_par' dir='ltr' id='par_1_5' title="bbox 299 1184 1687 1239">
     <span class='ocr_line' id='line_1_14' title="bbox 299 1184 1687 1239; baseline 0 -14"><span class='ocrx_word' id='word_1_111' title='bbox 299 1189 321 1224; x_wconf 82' lang='grc'>5</span> <span class='ocrx_word' id='word_1_112' title='bbox 333 1184 476 1239; x_wconf 86' lang='grc' dir='ltr'><em>μελῶν</em></span> <span class='ocrx_word' id='word_1_113' title='bbox 507 1185 532 1238; x_wconf 85' lang='grc' dir='ltr'><em>ἢ</em></span> <span class='ocrx_word' id='word_1_114' title='bbox 566 1184 609 1225; x_wconf 78' lang='grc' dir='ltr'><em>ἓν</em></span> <span class='ocrx_word' id='word_1_115' title='bbox 642 1184 887 1238; x_wconf 84' lang='grc' dir='ltr'><em>δημεύσεσιν</em></span> <span class='ocrx_word' id='word_1_116' title='bbox 919 1185 1076 1226; x_wconf 79' lang='grc' dir='ltr'><em>οὐσιῶν</em></span> <span class='ocrx_word' id='word_1_117' title='bbox 1098 1186 1123 1238; x_wconf 81' lang='grc' dir='ltr'><em>ἢ</em></span> <span class='ocrx_word' id='word_1_118' title='bbox 1147 1184 1324 1229; x_wconf 85' lang='grc' dir='ltr'><em>ἀλλοίως</em></span> <span class='ocrx_word' id='word_1_119' title='bbox 1343 1184 1687 1239; x_wconf 85' lang='grc' dir='ltr'><em>παρεμυθήσατο.</em></span> 
     </span>
    </p>
   </div>
   <div class='ocr_carea' id='block_1_6' title="bbox 1748 1185 2042 1226">
    <p class='ocr_par' dir='ltr' id='par_1_6' title="bbox 1748 1185 2042 1226">
     <span class='ocr_line' id='line_1_15' title="bbox 1748 1185 2042 1226; baseline -0.017 0"><span class='ocrx_word' id='word_1_120' title='bbox 1748 1185 1826 1226; x_wconf 85' lang='grc' dir='ltr'><em>ὗπ-</em></span> <span class='ocrx_word' id='word_1_121' title='bbox 1843 1188 1878 1223; x_wconf 94' lang='lat' dir='ltr'>D</span> <span class='ocrx_word' id='word_1_122' title='bbox 1898 1187 1952 1223; x_wconf 91' lang='lat' dir='ltr'><em>IV</em></span> <span class='ocrx_word' id='word_1_123' title='bbox 1972 1186 2042 1222; x_wconf 76' lang='lat'><em>129</em></span> 
     </span>
    </p>
   </div>
   <div class='ocr_carea' id='block_1_7' title="bbox 335 1252 1889 1376">
    <p class='ocr_par' dir='ltr' id='par_1_7' title="bbox 335 1252 1889 1376">
     <span class='ocr_line' id='line_1_16' title="bbox 337 1252 1827 1307; baseline -0.001 -14"><span class='ocrx_word' id='word_1_124' title='bbox 337 1252 552 1298; x_wconf 85' lang='grc' dir='ltr'><em>οπτευθεὶς</em></span> <span class='ocrx_word' id='word_1_125' title='bbox 585 1252 630 1294; x_wconf 87' lang='grc' dir='ltr'><em>δὲ</em></span> <span class='ocrx_word' id='word_1_126' title='bbox 662 1252 686 1293; x_wconf 82' lang='grc' dir='ltr'>ὁ</span> <span class='ocrx_word' id='word_1_127' title='bbox 716 1252 942 1306; x_wconf 82' lang='grc' dir='ltr'><em>μάγιστρος</em></span> <span class='ocrx_word' id='word_1_128' title='bbox 971 1252 1240 1307; x_wconf 86' lang='grc' dir='ltr'><em>Προυσιάνος</em></span> <span class='ocrx_word' id='word_1_129' title='bbox 1271 1252 1295 1293; x_wconf 82' lang='grc' dir='ltr'>ὁ</span> <span class='ocrx_word' id='word_1_130' title='bbox 1327 1252 1576 1307; x_wconf 79' lang='grc' dir='ltr'><em>Βούλγαρος</em></span> <span class='ocrx_word' id='word_1_131' title='bbox 1606 1253 1747 1306; x_wconf 83' lang='grc' dir='ltr'><em>λάθρᾳ</em></span> <span class='ocrx_word' id='word_1_132' title='bbox 1777 1257 1827 1307; x_wconf 88' lang='grc' dir='ltr'><em>τῇ</em></span> 
     </span>
     <span class='ocr_line' id='line_1_17' title="bbox 335 1320 1889 1376; baseline 0.001 -15"><span class='ocrx_word' id='word_1_133' title='bbox 335 1325 407 1376; x_wconf 83' lang='grc' dir='ltr'><em>τῆς</em></span> <span class='ocrx_word' id='word_1_134' title='bbox 438 1320 685 1375; x_wconf 79' lang='grc' dir='ltr'><em>Αὖγούστης</em></span> <span class='ocrx_word' id='word_1_135' title='bbox 717 1320 846 1375; x_wconf 81' lang='grc' dir='ltr'><em>Ζωῆς</em></span> <span class='ocrx_word' id='word_1_136' title='bbox 877 1321 1039 1375; x_wconf 84' lang='grc' dir='ltr'><em>ἀδελφῇ</em></span> <span class='ocrx_word' id='word_1_137' title='bbox 1070 1325 1119 1375; x_wconf 87' lang='grc' dir='ltr'><em>τῇ</em></span> <span class='ocrx_word' id='word_1_138' title='bbox 1156 1320 1366 1375; x_wconf 82' lang='grc' dir='ltr'><em>Θεοδώρᾳ</em></span> <span class='ocrx_word' id='word_1_139' title='bbox 1397 1321 1727 1375; x_wconf 86' lang='grc' dir='ltr'><em>κοινολογεῖσθαι</em></span> <span class='ocrx_word' id='word_1_140' title='bbox 1758 1321 1889 1362; x_wconf 80' lang='grc' dir='ltr'><em>καὶ15</em></span> 
     </span>
    </p>
   </div>
   <div class='ocr_carea' id='block_1_8' title="bbox 335 1389 1702 1444">
    <p class='ocr_par' dir='ltr' id='par_1_8' title="bbox 335 1389 1702 1444">
     <span class='ocr_line' id='line_1_18' title="bbox 335 1389 1702 1444; baseline 0 -14"><span class='ocrx_word' id='word_1_141' title='bbox 335 1394 385 1444; x_wconf 86' lang='grc' dir='ltr'><em>τῇ</em></span> <span class='ocrx_word' id='word_1_142' title='bbox 416 1389 601 1444; x_wconf 82' lang='grc' dir='ltr'><em>βασιλείᾳ</em></span> <span class='ocrx_word' id='word_1_143' title='bbox 633 1389 937 1443; x_wconf 80' lang='grc' dir='ltr'><em>ἕποφθαλμεῖν,</em></span> <span class='ocrx_word' id='word_1_144' title='bbox 983 1389 1311 1443; x_wconf 83' lang='grc' dir='ltr'><em>συλλαμβάνεται</em></span> <span class='ocrx_word' id='word_1_145' title='bbox 1342 1389 1413 1430; x_wconf 84' lang='grc' dir='ltr'><em>καὶ</em></span> <span class='ocrx_word' id='word_1_146' title='bbox 1449 1393 1702 1444; x_wconf 80' lang='grc' dir='ltr'><em>φρουρεῖται,</em></span> 
     </span>
    </p>
   </div>
   <div class='ocr_carea' id='block_1_9' title="bbox 1746 1389 1828 1431">
    <p class='ocr_par' dir='ltr' id='par_1_9' title="bbox 1746 1389 1828 1431">
     <span class='ocr_line' id='line_1_19' title="bbox 1746 1389 1828 1431; baseline 0 -1"><span class='ocrx_word' id='word_1_147' title='bbox 1746 1389 1828 1431; x_wconf 84' lang='grc' dir='ltr'><em>εἶτα</em></span> 
     </span>
    </p>
   </div>
   <div class='ocr_carea' id='block_1_10' title="bbox 301 1456 1831 1581">
    <p class='ocr_par' dir='ltr' id='par_1_10' title="bbox 301 1456 1831 1581">
     <span class='ocr_line' id='line_1_20' title="bbox 301 1456 1830 1512; baseline 0.001 -14"><span class='ocrx_word' id='word_1_148' title='bbox 301 1457 408 1498; x_wconf 86' lang='grc' dir='ltr'><em>6καὶ</em></span> <span class='ocrx_word' id='word_1_149' title='bbox 437 1461 643 1511; x_wconf 82' lang='grc' dir='ltr'><em>πηροῦται</em></span> <span class='ocrx_word' id='word_1_150' title='bbox 674 1456 771 1503; x_wconf 85' lang='grc' dir='ltr'><em>τοὺς</em></span> <span class='ocrx_word' id='word_1_151' title='bbox 800 1457 1073 1512; x_wconf 87' lang='grc' dir='ltr'><em>ὀφθαλμούς·</em></span> <span class='ocrx_word' id='word_1_152' title='bbox 1107 1457 1178 1498; x_wconf 83' lang='grc' dir='ltr'><em>καὶ</em></span> <span class='ocrx_word' id='word_1_153' title='bbox 1209 1458 1233 1512; x_wconf 83' lang='grc' dir='ltr'>ἡ</span> <span class='ocrx_word' id='word_1_154' title='bbox 1258 1457 1465 1511; x_wconf 87' lang='grc' dir='ltr'><em>Θεοδώρα</em></span> <span class='ocrx_word' id='word_1_155' title='bbox 1498 1459 1553 1503; x_wconf 88' lang='grc' dir='ltr'><em>εἰς</em></span> <span class='ocrx_word' id='word_1_156' title='bbox 1583 1457 1630 1499; x_wconf 86' lang='grc' dir='ltr'><em>τὸ</em></span> <span class='ocrx_word' id='word_1_157' title='bbox 1650 1457 1830 1511; x_wconf 90' lang='grc' dir='ltr'><em>Πετρίον</em></span> 
     </span>
     <span class='ocr_line' id='line_1_21' title="bbox 336 1522 1831 1581; baseline 0.001 -15"><span class='ocrx_word' id='word_1_158' title='bbox 336 1526 619 1580; x_wconf 84' lang='grc' dir='ltr'><em>περιορίζεται,</em></span> <span class='ocrx_word' id='word_1_159' title='bbox 662 1524 734 1567; x_wconf 81' lang='grc' dir='ltr'><em>καὶ</em></span> <span class='ocrx_word' id='word_1_160' title='bbox 773 1525 797 1566; x_wconf 86' lang='grc' dir='ltr'>ὁ</span> <span class='ocrx_word' id='word_1_161' title='bbox 837 1522 900 1566; x_wconf 77' lang='grc' dir='ltr'><em>ἐπ’</em></span> <span class='ocrx_word' id='word_1_162' title='bbox 940 1525 1143 1580; x_wconf 85' lang='grc' dir='ltr'><em>ἀδελφιδῇ</em></span> <span class='ocrx_word' id='word_1_163' title='bbox 1189 1525 1233 1566; x_wconf 85' lang='grc' dir='ltr'><em>δὲ</em></span> <span class='ocrx_word' id='word_1_164' title='bbox 1276 1529 1348 1567; x_wconf 82' lang='grc' dir='ltr'><em>τοῦ</em></span> <span class='ocrx_word' id='word_1_165' title='bbox 1391 1526 1597 1580; x_wconf 85' lang='grc' dir='ltr'><em>βασιλέως</em></span> <span class='ocrx_word' id='word_1_166' title='bbox 1640 1525 1831 1581; x_wconf 87' lang='grc' dir='ltr'><em>γαμβρὸς</em></span> 
     </span>
    </p>
   </div>
   <div class='ocr_carea' id='block_1_11' title="bbox 337 1670 1831 1767">
    <p class='ocr_par' dir='ltr' id='par_1_11' title="bbox 337 1670 1831 1767">
     <span class='ocr_line' id='line_1_22' title="bbox 339 1670 1830 1718; baseline 0.001 -12"><span class='ocrx_word' id='word_1_167' title='bbox 339 1672 385 1707; x_wconf 89' lang='grc'><em>13</em></span> <span class='ocrx_word' id='word_1_168' title='bbox 410 1673 460 1706; x_wconf 84' lang='grc' dir='ltr'><em>ὅτι</em></span> <span class='ocrx_word' id='word_1_169' title='bbox 487 1672 508 1706; x_wconf 82' lang='grc' dir='ltr'>ὅ</span> <span class='ocrx_word' id='word_1_170' title='bbox 531 1671 753 1716; x_wconf 84' lang='grc' dir='ltr'><em>Προυσιάνος</em></span> <span class='ocrx_word' id='word_1_171' title='bbox 779 1670 983 1717; x_wconf 87' lang='grc' dir='ltr'><em>(πρασιανὸς</em></span> <span class='ocrx_word' id='word_1_172' title='bbox 1009 1672 1052 1716; x_wconf 87' lang='grc' dir='ltr'><em>Ε,</em></span> <span class='ocrx_word' id='word_1_173' title='bbox 1076 1672 1286 1717; x_wconf 84' lang='grc' dir='ltr'><em>προυσιανός</em></span> <span class='ocrx_word' id='word_1_174' title='bbox 1305 1671 1347 1715; x_wconf 85' lang='lat' dir='ltr'><em>C)</em></span> <span class='ocrx_word' id='word_1_175' title='bbox 1374 1672 1603 1711; x_wconf 81' lang='grc' dir='ltr'><em>ὑποπτευθεὶς</em></span> <span class='ocrx_word' id='word_1_176' title='bbox 1627 1672 1682 1707; x_wconf 79' lang='grc' dir='ltr'><em>ἐπὶ</em></span> <span class='ocrx_word' id='word_1_177' title='bbox 1705 1687 1830 1718; x_wconf 85' lang='grc' dir='ltr'><em>τυραν-</em></span> 
     </span>
     <span class='ocr_line' id='line_1_23' title="bbox 337 1719 1831 1767; baseline 0.001 -13"><span class='ocrx_word' id='word_1_178' title='bbox 337 1720 406 1755; x_wconf 90' lang='grc' dir='ltr'><em>νίδι</em></span> <span class='ocrx_word' id='word_1_179' title='bbox 425 1719 616 1765; x_wconf 79' lang='grc' dir='ltr'><em>ἐτυφλώθη</em></span> <span class='ocrx_word' id='word_1_180' title='bbox 633 1719 696 1755; x_wconf 82' lang='grc' dir='ltr'><em>ΟΕ</em></span> <span class='ocrx_word' id='word_1_181' title='bbox 721 1719 780 1754; x_wconf 84' lang='grc' dir='ltr'><em>καὶ</em></span> <span class='ocrx_word' id='word_1_182' title='bbox 798 1720 819 1754; x_wconf 82' lang='grc' dir='ltr'>ὁ</span> <span class='ocrx_word' id='word_1_183' title='bbox 830 1719 996 1765; x_wconf 78' lang='grc' dir='ltr'><em>Διογένης</em></span> <span class='ocrx_word' id='word_1_184' title='bbox 1009 1720 1272 1759; x_wconf 84' lang='grc' dir='ltr'><em>Κωνσταντῒνος</em></span> <span class='ocrx_word' id='word_1_185' title='bbox 1289 1720 1344 1755; x_wconf 79' lang='grc' dir='ltr'><em>ἐπὶ</em></span> <span class='ocrx_word' id='word_1_186' title='bbox 1362 1721 1463 1765; x_wconf 82' lang='grc' dir='ltr'><em>ὁμοίᾳ</em></span> <span class='ocrx_word' id='word_1_187' title='bbox 1480 1721 1569 1765; x_wconf 82' lang='grc' dir='ltr'><em>αἰτίᾳ</em></span> <span class='ocrx_word' id='word_1_188' title='bbox 1586 1722 1786 1767; x_wconf 82' lang='grc' dir='ltr'><em>καθείρχθη</em></span> <span class='ocrx_word' id='word_1_189' title='bbox 1802 1720 1831 1757; x_wconf 88' lang='lat' dir='ltr'>C</span> 
     </span>
    </p>
   </div>
   <div class='ocr_carea' id='block_1_12' title="bbox 412 1857 1832 1906">
    <p class='ocr_par' dir='ltr' id='par_1_12' title="bbox 412 1857 1832 1906">
     <span class='ocr_line' id='line_1_24' title="bbox 412 1857 1832 1906; baseline 0.001 -12"><span class='ocrx_word' id='word_1_190' title='bbox 412 1859 431 1894; x_wconf 88' lang='lat'>1</span> <span class='ocrx_word' id='word_1_191' title='bbox 457 1859 645 1905; x_wconf 84' lang='grc' dir='ltr'><em>βασιλείων</em></span> <span class='ocrx_word' id='word_1_192' title='bbox 671 1857 828 1905; x_wconf 79' lang='lat' dir='ltr'><strong>EwpDi</strong></span> <span class='ocrx_word' id='word_1_193' title='bbox 900 1860 922 1894; x_wconf 82' lang='lat'><strong>2</strong></span> <span class='ocrx_word' id='word_1_194' title='bbox 947 1860 1050 1899; x_wconf 86' lang='grc' dir='ltr'><em>εἶδῶς</em></span> <span class='ocrx_word' id='word_1_195' title='bbox 1076 1859 1124 1906; x_wconf 71' lang='grc' dir='ltr'><em>Ρ*</em></span> <span class='ocrx_word' id='word_1_196' title='bbox 1199 1860 1231 1895; x_wconf 92' lang='grc'><em>2.</em></span> <span class='ocrx_word' id='word_1_197' title='bbox 1246 1860 1268 1895; x_wconf 89' lang='lat'><strong>3</strong></span> <span class='ocrx_word' id='word_1_198' title='bbox 1293 1860 1409 1899; x_wconf 81' lang='grc' dir='ltr'><em>αὐτοῖς</em></span> <span class='ocrx_word' id='word_1_199' title='bbox 1433 1860 1563 1899; x_wconf 82' lang='grc' dir='ltr'><em>ἐνδεῶς</em></span> <span class='ocrx_word' id='word_1_200' title='bbox 1589 1860 1618 1896; x_wconf 91' lang='lat' dir='ltr'>C</span> <span class='ocrx_word' id='word_1_201' title='bbox 1691 1861 1713 1896; x_wconf 82' lang='lat'>5</span> <span class='ocrx_word' id='word_1_202' title='bbox 1737 1865 1832 1906; x_wconf 85' lang='grc' dir='ltr'><em>πρῶ-</em></span> 
     </span>
    </p>
   </div>
   <div class='ocr_carea' id='block_1_13' title="bbox 410 1907 1644 1953">
    <p class='ocr_par' dir='ltr' id='par_1_13' title="bbox 410 1907 1644 1953">
     <span class='ocr_line' id='line_1_25' title="bbox 410 1907 1644 1953; baseline 0.001 -11"><span class='ocrx_word' id='word_1_203' title='bbox 410 1921 468 1942; x_wconf 86' lang='grc' dir='ltr'><em>τον</em></span> <span class='ocrx_word' id='word_1_204' title='bbox 493 1907 529 1941; x_wconf 95' lang='lat' dir='ltr'>D</span> <span class='ocrx_word' id='word_1_205' title='bbox 627 1907 838 1952; x_wconf 83' lang='grc' dir='ltr'><em>οἰκονόμους</em></span> <span class='ocrx_word' id='word_1_206' title='bbox 861 1907 957 1953; x_wconf 89' lang='lat' dir='ltr'><em>Ewp</em></span> <span class='ocrx_word' id='word_1_207' title='bbox 1056 1908 1078 1943; x_wconf 83' lang='lat'>6</span> <span class='ocrx_word' id='word_1_208' title='bbox 1104 1907 1196 1952; x_wconf 87' lang='grc' dir='ltr'><em>τοὺς]</em></span> <span class='ocrx_word' id='word_1_209' title='bbox 1224 1914 1294 1947; x_wconf 84' lang='grc' dir='ltr'><em>τοῖς</em></span> <span class='ocrx_word' id='word_1_210' title='bbox 1320 1907 1349 1944; x_wconf 89' lang='lat' dir='ltr'>C</span> <span class='ocrx_word' id='word_1_211' title='bbox 1455 1909 1583 1953; x_wconf 84' lang='grc' dir='ltr'><em>χρέους</em></span> <span class='ocrx_word' id='word_1_212' title='bbox 1609 1908 1644 1943; x_wconf 96' lang='lat' dir='ltr'>D</span> 
     </span>
    </p>
   </div>
   <div class='ocr_carea' id='block_1_14' title="bbox 1752 1923 1832 1944">
    <p class='ocr_par' dir='ltr' id='par_1_14' title="bbox 1752 1923 1832 1944">
     <span class='ocr_line' id='line_1_26' title="bbox 1752 1923 1832 1944; baseline 0 -1"><span class='ocrx_word' id='word_1_213' title='bbox 1752 1923 1832 1944; x_wconf 73' lang='grc' dir='ltr'><strong><em>κατ’·</em></strong></span> 
     </span>
    </p>
   </div>
   <div class='ocr_carea' id='block_1_15' title="bbox 410 1953 1832 2144">
    <p class='ocr_par' dir='ltr' id='par_1_15' title="bbox 410 1953 1832 2144">
     <span class='ocr_line' id='line_1_27' title="bbox 410 1953 1830 2001; baseline 0.001 -12"><span class='ocrx_word' id='word_1_214' title='bbox 410 1955 611 2000; x_wconf 81' lang='grc' dir='ltr'><em>ειργμένους</em></span> <span class='ocrx_word' id='word_1_215' title='bbox 637 1955 685 2000; x_wconf 86' lang='lat' dir='ltr'><em>p*</em></span> <span class='ocrx_word' id='word_1_216' title='bbox 812 1953 1012 2001; x_wconf 56' lang='lat' dir='ltr'><em>dchanae&amp;</em></span> <span class='ocrx_word' id='word_1_217' title='bbox 1038 1955 1073 1989; x_wconf 93' lang='lat' dir='ltr'>D</span> <span class='ocrx_word' id='word_1_218' title='bbox 1195 1956 1216 1991; x_wconf 82' lang='lat'>7</span> <span class='ocrx_word' id='word_1_219' title='bbox 1242 1955 1423 1994; x_wconf 83' lang='grc' dir='ltr'><em>ἀποτιννὺς</em></span> <span class='ocrx_word' id='word_1_220' title='bbox 1447 1955 1527 1999; x_wconf 90' lang='lat' dir='ltr'><em>AR,</em></span> <span class='ocrx_word' id='word_1_221' title='bbox 1554 1956 1737 1995; x_wconf 85' lang='grc' dir='ltr'><em>ἀποτύννις</em></span> <span class='ocrx_word' id='word_1_222' title='bbox 1763 1956 1830 2000; x_wconf 81' lang='lat' dir='ltr'><em>W*,</em></span> 
     </span>
     <span class='ocr_line' id='line_1_28' title="bbox 410 2002 1832 2048; baseline 0.001 -10"><span class='ocrx_word' id='word_1_223' title='bbox 410 2002 602 2041; x_wconf 84' lang='grc' dir='ltr'><em>ἇποτύννυς</em></span> <span class='ocrx_word' id='word_1_224' title='bbox 623 2002 671 2048; x_wconf 77' lang='lat' dir='ltr'><em>p*</em></span> <span class='ocrx_word' id='word_1_225' title='bbox 769 2003 799 2038; x_wconf 82' lang='lat'><em>7.</em></span> <span class='ocrx_word' id='word_1_226' title='bbox 815 2003 837 2037; x_wconf 89' lang='lat'>8</span> <span class='ocrx_word' id='word_1_227' title='bbox 856 2003 1014 2038; x_wconf 86' lang='grc' dir='ltr'><em>διάδοσιν</em></span> <span class='ocrx_word' id='word_1_228' title='bbox 1033 2006 1127 2038; x_wconf 78' lang='lat' dir='ltr'><strong>ante</strong></span> <span class='ocrx_word' id='word_1_229' title='bbox 1144 2004 1338 2048; x_wconf 83' lang='grc' dir='ltr'><em>χρημάτων</em></span> <span class='ocrx_word' id='word_1_230' title='bbox 1356 2003 1391 2037; x_wconf 95' lang='lat' dir='ltr'>D</span> <span class='ocrx_word' id='word_1_231' title='bbox 1483 2004 1524 2038; x_wconf 91' lang='grc'><em>11</em></span> <span class='ocrx_word' id='word_1_232' title='bbox 1545 2004 1832 2048; x_wconf 86' lang='grc' dir='ltr'><em>συνεληλύθησαν</em></span> 
     </span>
     <span class='ocr_line' id='line_1_29' title="bbox 410 2049 1829 2096; baseline 0.001 -12"><span class='ocrx_word' id='word_1_233' title='bbox 410 2049 445 2084; x_wconf 89' lang='grc' dir='ltr'><strong>Α</strong></span> <span class='ocrx_word' id='word_1_234' title='bbox 473 2050 647 2092; x_wconf 78' lang='grc' dir='ltr'><em>(ἐλθόντες</em></span> <span class='ocrx_word' id='word_1_235' title='bbox 674 2049 788 2086; x_wconf 78' lang='lat' dir='ltr'><strong>Cedr.</strong></span> <span class='ocrx_word' id='word_1_236' title='bbox 816 2049 1004 2095; x_wconf 81' lang='lat' dir='ltr'><strong>(Seylitz.)</strong></span> <span class='ocrx_word' id='word_1_237' title='bbox 1032 2051 1069 2084; x_wconf 90' lang='lat' dir='ltr'><em>II</em></span> <span class='ocrx_word' id='word_1_238' title='bbox 1100 2062 1137 2096; x_wconf 88' lang='lat' dir='ltr'><em>p.</em></span> <span class='ocrx_word' id='word_1_239' title='bbox 1162 2051 1242 2094; x_wconf 82' lang='lat'><strong>486,</strong></span> <span class='ocrx_word' id='word_1_240' title='bbox 1270 2051 1341 2095; x_wconf 85' lang='grc'>20),</span> <span class='ocrx_word' id='word_1_241' title='bbox 1382 2051 1631 2096; x_wconf 83' lang='grc' dir='ltr'><em>συνηλάθησαν</em></span> <span class='ocrx_word' id='word_1_242' title='bbox 1662 2051 1829 2096; x_wconf 74' lang='lat' dir='ltr'>prDl&#39;‚</span> 
     </span>
     <span class='ocr_line' id='line_1_30' title="bbox 411 2098 1829 2144; baseline 0.001 -12"><span class='ocrx_word' id='word_1_243' title='bbox 411 2108 513 2133; x_wconf 78' lang='lat' dir='ltr'><strong>corr.</strong></span> <span class='ocrx_word' id='word_1_244' title='bbox 527 2098 642 2133; x_wconf 89' lang='lat' dir='ltr'><em>B-W</em></span> <span class='ocrx_word' id='word_1_245' title='bbox 731 2098 855 2133; x_wconf 80' lang='grc' dir='ltr'><em>ἑαυτοῦ</em></span> <span class='ocrx_word' id='word_1_246' title='bbox 876 2098 912 2132; x_wconf 95' lang='lat' dir='ltr'>D</span> <span class='ocrx_word' id='word_1_247' title='bbox 1012 2098 1055 2132; x_wconf 80' lang='grc'><em>12</em></span> <span class='ocrx_word' id='word_1_248' title='bbox 1079 2098 1236 2143; x_wconf 89' lang='grc' dir='ltr'><em>πηρώσει</em></span> <span class='ocrx_word' id='word_1_249' title='bbox 1257 2098 1292 2132; x_wconf 93' lang='lat' dir='ltr'>D</span> <span class='ocrx_word' id='word_1_250' title='bbox 1392 2098 1436 2132; x_wconf 84' lang='lat'><em>14</em></span> <span class='ocrx_word' id='word_1_251' title='bbox 1459 2099 1670 2142; x_wconf 83' lang='grc' dir='ltr'><em>προυσιάνος</em></span> <span class='ocrx_word' id='word_1_252' title='bbox 1684 2098 1829 2144; x_wconf 84' lang='lat' dir='ltr'><em>Apr,</em></span> 
     </span>
    </p>
   </div>
   <div class='ocr_carea' id='block_1_16' title="bbox 408 2144 1708 2239">
    <p class='ocr_par' dir='ltr' id='par_1_16' title="bbox 408 2144 1708 2239">
     <span class='ocr_line' id='line_1_31' title="bbox 409 2144 1708 2191; baseline 0 -11"><span class='ocrx_word' id='word_1_253' title='bbox 409 2146 600 2190; x_wconf 82' lang='grc' dir='ltr'><em>πρασίανος</em></span> <span class='ocrx_word' id='word_1_254' title='bbox 627 2146 668 2190; x_wconf 89' lang='grc' dir='ltr'><em>Ε,</em></span> <span class='ocrx_word' id='word_1_255' title='bbox 694 2150 882 2190; x_wconf 86' lang='grc' dir='ltr'><em>προσιᾶνος</em></span> <span class='ocrx_word' id='word_1_256' title='bbox 910 2145 955 2190; x_wconf 94' lang='lat' dir='ltr'><em>D,</em></span> <span class='ocrx_word' id='word_1_257' title='bbox 981 2146 1205 2190; x_wconf 84' lang='grc' dir='ltr'><em>ῙῙρουσιανὸς</em></span> <span class='ocrx_word' id='word_1_258' title='bbox 1231 2144 1298 2190; x_wconf 78' lang='lat' dir='ltr'><em>Di,</em></span> <span class='ocrx_word' id='word_1_259' title='bbox 1326 2157 1363 2180; x_wconf 90' lang='lat' dir='ltr'><em>v.</em></span> <span class='ocrx_word' id='word_1_260' title='bbox 1390 2146 1442 2180; x_wconf 81' lang='lat' dir='ltr'><em>ad</em></span> <span class='ocrx_word' id='word_1_261' title='bbox 1468 2146 1580 2181; x_wconf 91' lang='lat' dir='ltr'><strong>XVII</strong></span> <span class='ocrx_word' id='word_1_262' title='bbox 1605 2146 1638 2191; x_wconf 83' lang='lat'><em>9,</em></span> <span class='ocrx_word' id='word_1_263' title='bbox 1662 2146 1708 2181; x_wconf 90' lang='grc'><em>22</em></span> 
     </span>
     <span class='ocr_line' id='line_1_32' title="bbox 408 2192 1553 2239; baseline 0.001 -11"><span class='ocrx_word' id='word_1_264' title='bbox 408 2193 602 2239; x_wconf 85' lang='grc' dir='ltr'><em>βούλγαρος</em></span> <span class='ocrx_word' id='word_1_265' title='bbox 629 2203 704 2228; x_wconf 90' lang='lat' dir='ltr'><em>om.</em></span> <span class='ocrx_word' id='word_1_266' title='bbox 732 2192 764 2229; x_wconf 92' lang='lat' dir='ltr'>O</span> <span class='ocrx_word' id='word_1_267' title='bbox 864 2193 907 2229; x_wconf 80' lang='grc'><em>17</em></span> <span class='ocrx_word' id='word_1_268' title='bbox 931 2194 1071 2238; x_wconf 86' lang='grc' dir='ltr'><em>πέτριον</em></span> <span class='ocrx_word' id='word_1_269' title='bbox 1097 2193 1193 2239; x_wconf 88' lang='lat' dir='ltr'><em>Ewp</em></span> <span class='ocrx_word' id='word_1_270' title='bbox 1293 2194 1337 2229; x_wconf 89' lang='grc'><em>18</em></span> <span class='ocrx_word' id='word_1_271' title='bbox 1362 2193 1500 2239; x_wconf 84' lang='grc' dir='ltr'><em>ἀδελφῆ</em></span> <span class='ocrx_word' id='word_1_272' title='bbox 1525 2193 1553 2229; x_wconf 92' lang='lat' dir='ltr'>C</span> 
     </span>
    </p>
   </div>
   <div class='ocr_carea' id='block_1_17' title="bbox 1810 2147 1832 2180">
    <p class='ocr_par' dir='ltr' id='par_1_17' title="bbox 1810 2147 1832 2180">
     <span class='ocr_line' id='line_1_33' title="bbox 1810 2147 1832 2180; baseline 0 0"><span class='ocrx_word' id='word_1_273' title='bbox 1810 2147 1832 2180; x_wconf 83' lang='grc' dir='ltr'>ὁ</span> 
     </span>
    </p>
   </div>
   <div class='ocr_carea' id='block_1_18' title="bbox 301 2335 1832 2951">
    <p class='ocr_par' dir='ltr' id='par_1_18' title="bbox 301 2335 1832 2951">
     <span class='ocr_line' id='line_1_34' title="bbox 339 2335 1831 2382; baseline 0 -11"><span class='ocrx_word' id='word_1_274' title='bbox 339 2336 451 2372; x_wconf 90' lang='lat' dir='ltr'><strong>ribus</strong></span> <span class='ocrx_word' id='word_1_275' title='bbox 477 2346 653 2382; x_wconf 82' lang='lat' dir='ltr'><strong>magnae</strong></span> <span class='ocrx_word' id='word_1_276' title='bbox 680 2335 874 2372; x_wconf 82' lang='lat' dir='ltr'><strong>ecclesiae</strong></span> <span class='ocrx_word' id='word_1_277' title='bbox 907 2336 1110 2371; x_wconf 81' lang='lat' dir='ltr'><strong>attributis</strong></span> <span class='ocrx_word' id='word_1_278' title='bbox 1141 2336 1296 2381; x_wconf 84' lang='lat' dir='ltr'><strong>regiam</strong></span> <span class='ocrx_word' id='word_1_279' title='bbox 1329 2346 1545 2372; x_wconf 86' lang='lat' dir='ltr'><strong>aureorum</strong></span> <span class='ocrx_word' id='word_1_280' title='bbox 1576 2336 1831 2381; x_wconf 80' lang='lat' dir='ltr'><strong>larg-itionem</strong></span> 
     </span>
     <span class='ocr_line' id='line_1_35' title="bbox 339 2383 1832 2428; baseline -0.001 -9"><span class='ocrx_word' id='word_1_281' title='bbox 339 2394 361 2419; x_wconf 87' lang='lat' dir='ltr'><strong>e</strong></span> <span class='ocrx_word' id='word_1_282' title='bbox 387 2384 484 2419; x_wconf 86' lang='lat' dir='ltr'><strong>fisco</strong></span> <span class='ocrx_word' id='word_1_283' title='bbox 511 2384 634 2418; x_wconf 87' lang='lat' dir='ltr'><strong>tribui</strong></span> <span class='ocrx_word' id='word_1_284' title='bbox 659 2383 815 2418; x_wconf 87' lang='lat' dir='ltr'><strong>solitam</strong></span> <span class='ocrx_word' id='word_1_285' title='bbox 842 2383 1022 2427; x_wconf 78' lang='lat' dir='ltr'>adauxit,</span> <span class='ocrx_word' id='word_1_286' title='bbox 1062 2394 1153 2419; x_wconf 82' lang='lat' dir='ltr'><strong>eum</strong></span> <span class='ocrx_word' id='word_1_287' title='bbox 1180 2385 1299 2419; x_wconf 86' lang='lat' dir='ltr'><strong>sciret</strong></span> <span class='ocrx_word' id='word_1_288' title='bbox 1325 2384 1365 2418; x_wconf 93' lang='lat' dir='ltr'><strong>id</strong></span> <span class='ocrx_word' id='word_1_289' title='bbox 1395 2383 1639 2428; x_wconf 85' lang='lat' dir='ltr'><strong>stipendium</strong></span> <span class='ocrx_word' id='word_1_290' title='bbox 1670 2384 1717 2418; x_wconf 92' lang='lat' dir='ltr'><em>iis</em></span> <span class='ocrx_word' id='word_1_291' title='bbox 1749 2394 1832 2418; x_wconf 90' lang='lat' dir='ltr'><em>non</em></span> 
     </span>
     <span class='ocr_line' id='line_1_36' title="bbox 303 2429 1832 2476; baseline -0.001 -10"><span class='ocrx_word' id='word_1_292' title='bbox 303 2431 325 2466; x_wconf 82' lang='lat'><strong>2</strong></span> <span class='ocrx_word' id='word_1_293' title='bbox 340 2431 534 2475; x_wconf 87' lang='lat' dir='ltr'><strong>sufficere,</strong></span> <span class='ocrx_word' id='word_1_294' title='bbox 562 2432 658 2476; x_wconf 85' lang='lat' dir='ltr'><strong>quia</strong></span> <span class='ocrx_word' id='word_1_295' title='bbox 677 2431 896 2475; x_wconf 87' lang='lat' dir='ltr'><strong>aliquando</strong></span> <span class='ocrx_word' id='word_1_296' title='bbox 916 2431 1028 2466; x_wconf 87' lang='lat' dir='ltr'>aedis</span> <span class='ocrx_word' id='word_1_297' title='bbox 1047 2429 1083 2467; x_wconf 83' lang='lat' dir='ltr'><em>S.</em></span> <span class='ocrx_word' id='word_1_298' title='bbox 1111 2430 1285 2476; x_wconf 80' lang='lat' dir='ltr'>Sophiae</span> <span class='ocrx_word' id='word_1_299' title='bbox 1305 2441 1549 2466; x_wconf 82' lang='lat' dir='ltr'><strong>oeconomus</strong></span> <span class='ocrx_word' id='word_1_300' title='bbox 1568 2432 1711 2475; x_wconf 84' lang='lat' dir='ltr'><strong>fuerat,</strong></span> <span class='ocrx_word' id='word_1_301' title='bbox 1736 2441 1832 2476; x_wconf 91' lang='lat' dir='ltr'><strong>quo-</strong></span> 
     </span>
     <span class='ocr_line' id='line_1_37' title="bbox 338 2479 1830 2524; baseline 0 -11"><span class='ocrx_word' id='word_1_302' title='bbox 338 2480 446 2514; x_wconf 83' lang='lat' dir='ltr'><strong>niam</strong></span> <span class='ocrx_word' id='word_1_303' title='bbox 480 2479 520 2513; x_wconf 90' lang='lat' dir='ltr'><strong>id</strong></span> <span class='ocrx_word' id='word_1_304' title='bbox 555 2488 702 2514; x_wconf 89' lang='lat' dir='ltr'><strong>munus</strong></span> <span class='ocrx_word' id='word_1_305' title='bbox 736 2479 855 2513; x_wconf 88' lang='lat' dir='ltr'><strong>huius</strong></span> <span class='ocrx_word' id='word_1_306' title='bbox 893 2479 1088 2514; x_wconf 81' lang='lat' dir='ltr'><strong>ecelesiae</strong></span> <span class='ocrx_word' id='word_1_307' title='bbox 1127 2479 1178 2514; x_wconf 90' lang='lat' dir='ltr'><em>ab</em></span> <span class='ocrx_word' id='word_1_308' title='bbox 1217 2489 1316 2524; x_wconf 81' lang='lat' dir='ltr'><strong>rege</strong></span> <span class='ocrx_word' id='word_1_309' title='bbox 1354 2479 1465 2524; x_wconf 88' lang='lat' dir='ltr'><strong>prius</strong></span> <span class='ocrx_word' id='word_1_310' title='bbox 1504 2479 1659 2513; x_wconf 87' lang='lat' dir='ltr'><strong>solebat</strong></span> <span class='ocrx_word' id='word_1_311' title='bbox 1696 2479 1830 2513; x_wconf 90' lang='lat' dir='ltr'><strong>tribui.</strong></span> 
     </span>
     <span class='ocr_line' id='line_1_38' title="bbox 302 2525 1830 2571; baseline -0.001 -10"><span class='ocrx_word' id='word_1_312' title='bbox 302 2525 399 2561; x_wconf 74' lang='lat'><em>301&gt;</em></span> <span class='ocrx_word' id='word_1_313' title='bbox 427 2536 496 2561; x_wconf 81' lang='lat' dir='ltr'><strong>aes</strong></span> <span class='ocrx_word' id='word_1_314' title='bbox 522 2526 698 2561; x_wconf 88' lang='lat' dir='ltr'><strong>alienum</strong></span> <span class='ocrx_word' id='word_1_315' title='bbox 725 2526 811 2561; x_wconf 90' lang='lat' dir='ltr'><strong>sive</strong></span> <span class='ocrx_word' id='word_1_316' title='bbox 836 2526 1043 2571; x_wconf 79' lang='lat' dir='ltr'><strong>publicum</strong></span> <span class='ocrx_word' id='word_1_317' title='bbox 1070 2526 1156 2561; x_wconf 90' lang='lat' dir='ltr'><strong>sive</strong></span> <span class='ocrx_word' id='word_1_318' title='bbox 1173 2527 1376 2571; x_wconf 90' lang='lat' dir='ltr'><strong>privatum</strong></span> <span class='ocrx_word' id='word_1_319' title='bbox 1394 2536 1522 2560; x_wconf 88' lang='lat' dir='ltr'><strong>nexos</strong></span> <span class='ocrx_word' id='word_1_320' title='bbox 1540 2526 1737 2568; x_wconf 86' lang='lat' dir='ltr'><strong>liberavit,</strong></span> <span class='ocrx_word' id='word_1_321' title='bbox 1763 2526 1830 2560; x_wconf 90' lang='lat' dir='ltr'><strong>illo</strong></span> 
     </span>
     <span class='ocr_line' id='line_1_39' title="bbox 301 2572 1831 2619; baseline 0 -11"><span class='ocrx_word' id='word_1_322' title='bbox 301 2573 325 2608; x_wconf 91' lang='lat'>4</span> <span class='ocrx_word' id='word_1_323' title='bbox 340 2574 503 2617; x_wconf 83' lang='lat' dir='ltr'><strong>abolito,</strong></span> <span class='ocrx_word' id='word_1_324' title='bbox 543 2574 618 2608; x_wconf 82' lang='lat' dir='ltr'><em>hoc</em></span> <span class='ocrx_word' id='word_1_325' title='bbox 645 2574 794 2618; x_wconf 80' lang='lat' dir='ltr'><strong>solut03</strong></span> <span class='ocrx_word' id='word_1_326' title='bbox 821 2583 893 2618; x_wconf 90' lang='lat' dir='ltr'><em>pro</em></span> <span class='ocrx_word' id='word_1_327' title='bbox 920 2583 1019 2619; x_wconf 82' lang='lat' dir='ltr'><strong>rege</strong></span> <span class='ocrx_word' id='word_1_328' title='bbox 1038 2572 1300 2608; x_wconf 85' lang='lat' dir='ltr'><strong>Constantino</strong></span> <span class='ocrx_word' id='word_1_329' title='bbox 1321 2583 1460 2608; x_wconf 85' lang='lat' dir='ltr'><strong>socero</strong></span> <span class='ocrx_word' id='word_1_330' title='bbox 1478 2574 1695 2608; x_wconf 85' lang='lat' dir='ltr'><strong>maximam</strong></span> <span class='ocrx_word' id='word_1_331' title='bbox 1715 2583 1831 2618; x_wconf 81' lang='lat' dir='ltr'><strong>pecu-</strong></span> 
     </span>
     <span class='ocr_line' id='line_1_40' title="bbox 339 2621 1830 2666; baseline 0.001 -11"><span class='ocrx_word' id='word_1_332' title='bbox 339 2622 446 2655; x_wconf 82' lang='lat' dir='ltr'><strong>niam</strong></span> <span class='ocrx_word' id='word_1_333' title='bbox 466 2621 678 2665; x_wconf 80' lang='lat' dir='ltr'><strong>distribuit,</strong></span> <span class='ocrx_word' id='word_1_334' title='bbox 705 2621 898 2666; x_wconf 90' lang='lat' dir='ltr'><strong>plurimos</strong></span> <span class='ocrx_word' id='word_1_335' title='bbox 925 2621 1108 2666; x_wconf 81' lang='lat' dir='ltr'><strong>captivos</strong></span> <span class='ocrx_word' id='word_1_336' title='bbox 1133 2621 1311 2664; x_wconf 82' lang='lat' dir='ltr'><strong>redemit,</strong></span> <span class='ocrx_word' id='word_1_337' title='bbox 1339 2621 1550 2666; x_wconf 85' lang='lat' dir='ltr'><strong>episcopos</strong></span> <span class='ocrx_word' id='word_1_338' title='bbox 1576 2631 1648 2665; x_wconf 85' lang='lat' dir='ltr'><strong>per</strong></span> <span class='ocrx_word' id='word_1_339' title='bbox 1673 2621 1830 2657; x_wconf 86' lang='lat' dir='ltr'><strong>allelen-</strong></span> 
     </span>
     <span class='ocr_line' id='line_1_41' title="bbox 338 2668 1830 2713; baseline -0.001 -10"><span class='ocrx_word' id='word_1_340' title='bbox 338 2678 465 2713; x_wconf 80' lang='lat' dir='ltr'><strong>gyum</strong></span> <span class='ocrx_word' id='word_1_341' title='bbox 498 2668 550 2702; x_wconf 85' lang='lat' dir='ltr'><em>ad</em></span> <span class='ocrx_word' id='word_1_342' title='bbox 585 2671 807 2713; x_wconf 82' lang='lat' dir='ltr'><strong>egestatem</strong></span> <span class='ocrx_word' id='word_1_343' title='bbox 839 2668 1026 2703; x_wconf 83' lang='lat' dir='ltr'><strong>redactos</strong></span> <span class='ocrx_word' id='word_1_344' title='bbox 1062 2669 1313 2712; x_wconf 84' lang='lat' dir='ltr'><strong>refocillavit,</strong></span> <span class='ocrx_word' id='word_1_345' title='bbox 1353 2669 1421 2713; x_wconf 89' lang='lat' dir='ltr'><strong>qui</strong></span> <span class='ocrx_word' id='word_1_346' title='bbox 1453 2678 1477 2702; x_wconf 88' lang='lat' dir='ltr'><strong>a</strong></span> <span class='ocrx_word' id='word_1_347' title='bbox 1509 2668 1699 2702; x_wconf 80' lang='lat' dir='ltr'><strong>defuneto</strong></span> <span class='ocrx_word' id='word_1_348' title='bbox 1731 2678 1830 2713; x_wconf 82' lang='lat' dir='ltr'><strong>rege</strong></span> 
     </span>
     <span class='ocr_line' id='line_1_42' title="bbox 339 2715 1829 2761; baseline -0.001 -11"><span class='ocrx_word' id='word_1_349' title='bbox 339 2717 425 2750; x_wconf 88' lang='lat' dir='ltr'><strong>sive</strong></span> <span class='ocrx_word' id='word_1_350' title='bbox 453 2726 623 2760; x_wconf 79' lang='lat' dir='ltr'><strong>corpore</strong></span> <span class='ocrx_word' id='word_1_351' title='bbox 648 2715 831 2750; x_wconf 83' lang='lat' dir='ltr'><strong>mutilato</strong></span> <span class='ocrx_word' id='word_1_352' title='bbox 858 2716 944 2751; x_wconf 85' lang='lat' dir='ltr'><strong>sive</strong></span> <span class='ocrx_word' id='word_1_353' title='bbox 970 2716 1086 2751; x_wconf 88' lang='lat' dir='ltr'><strong>bonis</strong></span> <span class='ocrx_word' id='word_1_354' title='bbox 1109 2716 1322 2761; x_wconf 88' lang='lat' dir='ltr'><strong>publicatis</strong></span> <span class='ocrx_word' id='word_1_355' title='bbox 1340 2717 1425 2750; x_wconf 90' lang='lat' dir='ltr'><strong>sive</strong></span> <span class='ocrx_word' id='word_1_356' title='bbox 1444 2716 1530 2749; x_wconf 84' lang='lat' dir='ltr'><strong>aliis</strong></span> <span class='ocrx_word' id='word_1_357' title='bbox 1549 2715 1677 2750; x_wconf 88' lang='lat' dir='ltr'><strong>modis</strong></span> <span class='ocrx_word' id='word_1_358' title='bbox 1695 2715 1829 2750; x_wconf 86' lang='lat' dir='ltr'><strong>afflicti</strong></span> 
     </span>
     <span class='ocr_line' id='line_1_43' title="bbox 303 2762 1829 2808; baseline 0.001 -11"><span class='ocrx_word' id='word_1_359' title='bbox 303 2763 324 2797; x_wconf 75' lang='lat'>5</span> <span class='ocrx_word' id='word_1_360' title='bbox 340 2767 466 2807; x_wconf 82' lang='lat' dir='ltr'><strong>erant,</strong></span> <span class='ocrx_word' id='word_1_361' title='bbox 502 2763 732 2798; x_wconf 84' lang='lat' dir='ltr'><strong>consolatus</strong></span> <span class='ocrx_word' id='word_1_362' title='bbox 758 2766 828 2798; x_wconf 86' lang='lat' dir='ltr'><strong>est.</strong></span> <span class='ocrx_word' id='word_1_363' title='bbox 884 2762 963 2798; x_wconf 84' lang='lat' dir='ltr'><strong>Sed</strong></span> <span class='ocrx_word' id='word_1_364' title='bbox 989 2763 1225 2808; x_wconf 82' lang='lat' dir='ltr'><strong>magistrum</strong></span> <span class='ocrx_word' id='word_1_365' title='bbox 1253 2763 1493 2797; x_wconf 84' lang='lat' dir='ltr'><strong>Prusianum</strong></span> <span class='ocrx_word' id='word_1_366' title='bbox 1520 2762 1741 2808; x_wconf 81' lang='lat' dir='ltr'><strong>Bulgarum</strong></span> <span class='ocrx_word' id='word_1_367' title='bbox 1767 2773 1829 2798; x_wconf 89' lang='lat' dir='ltr'><em>su-</em></span> 
     </span>
     <span class='ocr_line' id='line_1_44' title="bbox 339 2809 1827 2855; baseline 0.001 -11"><span class='ocrx_word' id='word_1_368' title='bbox 339 2814 530 2855; x_wconf 87' lang='lat' dir='ltr'><strong>spectum,</strong></span> <span class='ocrx_word' id='word_1_369' title='bbox 559 2811 674 2855; x_wconf 87' lang='lat' dir='ltr'><strong>quasi</strong></span> <span class='ocrx_word' id='word_1_370' title='bbox 693 2810 941 2845; x_wconf 82' lang='lat' dir='ltr'><strong>clandestina</strong></span> <span class='ocrx_word' id='word_1_371' title='bbox 962 2820 1053 2845; x_wconf 87' lang='lat' dir='ltr'><strong>eum</strong></span> <span class='ocrx_word' id='word_1_372' title='bbox 1071 2810 1297 2854; x_wconf 84' lang='lat' dir='ltr'><strong>Theodora,</strong></span> <span class='ocrx_word' id='word_1_373' title='bbox 1324 2810 1423 2845; x_wconf 73' lang='lat' dir='ltr'><strong>Zoes</strong></span> <span class='ocrx_word' id='word_1_374' title='bbox 1441 2809 1653 2855; x_wconf 84' lang='lat' dir='ltr'><strong>Augustae</strong></span> <span class='ocrx_word' id='word_1_375' title='bbox 1679 2820 1827 2853; x_wconf 88' lang='lat' dir='ltr'><strong>sorore,</strong></span> 
     </span>
     <span class='ocr_line' id='line_1_45' title="bbox 340 2857 1828 2902; baseline 0.001 -11"><span class='ocrx_word' id='word_1_376' title='bbox 340 2857 506 2892; x_wconf 85' lang='lat' dir='ltr'><strong>consilia</strong></span> <span class='ocrx_word' id='word_1_377' title='bbox 533 2857 700 2892; x_wconf 86' lang='lat' dir='ltr'><strong>haberet</strong></span> <span class='ocrx_word' id='word_1_378' title='bbox 725 2867 937 2902; x_wconf 85' lang='lat' dir='ltr'><strong>regnoque</strong></span> <span class='ocrx_word' id='word_1_379' title='bbox 960 2858 1144 2900; x_wconf 89' lang='lat' dir='ltr'><strong>inhiaret,</strong></span> <span class='ocrx_word' id='word_1_380' title='bbox 1179 2858 1512 2902; x_wconf 76' lang='lat' dir='ltr'><strong>comprehensum</strong></span> <span class='ocrx_word' id='word_1_381' title='bbox 1538 2859 1579 2892; x_wconf 91' lang='lat' dir='ltr'><strong>in</strong></span> <span class='ocrx_word' id='word_1_382' title='bbox 1606 2857 1828 2892; x_wconf 87' lang='lat' dir='ltr'><strong>custodiam</strong></span> 
     </span>
     <span class='ocr_line' id='line_1_46' title="bbox 303 2904 1829 2951; baseline 0 -11"><span class='ocrx_word' id='word_1_383' title='bbox 303 2904 449 2940; x_wconf 81' lang='lat' dir='ltr'><strong>ssdedit</strong></span> <span class='ocrx_word' id='word_1_384' title='bbox 475 2915 523 2939; x_wconf 81' lang='lat' dir='ltr'><em>ac</em></span> <span class='ocrx_word' id='word_1_385' title='bbox 548 2909 689 2951; x_wconf 89' lang='lat' dir='ltr'><strong>postea</strong></span> <span class='ocrx_word' id='word_1_386' title='bbox 715 2906 908 2940; x_wconf 80' lang='lat' dir='ltr'><strong>caecavit.</strong></span> <span class='ocrx_word' id='word_1_387' title='bbox 959 2904 1213 2940; x_wconf 87' lang='lat' dir='ltr'><strong>Theodoram</strong></span> <span class='ocrx_word' id='word_1_388' title='bbox 1232 2906 1273 2940; x_wconf 88' lang='lat' dir='ltr'><strong>in</strong></span> <span class='ocrx_word' id='word_1_389' title='bbox 1290 2904 1467 2940; x_wconf 84' lang='lat' dir='ltr'><strong>Petrium</strong></span> <span class='ocrx_word' id='word_1_390' title='bbox 1495 2905 1705 2951; x_wconf 84' lang='lat' dir='ltr'><strong>relegavit,</strong></span> <span class='ocrx_word' id='word_1_391' title='bbox 1731 2904 1829 2940; x_wconf 92' lang='lat' dir='ltr'><strong>Con-</strong></span> 
     </span>
    </p>
   </div>
  </div>
 </body>
</html>
