2054 3282
346 242 416 278 618
739 243 920 281 ZONAR.
948 243 1077 279 EPIT.
1105 243 1215 279 XVII
1240 243 1297 288 21,
1323 243 1450 280 8—19.

345 371 407 419 τῷ
437 366 494 412 εἰς
523 365 569 407 τὸ
592 366 829 420 Δυρράχιον
851 367 1018 419 ἄρχοντι
1040 370 1100 419 τῷ
1121 365 1330 419 Στεφάνῳ
1352 365 1594 420 συμβαλεῖν·
1626 367 1696 408 καὶ
1716 371 1838 410 τοῦτο

310 434 425 488 9γὰρ
464 435 487 475 ὁ
527 435 793 488 Βοϊσθλάβος
831 434 1067 488 ὠνόμαστο.
1131 434 1155 474 ὁ
1196 433 1240 474 δὲ
1279 434 1463 488 ἀτέχνως
1506 435 1748 490 ἐγχειρήσας
1789 441 1839 492 τῇ

345 502 453 556 πρὸς
485 503 641 544 ἐκεῖνον
662 503 776 557 μάχῃ
814 502 882 557 (ἦν
914 502 992 556 γὰρ
1025 507 1297 556 στρατηγικῆς
1329 502 1541 556 ἐμπειρίας
1572 503 1836 559 ἄμέθεκτος),

344 572 528 625 μεγάλης
548 576 633 616 τοῖς
653 571 741 625 μετ’
765 572 893 612 αὐτοῦ
927 572 1266 625 στρατευομένοις
1297 571 1454 624 ἐγένετο
1486 571 1701 625 παραίτιος
1731 588 1836 628 συμ-

345 643 497 693 φορᾶς,
543 638 668 684 αὐτὸς
709 638 787 692 μὲν
828 639 948 692 μόλις
986 639 1088 692 μετὰ
1126 640 1324 694 βραχέων
1364 640 1531 694 σωθείς,
1575 639 1622 682 τὸ
1662 638 1699 682 δ’
1737 641 1873 683 ἅλλοό

345 708 577 761 στράτευμα
618 707 788 761 σύμπαν
826 708 1126 762 καταστρώσας
1169 709 1262 756 ἐκεῖ,
1305 708 1414 762 μηδὲ
1457 709 1560 763 χειρὶ
1604 709 1838 764 δυνάμενον

345 776 585 830 χρήσασθαι
616 775 686 816 καὶ
717 775 813 822 τοὺς
844 776 1060 829 ἀναιρέτας
1092 777 1344 830 ἀμύνασθαι.

227 845 257 880 Β
289 847 332 881 10
472 844 534 886 Τὰ
565 844 643 898 μὲν
675 843 751 886 οὖν
781 844 886 885 κατὰ
918 844 964 886 τὸ
991 845 1217 899 Ἰλλυρικὸν
1254 849 1400 887 τοῦτον
1437 847 1531 901 ἔσχε
1560 846 1632 888 τὸν
1661 847 1835 902 τρόπον·

346 914 370 954 ὁ
403 913 448 955 δὲ
479 914 744 967 ΙΙΙονομάχος
786 912 859 967 (εἷς
895 913 942 954 τὰ
975 911 1064 954 κατ’
1099 913 1216 955 οἷκον
1249 914 1327 968 γὰρ
1360 915 1477 969 αὐτῷ
1507 915 1628 956 πάλιν
1659 916 1684 957 ὁ
1714 916 1838 971 λόγος

346 981 769 1036 ἓμφιλοχωρησάτω),
802 982 888 1023 ἐπεὶ
908 982 979 1023 καὶ
1001 983 1025 1037 ἡ
1051 983 1220 1036 δευτέρα
1243 983 1437 1029 σύνοικος
1465 985 1581 1038 αὐτῷ
1612 985 1836 1040 ἐτεθνήκει,
1853 994 1897 1029 10

346 1051 403 1097 εἷς
440 1051 574 1105 τρίτον
611 1050 689 1104 μὲν
729 1051 865 1104 γάμον
903 1051 1121 1092 ἀποκλῖναι
1159 1052 1238 1093 οὐκ
1276 1053 1447 1106 ἔκρινεν,
1494 1053 1646 1107 ἄνεψιᾷ
1685 1054 1730 1096 δὲ
1765 1059 1838 1109 τῆς

346 1120 475 1161 αὐτοῦ
498 1125 677 1174 γαμετῆς
698 1120 844 1174 χηρείᾳ
876 1120 1060 1174 συζώσῃ,
1092 1120 1234 1174 λάθρᾳ
1264 1120 1342 1174 μὲν
1371 1119 1534 1175 πρῴην,
1567 1121 1649 1163 εἶτα
1681 1122 1752 1164 καὶ
1782 1123 1839 1169 εἰς

290 1189 585 1243 11τοῧμφανὲς
623 1188 931 1242 συνεφθείρετο.
996 1189 1020 1242 ἡ
1056 1188 1101 1229 δὲ
1137 1188 1208 1230 καὶ
1238 1190 1335 1235 νέας
1365 1189 1417 1244 ἧν
1448 1190 1607 1244 ἡλικίας
1636 1190 1707 1231 καὶ
1737 1191 1838 1232 κάλ-

346 1257 445 1303 λους
476 1256 557 1311 εἷχε
587 1261 660 1298 τοῦ
693 1257 890 1311 σώματος
920 1260 1120 1310 περιττῶς
1150 1257 1221 1298 καὶ
1253 1258 1398 1311 γένους
1436 1259 1667 1312 ἐπιφανῶς·
1712 1260 1838 1314 ἐξέφυ

289 1327 333 1361 12
347 1325 426 1379 γὰρ
464 1330 537 1367 τοῦ
578 1327 816 1379 σπέρματος
851 1329 936 1367 τῶν
972 1325 1197 1380 Σκληρῶν.
1261 1327 1372 1368 οὕτω
1413 1324 1449 1368 δ’
1483 1327 1672 1382 ἀλλήλοις
1710 1329 1837 1370 ἔνετε-
1855 1335 1898 1372 15

346 1396 525 1449 τήκεσαν
561 1394 630 1435 καὶ
665 1395 776 1435 οὕτω
809 1395 946 1448 σφίσιν
978 1394 1002 1435 ὁ
1034 1396 1144 1448 ἔρως
1176 1396 1402 1448 ἒγκέκαυτο
1434 1396 1496 1442 ὡς
1527 1397 1564 1437 εἰ
1589 1396 1649 1451 μὴ
1683 1401 1839 1439 συνεῖεν

290 1464 332 1498 13
347 1463 548 1518 ἀλλήλοις,
571 1463 681 1517 μηδὲ
703 1464 778 1517 ζῆν
796 1464 933 1504 δοκεῖν
947 1461 1049 1518 μηδ’
1069 1464 1303 1518 ἀνέχεσθαι.
1338 1463 1402 1506 διὸ
1423 1465 1494 1506 καὶ
1515 1465 1754 1520 ὑπερορίαν,
1777 1466 1840 1513 ὥς

346 1594 369 1628 8
393 1593 471 1637 περὶ
498 1598 557 1629 τοῦ
584 1593 806 1638 ΙΙΙονομάχου
831 1593 890 1628 καὶ
916 1598 975 1638 τῆς
1001 1594 1227 1639 Σκληραίνης
1252 1593 1312 1629 καὶ
1339 1595 1428 1636 (om.
1456 1593 1500 1639 C)
1526 1600 1586 1630 τοῦ
1616 1595 1704 1640 πρὸς
1734 1595 1838 1642 ἀλλή-

345 1641 428 1680 λους
452 1641 583 1686 ἔρωτος
609 1640 672 1677 ΟΕ

418 1760 441 1795 ‘2
465 1760 680 1806 βοΐσθλαβος
705 1759 872 1806 BS(?)wp
1017 1759 1209 1803 ἐγχειρίσας
1235 1759 1316 1804 Rw,
1344 1761 1493 1806 ἕχειριάς
1519 1761 1566 1806 D,
1593 1762 1767 1807 ἕχειρίσας
1793 1763 1839 1809 p*

417 1819 440 1855 4
465 1820 581 1855 αὐτῶν
598 1820 634 1854 D
731 1821 753 1855 6
778 1820 863 1865 ἐκεῖ,
888 1820 992 1865 μηδὲ]
1019 1802 1178 1858 ast-„m
1205 1821 1290 1864 (sie)
1320 1820 1492 1866 [punctis
1519 1822 1713 1867 notatum]
1740 1822 1778 1858 δὲ
1802 1823 1839 1858 D

467 1905 654 1948 δυνάμεσιν
672 1904 708 1938 D
805 1905 828 1939 8
852 1903 999 1949 λυρικὸν
1018 1904 1053 1938 D
1152 1905 1174 1939 9
1198 1882 1305 1939 πάλιιὶίί
1331 1903 1366 1937 D
1466 1905 1506 1938 11
1535 1905 1732 1950 ἀποκλῖναι]
1756 1906 1840 1941 ἀπο-

419 1952 566 1997 κλυτική
593 1953 754 1997 punctis
780 1955 961 1987 notatum
990 1952 1026 1986 D
1151 1953 1288 1996 ἔκρινεν
1314 1951 1481 1997 prDi‚
1508 1953 1625 1997 ἔκρινε
1649 1952 1696 1997 Α,
1724 1965 1760 1988 V.
1788 1954 1840 1988 ad

418 1999 515 2035 XIII
542 2000 572 2042 1,
600 1999 622 2035 5
719 2000 850 2045 ἃνεψιᾷ
875 1998 1044 2045 prDi‚
1071 1999 1200 2045 ἀνεψιὰ
1225 1998 1330 2035 ACD
1439 2000 1482 2034 12
1507 2000 1613 2036 αὐτοῦ
1638 2001 1718 2046 AR,
1745 2001 1840 2046 αὐτῷ

420 2083 504 2128 w*p
547 2126 552 2130 ἡ
628 2084 754 2129 χηρείᾳ
779 2083 937 2128 συζώσῃ]
963 2062 1016 2128 xc?
1037 2110 1044 2118 .
1073 2110 1080 2118 .
1109 2111 1115 2118 .

466 2131 659 2176 ἐπιφανοῦς
687 2131 723 2165 D
858 2131 976 2176 ἐξέστη
1004 2130 1039 2165 D
1178 2131 1222 2167 15
1248 2132 1360 2170 οὕτως
1386 2130 1422 2165 D
1565 2130 1784 2178 ε’νετήῙκεσαν
1809 2132 1840 2167 Ε

422 2179 466 2214 16
491 2178 688 2214 ἓκκέκαυτο
716 2178 747 2214 Ο
846 2179 891 2214 17
917 2179 1036 2214 δοκεῖν
1060 2178 1147 2224 μηδ’
1174 2189 1248 2214 om.
1275 2178 1311 2213 D
1409 2178 1476 2224 διὸ]
1504 2180 1525 2214 ὃ
1549 2179 1585 2213 D

1143 2084 1281 2128 τυζώση
1310 2082 1345 2117 D
1474 2083 1518 2118 14
1544 2089 1748 2128 σωματικοῦ
1776 2084 1840 2120 BC

349 2295 447 2330 tiato
480 2305 553 2330 rex
584 2294 826 2340 Dyrrhachii
860 2295 1066 2340 praefecto
1103 2295 1251 2338 scribit,
1289 2298 1334 2330 ut
1367 2306 1458 2331 cum
1487 2293 1690 2341 Stephano
1733 2295 1840 2340 (nam

313 2336 390 2378 9id
417 2352 580 2388 quoque
610 2353 757 2377 nomen
785 2342 1040 2378 Boisthlabus
1072 2343 1262 2387 habebat)
1297 2343 1595 2388 congrediatur.
1647 2342 1723 2385 Qui
1749 2353 1839 2378 cum

349 2400 530 2436 pugnam
561 2393 712 2425 temere
740 2390 1001 2426 commisisset
1038 2390 1186 2436 (neque
1213 2391 1317 2426 enim
1345 2392 1441 2426 artis
1466 2391 1750 2435 imperatoriae
1775 2401 1841 2436 pe-

348 2439 481 2473 ritiam
513 2437 715 2482 habebat),
754 2448 849 2473 suos
880 2438 1025 2473 milites
1055 2439 1096 2472 in
1128 2449 1318 2483 magnam
1352 2439 1504 2473 cladem
1535 2438 1717 2481 coniecit,
1755 2439 1840 2483 ipse

350 2496 441 2520 cum
467 2486 607 2530 paucis
634 2495 759 2530 aegre
787 2486 959 2531 elapsus,
985 2486 1139 2531 reliquo
1169 2486 1350 2521 exercitu
1377 2486 1483 2521 omni
1509 2485 1587 2520 illic
1614 2495 1744 2530 caeso,
1772 2486 1840 2531 qui

348 2543 425 2568 nec
450 2533 636 2568 manibus
662 2533 721 2568 uti
747 2543 823 2568 nec
848 2534 1127 2569 interfectores
1153 2533 1291 2568 ulcisci
1318 2534 1459 2579 potuit.

291 2575 336 2609 10
467 2580 580 2615 Haec
604 2581 647 2615 in
672 2580 832 2625 Illyrico
865 2583 982 2626 gesta
1013 2583 1123 2624 sunt3
1161 2580 1448 2616 Monomachus
1481 2583 1614 2615 autem
1649 2580 1756 2624 (nam
1790 2580 1840 2615 de

349 2628 471 2663 rebus
490 2629 576 2663 eius
596 2628 823 2663 domesticis
843 2628 1048 2673 agendum
1067 2632 1127 2663 est
1144 2628 1354 2674 prolixius)
1381 2628 1507 2663 altera
1526 2638 1655 2663 uxore
1681 2630 1840 2662 mortua

349 2676 488 2710 tertias
507 2675 582 2710 sibi
600 2676 762 2721 nuptias
782 2675 1046 2711 celebrandas
1064 2686 1144 2711 non
1159 2676 1340 2721 putabat,
1359 2675 1430 2710 sed
1446 2676 1687 2710 consobrina
1700 2676 1841 2710 uxoris

350 2733 458 2766 suae,
486 2723 637 2758 viduae
664 2723 969 2766 consuetudine,
1001 2724 1197 2768 principio
1226 2723 1337 2766 clam,
1367 2726 1457 2768 post
1484 2724 1604 2757 etiam
1630 2722 1738 2757 haud
1767 2722 1840 2757 dis-

291 2766 334 2800 ll
351 2771 585 2806 simulanter
607 2771 809 2806 utebatur.
859 2771 917 2805 Ea
943 2781 1041 2805 vero
1069 2773 1108 2806 et
1134 2770 1436 2805 adulescentula
1463 2773 1549 2805 erat
1575 2773 1614 2805 et
1642 2771 1840 2806 formosis-

292 2815 337 2850 12
351 2818 450 2852 sima
477 2821 516 2853 et-
541 2818 665 2853 nobili
692 2817 919 2853 Sclerorum
946 2818 1097 2853 familia
1124 2820 1222 2854 orta.
1273 2818 1330 2852 Eo
1359 2820 1492 2852 autem
1522 2828 1703 2853 amorum
1730 2827 1842 2852 nexu

351 2868 467 2900 erant
486 2865 661 2900 devincti
680 2876 811 2910 eoque
829 2866 976 2900 amoris
993 2865 1138 2900 ardore
1156 2865 1401 2908 inflammati,
1427 2868 1472 2900 ut
1490 2865 1566 2900 nisi
1587 2875 1669 2900 una
1696 2868 1840 2907 essent,

293 2909 337 2945 13
352 2912 476 2948 vitam
501 2913 577 2948 sibi
603 2916 732 2949 morte
758 2914 1006 2948 acerbiorem
1033 2915 1233 2959 putarent.
1284 2912 1427 2958 Itaque
1450 2912 1560 2948 illum
1576 2913 1718 2948 mulier
1735 2912 1839 2948 ultro
