2054 3282
658 233 977 273 ABASGORVM
1003 233 1262 272 HISTORIA.
1632 236 1698 273 ‘251

203 357 384 412 βαρικῆς
414 357 471 404 εἰς
496 356 625 404 θεοὺς
646 357 899 412 ἐνομίζοντο.
955 356 1242 404 Ἰουστινιανὸς
1264 357 1310 399 δὲ
1329 357 1569 412 μεταθεῖναι
1590 360 1702 412 σφᾶς
1720 359 1762 396 15

203 425 313 480 πρὸς
349 425 423 480 τὴν
458 427 670 480 εὐσέβειαν
701 426 955 481 σπούδασμα
987 427 1107 468 ἔθετο
1138 426 1210 468 καὶ
1241 426 1398 472 στείλας
1426 422 1528 480 παρ’
1562 426 1703 473 αὐτοῖς

205 494 343 548 ἱεροὺς
372 495 532 549 ἄνδρας
563 492 614 536 δι’
648 495 789 536 αὐτῶν
817 495 875 541 εἰς
911 495 1131 549 ε’πίγνωσιν
1167 493 1322 542 αὐτοὺς
1361 495 1586 550 μετήνεγκε
1627 499 1702 537 τοῦ

204 563 322 605 θεοῦ.
383 562 466 605 εἶτα
498 563 569 604 καὶ
599 564 718 605 θεῖον
748 563 793 604 ἕν
826 563 1042 618 Ἀβασγοΐς
1072 568 1145 619 τῆς
1174 563 1383 606 θεοτόκου
1415 563 1607 618 ἐδείματο
1637 563 1700 605 τέ-
1717 565 1762 601 16

166 637 190 672 5
202 647 332 686 μενος
362 631 434 673 καὶ
464 632 584 686 ἱερεῖς
614 632 884 686 ἐγκατέστησε
908 632 979 673 καὶ
1001 633 1138 679 οὕτως
1158 633 1216 679 εἷς
1237 632 1324 687 ἤθη
1345 631 1395 673 τὰ
1415 635 1502 674 τῶν
1522 647 1700 686 χριστια-

203 702 292 742 νῶν
328 700 482 747 αὐτοὺς
517 700 748 755 μετήγαγεν
786 701 833 742 ἐκ
876 704 962 742 τῶν
1003 701 1114 742 πάνυ
1156 701 1448 756 βαρβαρικῶν.
1511 699 1703 742 ἐντεῦθεν
1717 702 1761 739 17

203 767 274 810 ὑπ’
315 767 488 814 οὐδενὸς
527 769 780 823 ἀρχομένων
816 772 901 810 τῶν
939 769 1156 824 Ἀβασγῶν
1192 771 1234 811 οῖ
1267 770 1446 825 βασιλεῖς
1478 769 1702 823 Ῥωμαίων

203 836 389 878 ἔστελλον
425 837 642 892 ἄρχοντας,
685 837 757 878 καὶ
796 835 866 879 ὑπ’
906 838 1078 879 ἐκείνων
1109 839 1250 884 αὐτοῖς
1281 838 1482 893 διῃτῶντο
1512 836 1562 879 τὰ
1592 837 1700 891 πρά-

203 920 354 958 γματα.
415 905 704 960 χωρησάντων
736 906 782 948 δὲ
812 909 897 948 τῶν
934 906 1218 961 στελλομένων
1249 908 1306 953 εἷς
1337 907 1501 953 ἀδικίας
1530 905 1601 948 καὶ
1631 922 1700 947 τυ-
1717 910 1762 945 18

146 980 191 1016 10
203 974 510 1029 ραννικώτερον
531 976 770 1029 χρωμένων
796 976 949 1029 αὐτοῖς,
984 975 1187 1021 δείσαντες
1207 975 1266 1030 μὴ
1290 975 1422 1030 πάντῃ
1446 975 1703 1017 δουλωθῶσι
1715 978 1791 1014 ΡΙ]
1803 976 1915 1014 101Α

197 1041 432 1097 Ῥωμαίοις,
477 1043 717 1097 ἀφίστανται
754 1044 825 1086 καὶ
865 1045 1001 1086 οὐκέτι
1042 1044 1238 1099 δέχεσθαι
1269 1045 1451 1099 ἄρχοντα
1477 1043 1703 1098 Ῥωμαίων

202 1110 439 1165 ἐβούλοντο.
502 1112 569 1153 διὰ
612 1116 734 1154 τοῦτο
776 1113 968 1155 τίσασθαι
1011 1113 1152 1155 θέλων
1195 1112 1347 1159 αὐτοὺς
1390 1113 1414 1154 ὁ
1458 1112 1703 1167 ῥινότμητος
1717 1118 1762 1154 19

202 1174 486 1226 Ἰουστινιανὸς
517 1180 664 1223 στέλλει
695 1180 767 1223 τὸν
798 1182 1038 1235 σπαθάριον
1058 1181 1222 1223 Λέοντα
1242 1180 1352 1235 πρὸς
1371 1180 1468 1227 τοὺς
1491 1180 1701 1234 Ἀλανούς,

202 1249 277 1294 οὓς
309 1248 533 1303 Ἀλβανοὺς
571 1250 597 1291 o‘
638 1249 883 1304 Προκόπιος
922 1251 1086 1305 γράφει,
1130 1251 1315 1305 χρήμασι
1357 1249 1558 1295 πλείστοις
1594 1247 1700 1290 κατὰ

144 1324 188 1360 15
201 1319 287 1358 τῶν
319 1316 536 1371 Ἀβασγῶν
567 1318 743 1372 ὁμόρων
774 1319 910 1360 ὄντων
941 1319 1094 1372 αὐτοῖς,
1139 1319 1302 1360 ὁπλίσαι
1339 1318 1512 1364 τούτους
1547 1316 1700 1372 βουλό-

201 1401 338 1439 μενος.
400 1385 489 1428 ἐκεῖ
513 1387 651 1429 τοίνυν
681 1387 706 1428 ὁ
736 1387 864 1429 Λέων
896 1387 1118 1442 γενόμενος
1154 1387 1225 1429 καὶ
1263 1385 1442 1441 συχνοὺς
1482 1385 1702 1440 διατρίψας
1714 1392 1762 1428 20

204 1514 226 1549 6
251 1515 301 1549 ὅτι
327 1515 407 1554 τοὺς
432 1516 603 1561 ἄρχοντας
628 1516 744 1552 αὐτῶν
769 1519 806 1553 οἱ
823 1518 982 1564 Ἀβασγοὶ
1008 1517 1219 1556 καθελόντες
1244 1516 1285 1552 ἐκ
1317 1521 1377 1552 τοῦ
1408 1515 1583 1563 βασιλέως
1609 1515 1700 1551 Ῥω-

201 1563 321 1608 μαίων
344 1563 504 1609 ἐδέχοντο
529 1564 701 1610 ἄρχοντας
727 1564 756 1602 C

276 1683 308 1718 1.
323 1683 346 1718 2
370 1683 572 1728 ἐνομίζοντο
598 1711 1089 1721 .....................
1106 1685 1195 1730 πρὸς
1209 1685 1257 1730 D,
1284 1686 1472 1721 lacunam
1487 1685 1616 1731 suppl.
1631 1685 1700 1724 Dw

276 1731 353 1766 his:
379 1732 606 1771 ιὀυστινιανός
632 1732 671 1768 δὲ
691 1734 893 1778 μεταθεῖναι
921 1738 1014 1778 σφᾶς
1119 1735 1135 1768 l
1165 1738 1258 1779 σφᾶς
1285 1753 1327 1758 -
1353 1734 1377 1769 3
1401 1734 1531 1778 ἄνδρας
1558 1734 1700 1778 (unum

276 1780 453 1819 versum)
481 1790 557 1816 om.
583 1780 614 1815 E
711 1781 734 1816 2
762 1780 824 1826 τὴν
850 1792 926 1816 om.
954 1779 1111 1826 prDz'
1207 1795 1297 1816 σπου
1316 1807 1492 1816 ........
1511 1781 1636 1817 ἔκθετο
1651 1781 1700 1826 D,

276 1827 485 1872 σπούδασμα
509 1828 609 1863 ἔθετο
635 1828 765 1875 suppl.
793 1833 833 1864 et
859 1840 962 1864 corr.
986 1828 1054 1866 Dw
1207 1830 1330 1868 στάλας
1355 1829 1403 1873 Ι),
1431 1839 1533 1864 corr.
1559 1829 1628 1867 Dw

297 1874 414 1913 αὐτοῖς
439 1875 585 1922 Apr,
612 1876 718 1911 αὐτὸν
744 1876 825 1921 DE,
851 1876 976 1916 αὐτοὺς
1002 1877 1070 1914 Dw
1247 1877 1270 1912 3
1296 1877 1343 1912 δι’
1368 1877 1486 1912 αὐτῶν
1513 1887 1588 1912 om.
1615 1877 1651 1911 D

275 1923 297 1957 6
310 1922 437 1962 αὐτοὺς
452 1923 586 1968 οηιυΙ),
602 1924 693 1959 add.
704 1923 771 1962 Dw
846 1928 937 1970 post
951 1929 1021 1959 τῶν
1034 1924 1127 1959 add.
1139 1925 1274 1971 βίωνΙ)
1349 1925 1370 1960 7
1384 1923 1593 1970 oiprDi,
1607 1924 1699 1964 εἶςΑ

274 1970 298 2003 8
322 1971 510 2015 διηττῶντο
530 1970 559 2006 Β
657 1971 680 2006 9
697 1972 995 2017 τυραννικώτερος
1013 1972 1060 2016 D,
1089 1983 1190 2008 corr.
1209 1972 1278 2010 Dw
1377 1973 1417 2007 11
1440 1973 1521 2018 ἅρχ.
1539 1973 1700 2018 ῥωμαΐον

273 2017 432 2063 prDi
531 2018 574 2054 12
600 2019 792 2066 ἠβούλοντο
820 2020 849 2055 Ε
948 2021 1106 2056 τίσασθαι
1133 2020 1215 2056 des.
1242 2021 1273 2056 E
1300 2020 1487 2064 fol.1651·‚
1515 2021 1580 2056 cui
1607 2021 1699 2056 add.

276 2065 323 2101 E:
361 2066 503 2111 γύρισον
535 2067 572 2102 τὸ
605 2067 806 2112 ἔμπροσθεν
837 2068 971 2113 φύλλον
1002 2068 1063 2103 καὶ
1087 2068 1228 2114 εὗρίσης
1254 2068 1292 2103 τὸ
1317 2070 1392 2104 ἴσον
1417 2069 1543 2114 ἤγουν·
1581 2068 1700 2104 θέλων

273 2113 400 2152 αὐτοὺς
426 2115 447 2148 ὁ
469 2115 686 2159 ῥινότμητος,
714 2125 827 2161 perg.
854 2116 921 2151 fol.
950 2116 1065 2151 166⁰:
1092 2117 1209 2152 θέλων
1234 2116 1360 2156 αὐτοὺς
1387 2120 1460 2152 cet.
1573 2116 1618 2151 13
1642 2116 1699 2151 ἀλ-

272 2161 399 2200 λανοὺς
424 2161 472 2206 D,
500 2173 602 2197 corr.
629 2162 696 2200 Dw
827 2163 871 2198 14
896 2165 956 2202 οὓς
978 2163 1164 2210 Ἀλβανοὺς
1189 2165 1210 2198 ὁ
1233 2165 1442 2209 ΙῙροκόπιος
1466 2164 1595 2210 γράφει
1623 2174 1699 2200 om.

274 2208 383 2255 pr,
411 2220 448 2245 v.
475 2210 527 2245 ad
546 2209 619 2246 XV
638 2210 669 2254 1,
685 2210 724 2255 43
751 2215 966 2256 praeterea
992 2215 1100 2247 errat
1127 2211 1315 2257 Zonaras,
1342 2222 1476 2258 neque
1504 2212 1609 2248 enim
1636 2221 1699 2248 us-

274 2266 395 2302 quam
421 2256 645 2304 Procopius
672 2257 824 2294 Alanos
850 2258 947 2295 dicit
971 2258 1164 2295 Albanos.

200 2396 273 2431 pro
301 2385 376 2421 diis
401 2385 609 2422 haberent.
660 2385 739 2424 Sed
778 2387 1026 2423 Iustinianus
1061 2398 1131 2423 eos
1174 2387 1227 2423 ad
1253 2389 1443 2434 pietatem
1481 2387 1698 2425 traducere
1713 2387 1757 2422 15

199 2434 341 2470 statuit
365 2434 577 2480 missisque
590 2435 716 2471 sacris
743 2436 840 2471 viris
866 2435 930 2471 dei
946 2436 1180 2482 cognitione
1206 2446 1275 2471 eos
1289 2436 1448 2481 imbuit3
1475 2439 1697 2472 exstructa·
1714 2435 1757 2470 16

200 2491 279 2527 que
306 2481 516 2528 praeclara
549 2482 659 2528 apud
686 2481 874 2529 Abasgos
905 2483 1007 2519 aede
1040 2483 1232 2529 deiparae
1268 2487 1308 2520 et
1337 2483 1618 2520 sacerdotibus
1654 2485 1696 2520 in

199 2539 248 2565 ea
267 2529 483 2571 collocati&
510 2540 580 2566 eos
604 2541 628 2566 a
655 2531 739 2566 vita
766 2530 885 2577 plane
911 2530 1126 2566 barbarica
1152 2531 1204 2566 ad
1230 2542 1362 2568 mores
1377 2530 1695 2568 Christianorum

199 2576 401 2623 perduxit.
452 2577 511 2613 Ex
544 2588 592 2614 co
623 2579 773 2614 nemini
799 2579 1036 2624 parentibus
1062 2577 1238 2625 Abasgia
1275 2589 1394 2626 reges
1421 2579 1694 2616 Romanorum
1712 2579 1754 2614 17

199 2625 323 2660 duces
348 2625 554 2670 miserunt,
580 2635 604 2661 a
631 2626 779 2671 quibus
804 2636 943 2662 eorum
972 2637 1036 2662 res
1050 2626 1447 2663 administrabantur.
1499 2628 1575 2670 Qui
1602 2638 1693 2663 eum
1711 2627 1755 2662 18

197 2672 333 2708 inim-ii
359 2676 494 2709 essent
519 2683 566 2708 ae
622 2673 787 2719 opulum
813 2673 1016 2710 crudelius
1034 2677 1266 2719 tractarent,
1293 2676 1422 2719 veriti,
1449 2685 1501 2711 ne
1527 2686 1693 2721 prorsus

197 2720 239 2755 in
264 2721 500 2756 servitutem
535 2731 559 2756 a
621 2722 776 2757 omanis
803 2721 1097 2767 redigerentur,
1137 2721 1330 2758 deficiunt
1354 2733 1487 2769 neque
1521 2723 1693 2769 amplius

198 2767 342 2804 ducem
368 2766 640 2805 Romanorum
667 2769 895 2805 admittunt.
947 2769 1003 2805 Ea
1038 2770 1088 2805 de
1115 2779 1239 2805 causa
1265 2769 1513 2806 Iustinianus
1538 2771 1582 2814 is,
1623 2771 1692 2817 qui
1708 2770 1751 2805 19

196 2824 296 2851 naso
322 2815 527 2852 mutilatus
554 2817 641 2861 fuit,
672 2827 742 2853 eos
776 2817 937 2853 ulturus
963 2816 1139 2854 Leonem
1167 2817 1417 2863 spatharium
1449 2818 1501 2854 ad
1527 2817 1691 2863 Alanos,

197 2872 300 2908 quoa
325 2861 507 2900 Albanos
532 2863 754 2910 Procopius
786 2864 893 2908 dicit,
933 2874 1022 2900 cum
1049 2864 1226 2901 maxima
1264 2867 1438 2912 pecunia
1475 2866 1605 2910 mittit,
1646 2869 1691 2902 ut

197 2920 268 2947 eos
305 2914 446 2947 contra
486 2912 674 2948 finitimos
699 2911 887 2958 Abasgos
922 2917 1108 2949 armaret.
1159 2912 1258 2950 Illuc
1296 2914 1502 2960 profectus
1527 2913 1612 2950 Leo
1650 2917 1691 2950 et
1703 2913 1751 2949 20
