2020 3230
355 261 425 302 862

355 407 399 412 -
425 387 458 423 2.
491 387 637 423 Xerxis
663 387 688 422 f.
717 396 835 432 quem
862 387 929 421 alii
954 385 1068 421 Arta-

402 446 570 471 xerxem
589 435 640 479 (1)
667 436 875 470 nominant
902 434 920 468 I
938 433 1018 476 320,
1033 434 1065 469 7.

356 503 399 508 -—
426 483 459 518 3.
486 483 734 528 Parysatidis
762 484 787 517 f.
814 482 831 516 1
858 481 1008 525 224,1Ο.

357 551 397 556 -
425 531 458 566 4.
486 531 611 576 praef.
638 530 730 565 urbi
757 529 868 575 Cpoli
897 530 1067 564 exstruit

403 589 561 613 murum
588 581 816 613 terrestrem
842 576 1065 620 111106‚11.

403 637 426 661 a
468 625 695 661 Theodosio
738 625 788 659 ΙΙ.
838 628 978 659 tonsus
1024 624 1067 658 fit

402 673 598 718 Smyrnae
626 673 839 717 episcopus
867 673 945 715 106,
963 671 1017 706 18,

358 741 398 746 -
425 721 456 755 5.
486 721 668 755 Phasidis
685 721 899 766 episcopus
913 719 971 753 III
985 719 1064 763 213,

400 769 433 803 3.
461 769 515 803 15.
551 767 826 803 Alexandriae
851 768 1066 812 episcopus

402 816 629 850 haereticus
656 815 736 859 226,
751 816 783 850 8.

354 884 395 889 —
424 864 456 898 6.
485 862 718 908 Cpolitanus
751 862 981 908 patriarcha
1008 861 1066 896 III

400 911 481 953 239,
497 912 527 945 1.
555 910 679 954 244,1.

354 979 397 984 --
422 959 454 993 7.
481 959 578 993 urbs
605 958 663 992 111
691 958 840 1002 104‚1o.

352 1007 591 1051 Κύψελος
625 1006 836 1040 Periandri
877 1009 992 1051 pater
1029 1004 1067 1039 ΙΙ

400 1054 457 1098 37,
471 1054 503 1089 3.

352 1102 533 1144 Κώθων,
559 1112 596 1135 V.
623 1101 826 1146 Καρχηδὼν
853 1101 885 1135 1.

352 1150 659 1184 Κωνσταντεία
686 1148 892 1183 castellum
911 1147 970 1182 ΠΙ
986 1148 1067 1193 530,

353 1245 661 1280 Κωνσταντία
696 1254 808 1279 soror
844 1243 1067 1279 Constantii

401 1292 450 1327 ΙΙ.
488 1302 594 1326 uxor
627 1290 732 1327 Galli
763 1291 822 1326 ΙΙΙ
854 1292 981 1335 39,]1.
1011 1292 1066 1326 16.

399 1340 528 1384 45,15.
554 1339 611 1383 46,
628 1339 683 1374 11.
711 1339 794 1374 obit
818 1339 875 1382 47,
891 1339 923 1373 1.

352 1389 661 1423 Κωνσταντΐνα
678 1387 828 1422 Tiberii
843 1386 892 1421 II.
909 1389 947 1422 et
962 1385 1066 1420 Ana-

400 1436 546 1471 stasiae
581 1435 661 1470 filia
697 1434 756 1469 ΙΙΙ
791 1435 871 1479 179,
886 1434 917 1469 2.
958 1434 1066 1469 Mau-

399 1484 487 1518 ricii
502 1482 684 1518 Caesaris
702 1493 808 1517 uxor
823 1482 901 1526 182,
916 1483 948 1518 7.
975 1492 1065 1516 cum

400 1530 550 1576 Sophia
574 1531 717 1565 marito
738 1540 930 1565 coronam
950 1530 1066 1565 offert

399 1578 551 1622 191,12.
583 1588 674 1613 cum
699 1578 828 1613 tribus
854 1578 1014 1612 filiabus
1041 1588 1064 1611 a

399 1626 534 1661 Phoca
573 1629 742 1661 necatur
785 1625 935 1670 197,10.
986 1625 1064 1670 epi—

397 1684 580 1720 gramma
607 1673 693 1708 eius
719 1673 902 1718 sepulcro
929 1673 1064 1708 inscri-

397 1724 509 1767 ptum
537 1720 804 1765 197,16—198‚
821 1721 875 1755 12.

349 1770 744 1807 Κωνσταντῖνος
771 1768 802 1803 1.
835 1768 1064 1804 Constantis

398 1816 531 1852 Chlori
540 1819 578 1852 et
586 1815 825 1851 Theodorae
834 1816 860 1850 f.
869 1815 909 1850 II
917 1815 997 1859 622,
1007 1815 1062 1850 22.

351 1884 395 1889 —
421 1865 454 1899 2.
481 1864 510 1899 Ι.
538 1865 575 1899 ei
599 1864 766 1899 insidias
799 1866 917 1909 parat
941 1862 1063 1897 Maxi-

396 1912 566 1956 mianus,
606 1912 692 1947 eius
722 1921 838 1946 socer
870 1910 908 1945 ΙΙ
935 1910 1014 1955 622,
1030 1911 1061 1946 9.

398 1959 627 1995 Constantis
653 1958 787 1995 Chlori
823 1969 873 1994 ex
908 1958 1063 1994 Helena

397 2007 469 2052 (ΙΙΙ
489 2007 520 2051 1,
534 2007 571 2051 3)
597 2007 731 2052 priore
757 2017 887 2042 uxore
910 2007 934 2041 f.
955 2016 978 2040 a
997 2017 1064 2052 pa-

396 2058 457 2090 tre
502 2055 732 2090 declaratur
775 2064 983 2089 successor
1025 2054 1063 2088 ΙΙ

396 2102 475 2145 622,
491 2102 665 2146 15—-623,
678 2103 711 2137 8.
763 2112 788 2136 a
814 2101 975 2138 Galerio
1008 2102 1064 2136 in—

397 2150 508 2185 sidiis
542 2150 692 2185 frustra
726 2150 878 2195 paratis
912 2149 964 2184 ad
997 2160 1063 2195 pa·

395 2200 496 2232 trem
522 2198 626 2233 redit
651 2197 731 2242 623,
745 2197 872 2232 9—20.
900 2197 986 2232 eius
1005 2207 1063 2232 so-

396 2255 464 2279 ror
489 2255 595 2280 uxor
619 2245 764 2280 Licinii
790 2245 917 2289 624,1.
945 2244 1003 2279 III
1027 2245 1060 2289 4,

396 2292 429 2327 8.
457 2293 513 2327 17.
547 2292 650 2336 5,12.
703 2294 789 2328 eius
815 2293 931 2338 regni
963 2293 1062 2327 fines

395 2340 476 2382 2,1.
503 2339 653 2375 Fausta
677 2350 783 2375 uxor
809 2350 900 2376 eum
922 2340 1062 2375 incitat

398 2391 538 2422 contra
559 2387 804 2423 Christianos
828 2388 862 2431 2,
876 2388 908 2422 3.
936 2388 1062 2422 vincit

395 2434 643 2481 Maxentium
687 2436 826 2471 labaro
876 2436 1059 2471 instituto

395 2482 428 2526 2,
455 2482 559 2522 8—3.
588 2482 643 2518 15.
686 2483 718 2526 6,
748 2483 801 2518 12.
853 2483 940 2518 eius
986 2485 1060 2518 sta-

395 2532 466 2564 tua
508 2540 598 2564 cum
641 2540 762 2565 cruce
802 2530 836 2575 4,
861 2530 894 2565 4.
954 2531 1060 2566 duae

396 2577 483 2612 eius
501 2577 781 2622 expeditiones
799 2578 840 2612 in
859 2577 1058 2613 Licinium

395 2624 428 2668 5,
443 2624 547 2668 6—-6,
564 2626 595 2660 1.
624 2625 749 2669 12,12.
776 2625 975 2660 Licinium
994 2636 1060 2661 ne-

397 2675 461 2706 cat
486 2672 518 2715 6,
533 2672 565 2706 8.
609 2673 720 2707 videt
750 2673 938 2718 prodigia
965 2675 998 2717 6,
1015 2674 1060 2708 12

396 2720 475 2763 —7,
490 2719 522 2754 2.
549 2719 710 2755 Flavius
726 2720 872 2755 dicitur
887 2721 918 2764 7,
934 2721 967 2755 3.
986 2721 1059 2756 Ro-

395 2777 485 2801 mae
528 2767 757 2812 baptizatur
800 2778 824 2802 a
865 2767 1058 2803 Silvestre

395 2814 544 2858 7,6—9,
564 2815 596 2849 9.
641 2814 958 2850 Christianorum
996 2816 1059 2851 de-

395 2862 541 2906 fensor,
580 2873 835 2908 paganorum
869 2863 993 2898 hostis
1025 2863 1057 2907 9,

394 2908 520 2944 9-18,
549 2919 682 2944 coram
701 2920 749 2945 eo
768 2909 959 2946 Silvester
977 2911 1060 2945 vin-

395 2956 448 2994 eit
461 2956 656 2993 Zambren
670 2957 934 3003 10,1—-11,20.
961 2957 1060 2994 Con·
1092 2984 1097 3002 ,

848 265 1014 313 Κύψελος
1029 286 1073 292 -
1087 266 1361 306 Κωνσταντΐνος.

1188 387 1399 429 stantinus„
1444 385 1713 433 Constantius,
1753 385 1852 425 Con-

1187 438 1309 479 stans,
1329 434 1485 470 Helena
1504 445 1528 469 a
1545 434 1695 470 Fausta
1713 436 1750 471 ei
1767 437 1852 473 nati

1189 482 1243 526 12,
1259 482 1291 517 9.
1320 483 1367 517 cf.
1395 482 1523 527 39,11.
1551 482 1733 529 Crispum
1759 484 1785 519 f.
1813 487 1853 520 et

1186 529 1377 564 Faustam
1414 533 1534 565 necat
1573 531 1628 574 12,
1648 531 1798 576 12—13,
1817 533 1851 567 8.

1187 577 1272 612 eius
1300 587 1464 623 pugnae
1490 578 1532 612 in
1550 577 1723 614 Thracia
1748 579 1803 622 13,
1818 579 1851 614 9.

1187 624 1339 670 Cpolim
1383 625 1520 660 condit
1562 629 1601 661 et
1642 626 1849 662 Valentem

1185 673 1298 707 iubet
1323 673 1435 707 urbis
1454 674 1588 708 thema
1607 674 1851 710 constituere

1186 721 1240 763 13,
1261 720 1411 763 14-15‚
1434 721 1487 755 16.
1536 720 1690 766 Cpolim
1735 726 1851 757 ornat

1187 768 1242 812 17,
1259 767 1407 811 14-18,
1424 768 1478 803 18.
1506 769 1580 803 sub
1608 779 1655 804 eo
1679 767 1800 804 Arius
1827 780 1851 804 a

1187 816 1353 850 concilio
1366 815 1542 851 Nicaeno
1559 816 1851 852 condemnatur

1187 863 1242 905 19,
1259 863 1408 905 14—21‚
1424 864 1455 899 3.
1484 864 1558 899 sub
1577 874 1624 899 eo
1641 865 1692 899 ab
1708 865 1849 900 eodem

1188 910 1236 946 de
1270 911 1481 946 divinitate
1518 911 1587 946 filii
1622 911 1850 948 decernitur

1186 958 1241 1002 22,
1264 958 1317 993 15.
1356 959 1484 1004 qualis
1509 959 1632 994 fuerit
1658 970 1758 1005 erga
1783 971 1850 1006 pa-

1185 1010 1266 1041 tres
1293 1007 1451 1041 concilii
1478 1008 1595 1052 primi
1620 1006 1678 1050 23,
1692 1008 1725 1042 7.
1752 1007 1850 1053 Cpo-

1185 1054 1252 1088 lim
1279 1055 1462 1099 patribus
1482 1054 1664 1090 deductis
1678 1054 1850 1090 Alexan-

1187 1102 1302 1136 drum
1319 1102 1414 1136 dicit
1427 1102 1698 1147 patriarcham
1721 1103 1777 1146 23,
1794 1103 1849 1138 15.

1186 1149 1340 1185 Helena
1368 1150 1454 1184 eius
1480 1153 1608 1185 mat-er
1635 1150 1718 1185 obit
1742 1149 1799 1194 24,
1815 1150 1848 1185 4.

1185 1201 1326 1232 contra
1338 1197 1481 1233 Persas
1495 1209 1542 1243 pr
1546 1199 1751 1233 ofecturus
1767 1178 1850 1234 o’bit

1184 1245 1240 1289 24,
1256 1245 1288 1280 7.
1315 1246 1400 1280 eius
1420 1246 1528 1280 vitae
1554 1248 1594 1280 et
1619 1246 1736 1291 regni
1763 1256 1850 1291 spa-

1184 1293 1285 1327 tium
1316 1293 1373 1335 24,
1391 1293 1444 1327 11.
1494 1294 1684 1328 humatur
1717 1293 1773 1337 24,
1796 1293 1848 1328 14.

1185 1341 1271 1375 eius
1305 1351 1452 1386 corpus
1487 1351 1538 1375 ex
1576 1341 1678 1376 aede
1710 1321 1849 1376 Ac⁷acii

1184 1389 1330 1423 iterum
1347 1389 1389 1422 in
1407 1388 1547 1424 aedem
1574 1389 1848 1434 apostolorum

1183 1438 1482 1481 transportatur
1507 1436 1563 1480 58,
1582 1436 1710 1471 3—11.
1762 1437 1848 1472 eius

1183 1487 1331 1518 natura
1368 1483 1424 1527 25,
1439 1483 1567 1527 3-26,
1582 1483 1615 1518 6.
1667 1484 1753 1519 eius
1791 1495 1848 1520 re-

1184 1541 1310 1577 gnum
1336 1531 1510 1566 divisum
1545 1532 1600 1575 26,
1615 1531 1649 1566 8.
1676 1551 1719 1556 —
1746 1531 1764 1566 Ι
1792 1531 1847 1574 14,

1186 1580 1228 1614 15
1243 1590 1271 1614 s.
1298 1579 1357 1614 III
1383 1579 1440 1623 27,
1455 1579 1486 1614 7.
1512 1579 1569 1623 37,
1586 1579 1642 1615 17.

1137 1646 1180 1651 —
1206 1627 1239 1661 3.
1267 1626 1315 1661 ΙΙ.
1343 1626 1594 1662 Constantini
1620 1626 1649 1661 I.
1684 1630 1723 1662 et
1747 1626 1848 1662 Fau-

1183 1678 1269 1709 stae
1287 1676 1312 1709 f.
1332 1674 1389 1709 III
1405 1675 1461 1719 12,
1475 1675 1508 1709 9.
1532 1675 1618 1710 eius
1635 1675 1847 1720 imperium

1183 1722 1310 1766 26,16.
1351 1732 1375 1756 a
1401 1721 1620 1757 Constante
1651 1722 1755 1757 bello
1783 1733 1847 1768 pe-

1183 1771 1278 1804 titus
1303 1773 1473 1804 necatur
1499 1770 1554 1814 27,
1572 1769 1722 1815 11—28,
1738 1770 1792 1805 13.

1206 1817 1239 1852 4.
1266 1817 1334 1851 III.
1363 1828 1400 1852 v.
1422 1818 1640 1861 εΗράκλειος
1664 1817 1697 1852 4.

1206 1865 1239 1900 5.
1272 1864 1335 1899 IV.
1363 1866 1383 1899 ὁ
1406 1865 1634 1910 Πωγωνάτος
1657 1864 1847 1900 Constan-

1182 1913 1232 1947 tis
1258 1912 1309 1947 II.
1334 1913 1359 1947 f.
1387 1912 1444 1947 III
1470 1913 1550 1957 221,
1565 1913 1597 1948 5.
1628 1913 1847 1958 imperator

1182 1960 1379 1995 Mizizium
1413 1960 1513 1996 tollit
1545 1963 1584 1996 et
1615 1970 1755 1996 necem
1781 1971 1846 2006 pa-

1182 2009 1252 2043 tris
1285 2008 1492 2044 ulciscitur
1528 2007 1607 2052 221,
1624 2007 1797 2052 15—222,
1812 2009 1846 2043 8.

1181 2055 1261 2099 245,
1277 2056 1310 2090 2.
1336 2056 1570 2101 Pogonatus
1597 2056 1743 2090 dicitur
1765 2055 1845 2100 222,

1181 2104 1213 2139 8.
1241 2104 1357 2138 fratri
1383 2104 1546 2149 utrique
1571 2113 1714 2139 nasum
1734 2114 1846 2149 prae-

1183 2151 1278 2186 cidit
1304 2151 1384 2196 222,
1404 2151 1577 2195 12-223,
1592 2151 1624 2185 2.
1664 2151 1750 2186 eius
1775 2161 1846 2196 pu-

1181 2209 1289 2244 gnae
1324 2210 1412 2234 cum
1446 2197 1648 2244 Agarenis
1681 2198 1761 2242 223,
1775 2199 1842 2234 3-

1181 2246 1262 2289 224,
1278 2246 1333 2281 11.
1360 2257 1501 2292 pacem
1526 2247 1624 2281 facit
1650 2256 1741 2281 cum
1766 2245 1845 2281 Ma-

1180 2295 1248 2328 via
1286 2294 1368 2336 224,
1388 2294 1561 2338 11—225,
1581 2294 1613 2328 8.
1664 2292 1844 2329 Graecus

1179 2342 1286 2387 ignis
1313 2343 1387 2376 sub
1415 2352 1462 2376 eo
1490 2342 1745 2387 excogitatus
1763 2341 1843 2385 224,

1180 2390 1212 2424 2.
1253 2399 1342 2424 cum
1377 2389 1558 2425 hostibus
1591 2388 1843 2424 occidentali-

1179 2437 1255 2472 bus
1282 2447 1422 2482 pacem
1449 2437 1546 2472 facit
1571 2436 1650 2480 225,
1665 2437 1697 2471 8.
1730 2436 1843 2471 Ioan-

1178 2495 1251 2520 nes
1270 2484 1567 2529 Constantinus,
1594 2483 1842 2528 Theodorus,

1180 2531 1382 2578 Georgius
1408 2532 1483 2567 sub
1517 2542 1564 2567 eo
1591 2532 1844 2577 patriarchae

1179 2578 1378 2625 Cpolitani
1405 2579 1650 2623 225,14—17.
1693 2579 1767 2614 sub
1795 2589 1842 2614 eo

1179 2630 1338 2662 sextum
1354 2627 1565 2662 concilium
1576 2626 1656 2671 225,
1667 2627 1711 2661 18
1719 2626 1840 2670 —226,

1179 2674 1234 2709 15.
1277 2675 1407 2709 victus
1434 2674 1621 2719 Bulgaris
1647 2674 1841 2708 tributum

1178 2722 1318 2768 pendit
1359 2722 1436 2766 226,
1467 2721 1639 2764 16—228,
1667 2721 1699 2755 6.
1759 2722 1842 2756 obit

1178 2772 1268 2814 post
1301 2780 1472 2815 regnum
1498 2769 1609 2804 XVII
1643 2779 1842 2804 annorum

1177 2817 1257 2861 228,
1273 2818 1304 2853 7.
1355 2817 1601 2852 Iustinianus
1627 2816 1675 2850 ΙΙ.
1702 2817 1788 2851 eius
1814 2816 1840 2851 f.

1177 2865 1271 2899 ibid.
1298 2885 1341 2889 -—
1368 2864 1425 2898 III
1451 2864 1531 2907 228,
1548 2865 1602 2899 13.

1131 2931 1175 2937 —
1202 2912 1234 2947 6.
1274 2911 1303 2947 I.
1340 2911 1574 2958 Cpolitanus
1612 2911 1841 2958 patriarcha

1177 2958 1236 2994 III
1261 2959 1411 3005 225,14.

1137 1836 1179 1841 Ι
