2054 3282
651 224 749 269 2013
774 224 1082 269 MICHAELEM
1106 233 1345 270 DEPERIT.
1672 236 1743 272 583

249 350 392 403 αὐτοῦ,
435 350 495 406 μὴ
536 352 830 409 ὖποσταλῆναι,
874 353 976 396 ἀλλὰ
1013 354 1086 396 καὶ
1121 356 1318 410 ἅψασθαι
1354 356 1427 398 καὶ
1462 357 1632 412 φιλῆσαι
1670 357 1743 400 καὶ

247 423 489 474 προσφῦναι
519 421 638 476 αὐτῇ.
699 421 770 463 καὶ
801 422 840 463 τί
868 422 934 464 δεῖ
958 421 1007 463 τὰ
1037 422 1170 464 πολλὰ
1202 423 1354 478 unm,-
1387 425 1512 479 μέχρι
1541 425 1614 467 καὶ
1643 441 1740 467 συν-
1757 430 1801 465 13

249 492 482 542 ουσιασμοῦ
513 488 563 530 τὰ
592 493 666 531 τοῦ
698 491 856 543 ἔρωτος
883 491 1193 546 κατηντήκεσαν
1213 491 1285 534 καὶ
1303 492 1525 547 προϊόντος
1544 497 1618 536 τοῦ
1639 494 1740 549 χρό-

247 571 325 598 νου
363 557 421 603 εἷς
457 561 674 611 προῦπτον
710 558 861 613 σχεδὸν
897 558 944 601 τὸ
982 559 1078 613 περὶ
1107 559 1178 602 τὸν
1210 560 1382 616 Μιχαὴλ
1413 562 1615 617 ἐξερράγη
1647 562 1740 617 φίλ-

212 628 363 678 5τρον·
394 624 466 667 καὶ
496 625 549 680 ἦν
579 626 997 681 ὗποψιθυριζόμενον
1027 628 1079 670 οὗ
1100 632 1184 675 τοῖς
1203 628 1297 683 περὶ
1317 628 1366 670 τὰ
1387 630 1572 684 βασίλεια
1591 630 1740 685 μόνον,
1756 634 1799 671 14

248 692 352 734 ἀλλὰ
383 693 454 735 καὶ
484 698 569 740 τοῖς
599 694 644 736 ἐν
673 698 760 741 ταῖς
790 695 982 749 τριόδοις,
1012 696 1136 751 μόνῳ
1169 694 1206 739 δ’
1239 698 1426 752 ἠγνοεῖτο
1450 704 1512 753 τῷ
1532 699 1740 753 αὐτοκρά-

247 777 349 815 τορι.
412 763 517 804 ὅθεν
554 762 626 804 καὶ
658 765 918 819 συγκειμένῳ
948 769 998 819 τῇ
1028 765 1242 820 βασιλίσσῃ
1275 767 1392 821 αὐτῷ
1422 766 1487 808 ἐπὶ
1517 771 1590 822 τῆς
1619 767 1742 822 εὗνῆς
1756 771 1801 808 15

248 830 273 872 ὁ
303 829 478 885 Μιχαὴλ
508 831 831 886 εἶσκαλούμενος
861 833 1093 888 ἀνατρίβειν
1124 834 1165 875 οῖ
1194 833 1290 881 τοὺς
1319 835 1457 882 πόδας
1486 835 1740 877 κεκέλευστο.

246 898 286 939 τί
313 897 390 940 οὗν
420 899 472 940 ἄν
502 915 560 946 τις
591 900 776 954 οἶήσαιτο
807 902 833 955 ἢ
866 901 926 942 ὅτι
956 901 1028 943 καὶ
1058 905 1143 943 τῶν
1174 903 1333 957 ἐκείνης
1363 904 1511 958 ἥπτετο
1541 903 1630 945 τότε
1662 919 1740 945 πο·
1755 908 1800 944 16

25 1027 26 1030 ¹
189 966 365 1017 1οὁῶν;
406 966 479 1008 καὶ
515 967 605 1009 οἷον
641 968 897 1023 προαγωγὸς
936 970 1095 1024 ἀμφοῖν
1127 970 1151 1011 ὁ
1181 970 1373 1024 βασιλεὺς
1410 971 1482 1012 καὶ
1518 971 1791 1026 ὁμευνέτηςΙ)

35 1039 75 1113 D
94 1041 148 1078 lv
168 1041 236 1078 135
249 1035 413 1089 ἐγίνετο.
475 1036 537 1083 ὡς
569 1035 614 1078 δὲ
644 1036 716 1078 καὶ
747 1038 772 1091 ἡ
805 1037 966 1093 ἀδελφὴ
1002 1037 1240 1094 Πουλχερία
1271 1039 1343 1081 καὶ
1373 1040 1503 1093 ἕτεροι
1538 1039 1633 1093 περὶ
1668 1043 1741 1081 τοῦ
1757 1044 1801 1080 17

251 1103 466 1158 ὁράματος
511 1104 638 1147 αὐτὸν
684 1106 932 1154 ἀνεόίὸαξαν
977 1106 1048 1148 καὶ
1095 1107 1375 1161 φυλάττεσθαι
1424 1107 1741 1161 παρηγγύησαν,

251 1171 376 1214 οὐδὲν
412 1173 604 1228 ἐποίησεν
641 1174 782 1228 ἕτερον
812 1173 915 1215 ἀλλὰ
947 1174 1018 1216 τὸν
1050 1175 1388 1229 ὑποπτευόμενον
1417 1176 1533 1229 αὐτῷ
1563 1175 1743 1222 καλέσας

249 1241 288 1282 εἰ
319 1241 455 1296 ἐρῷτο
492 1241 601 1295 πρὸς
637 1247 710 1297 τῆς
746 1243 985 1297 βασιλίσσης
1027 1243 1184 1297 ἠρώτα.
1245 1243 1270 1284 ὁ
1303 1243 1348 1285 δὲ
1380 1243 1641 1298 ἀπηγόρευσε
1671 1243 1743 1285 καὶ

191 1310 235 1347 15
248 1309 511 1365 ἀνηνάμενος
540 1310 691 1357 πίστεις
721 1315 794 1353 τοῦ
826 1310 954 1365 λόγου
985 1310 1056 1352 καὶ
1078 1311 1235 1364 ὅρκους
1256 1311 1454 1366 ἀπῃτήθη
1476 1309 1578 1353 καθ’
1601 1312 1741 1365 ἱερῶν.

247 1377 335 1420 ἐπεὶ
366 1378 404 1420 δ’
427 1378 585 1425 ἐκεῖνος
616 1379 870 1434 ἐπιορκήσας
899 1378 996 1426 τοὺς
1027 1379 1184 1433 ὅρκους
1215 1379 1381 1433 ἐτέλεσε,
1415 1379 1614 1434 διαβολὴν
1644 1379 1741 1427 τοὺς
1757 1386 1800 1420 18

246 1449 332 1488 τῶν
374 1446 515 1489 ἄλλων
553 1448 682 1502 ἥγητο
718 1447 884 1501 λόγους.
946 1448 1102 1502 λέγεται
1136 1448 1276 1502 μέντοι
1315 1448 1382 1490 διὰ
1420 1447 1494 1502 τὴν
1526 1448 1741 1502 ἐπιορκίαν
1756 1454 1800 1489 19

246 1514 412 1570 νόσημά
448 1532 484 1557 τι
523 1514 658 1558 δεινὸν
688 1515 895 1571 ἐνσκῆψαι
925 1520 986 1570 τῷ
1018 1515 1202 1572 Μιχαήλ.
1261 1515 1308 1558 τὸ
1341 1514 1378 1558 δ’
1411 1516 1464 1572 ἦν
1493 1517 1600 1559 κατά
1631 1532 1741 1564 τινας
1754 1522 1801 1558 20

320 1686 340 1723 l
365 1686 463 1733 αὐτῷ
490 1687 526 1723 D
628 1687 652 1723 2
674 1701 701 1722 π
701 1701 795 1733 ρφος
796 1691 875 1723 ῢναι
893 1687 1084 1723 BszD
1045 1686 1111 1731 Di,
1136 1688 1336 1733 προςφύναι
1354 1687 1433 1733 AC,
1458 1702 1623 1734 προςφυη
1625 1702 1681 1724 ναι
1704 1688 1740 1724 Ι)

366 1734 542 1781 defldbD
639 1734 680 1771 τὰ
699 1745 774 1770 om.
766 1701 926 1779 WBCDi,
947 1736 996 1770 cf.
1056 1735 1130 1771 ich.
1149 1735 1313 1782 Attal.p
1317 1736 1421 1777 .‚318
1435 1735 1482 1771 23
1567 1736 1600 1771 2.
1614 1736 1638 1771 3
1662 1750 1740 1771 συν-

318 1788 514 1827 ουσιασμοῦ
539 1781 592 1827 τὰ]
619 1784 806 1822 συνουσίας
828 1785 834 1826 Ι
855 1783 942 1819 αὐτὰ
960 1782 995 1817 D
1074 1783 1098 1818 3
1123 1785 1383 1828 κατηντηκυίαν
1400 1783 1435 1818 D
1515 1783 1538 1818 4
1561 1789 1741 1828 προῦπτον

319 1829 488 1876 prDi‚
512 1844 561 1875 πρ
562 1829 692 1866 οὗπτον
712 1830 752 1874 Ε,
777 1830 957 1875 προῦπτον
975 1830 1020 1874 A,
1044 1831 1196 1875 πράττον
1213 1830 1249 1865 D
1277 1835 1473 1867 mutatum
1501 1841 1551 1867 ex
1577 1836 1739 1876 πρᾶττον,

319 1889 357 1913 v.
384 1877 437 1913 ad
463 1877 574 1913 XVII
603 1878 727 1921 11,11
835 1878 906 1924 τὸν]
933 1884 994 1914 τοῦ
1022 1877 1055 1912 D
1162 1879 1309 1923 φίλτρον
1335 1877 1502 1924 prDi,
1530 1879 1679 1939 φιάτρον
1707 1878 1740 1913 Α

318 1925 341 1960 5
365 1927 473 1970 μόνος
491 1925 527 1960 D
601 1926 623 1960 6
648 1931 720 1964 ταῖς
739 1935 814 1960 om.
830 1925 866 1960 D
951 1925 984 1961 δ’
1003 1925 1172 1971 ἠγνοεῖτο]
1200 1926 1245 1972 δή
1263 1925 1402 1971 γνοήτω
1422 1925 1456 1961 D
1543 1926 1692 1972 ἠγνόητο
1709 1925 1740 1961 Β

320 1973 341 2008 7
366 1973 466 2012 εὖνος
491 1972 527 2008 D
624 1974 647 2008 8
672 1974 709 2008 οἱ
725 1971 889 2018 EwpDi,
915 1973 955 2008 οἷ
967 1972 1048 2017 AR,
1075 1973 1114 2008 δὲ
1132 1973 1167 2008 D
1264 1974 1449 2009 κεκέλευτο
1476 1973 1511 2008 D
1609 1974 1631 2009 9
1656 1979 1741 2018 γοῦν

319 2020 468 2067 DEwp,
496 2031 570 2056 om.
598 2020 627 2056 C
792 2022 915 2066 ἥπτετο
941 2022 1014 2056 τότε
1041 2020 1122 2065 AR,
1148 2023 1273 2067 ἥπτετο
1299 2019 1470 2067 prDi,
1496 2022 1623 2066 ἥπτετό
1647 2035 1682 2055 τε
1710 2021 1739 2056 Ε

321 2069 367 2104 10
389 2082 575 2113 προςαγωγ
524 2067 615 2113 ωγὸς
642 2067 671 2105 C
832 2068 873 2103 ll
899 2082 936 2113 εγ
937 2068 1032 2104 ἐνετο
1060 2067 1089 2104 C
1245 2069 1289 2104 13
1314 2069 1430 2112 ἕτερον
1455 2068 1617 2113 ἐποίησεν
1644 2068 1739 2113 Ewp

366 2115 441 2152 ἀλλ’
467 2116 489 2162 ἢ
516 2114 638 2152 BCDi
733 2115 837 2151 αὐτὸν
863 2082 936 2152 ch
1023 2116 1066 2152 17
1094 2120 1184 2162 post
1200 2116 1323 2162 λόγους
1341 2116 1434 2152 add.
1451 2116 1472 2151 ό
1486 2116 1650 2162 βασιλεύς
1676 2114 1740 2152 BC

248 2278 368 2314 datus
394 2287 483 2314 eam
509 2281 550 2313 et
576 2280 846 2313 contrectaret
872 2281 909 2312 et
930 2277 1181 2313 oscularetur
1199 2281 1239 2312 et
1263 2277 1584 2323 amplecteretur
1635 2276 1739 2319 Quid
1756 2275 1799 2311 13

249 2324 403 2361 multa?
453 2325 580 2360 Etiam
601 2334 730 2370 usquc
749 2324 800 2359 ad
820 2325 968 2360 coitum
989 2325 1183 2370 processit
1207 2335 1319 2359 amor
1345 2335 1394 2359 ac
1419 2323 1580 2359 tandem
1609 2334 1672 2360 res
1691 2334 1739 2359 eo

249 2373 424 2416 devenit,
438 2377 483 2408 ut
497 2371 868 2418 mulierisergaMic
872 2372 1024 2407 hamum
1039 2372 1209 2407 affectus
1221 2382 1349 2417 paene
1365 2372 1496 2418 palam
1512 2375 1740 2417 erumperet

248 2430 381 2467 neque
410 2421 452 2456 in
479 2421 593 2466 regia
626 2424 792 2462 tantum,
831 2419 901 2455 sed
928 2426 968 2455 et
994 2421 1033 2455 in
1061 2419 1189 2455 triviis
1219 2423 1508 2462 susurraretur,
1550 2419 1621 2454 soli
1652 2419 1738 2464 reg-i
1759 2417 1799 2453 14

248 2469 424 2514 ignotus.
475 2467 561 2513 Itaq
565 2478 617 2503 ue
649 2468 686 2503 ci
720 2468 758 2503 in
787 2467 928 2503 codem
961 2477 1051 2502 cum
1087 2467 1230 2512 regina
1262 2467 1364 2503 lecto
1397 2466 1561 2502 cubanti
1594 2466 1739 2502 fricare
1755 2465 1799 2501 15

249 2515 374 2562 pedes
399 2479 616 2551 iubebaqtur
634 2514 811 2550 Miclia'el
863 2515 960 2556 Quis
986 2525 1084 2551 vero
1111 2524 1202 2550 eum
1228 2514 1404 2550 mulieris
1455 2523 1590 2559 noque
1617 2513 1740 2559 pedes
1757 2513 1799 2548 16

249 2567 332 2599 tum
361 2573 442 2599 non
469 2566 704 2599 attrectasse
732 2561 872 2608 putat?
923 2562 983 2597 lta
1018 2563 1150 2597 tactus
1182 2565 1243 2598 est
1275 2573 1346 2597 rex
1380 2572 1443 2597 am
1476 2571 1590 2597 orum
1624 2561 1739 2606 quasi

249 2611 341 2647 leno
367 2614 408 2646 et
433 2610 695 2647 concubinus.
749 2610 822 2646 Ubi
858 2614 992 2645 autem
1026 2619 1117 2644 eum
1151 2614 1190 2645 et
1224 2620 1340 2645 soror
1365 2608 1578 2644 Pulcheria
1608 2613 1647 2644 et
1673 2608 1799 2644 aliil‘l

249 2668 337 2694 eam
365 2658 543 2694 fabulam
571 2658 823 2694 edocueiunt
849 2661 888 2692 et
914 2660 1168 2700 monuerunt,
1209 2661 1253 2692 ut
1288 2660 1460 2699 cuv-,ent
1500 2656 1595 2691 nihil
1630 2655 1739 2691 aliud

247 2706 343 2751 egit,
368 2706 443 2741 nisi
472 2709 515 2741 ut
542 2706 673 2741 virum
695 2709 924 2750 suspectum
954 2710 1129 2749 rogaret,
1161 2714 1256 2740 num
1283 2704 1334 2739 ab
1362 2704 1505 2748 regina
1524 2706 1739 2747 amaretur,

248 2763 368 2798 eumq
371 2762 423 2789 ue
451 2753 687 2789 infitiantem
715 2756 755 2788 ct
781 2755 997 2797 negantem
1025 2762 1206 2787 sacram(
1211 2755 1279 2787 nto
1307 2751 1457 2787 obstrin
1493 2754 1596 2794 eretz,
1634 2760 1739 2786 cum-
1757 2750 1800 2785 18

305 2810 328 2836 e
344 2764 431 2836 qille
469 2801 700 2845 pejerasset,
741 2800 963 2835 calumnias
1001 2810 1088 2835 csse
1127 2803 1353 2834 ceterorum
1392 2808 1464 2834 ver
1586 2797 1738 2833 utabat.

248 2809 433 2884 aeterum
453 2847 685 2884 Michaelem
713 2848 764 2882 ob
792 2846 830 2882 id
860 2847 1078 2892 periurium
1106 2851 1222 2882 atrox
1252 2846 1415 2882 morbus
1442 2846 1559 2880 iuvas
1575 2855 1638 2881 sae
1666 2846 1735 2880 f‹·.·r
1756 2844 1800 2879 19

247 2898 324 2931 tur.
372 2894 473 2932 Nam
501 2896 622 2932 certis
638 2894 861 2932 intervallis
888 2897 927 2930 et
953 2899 1086 2930 mente
1104 2894 1358 2930 alienabatur
1377 2897 1417 2930 et
1436 2893 1573 2929 oculos
1600 2892 1739 2928 distor-
1753 2891 1800 2928 20
