1968 3302
279 174 301 211 8
693 169 873 208 ZONAR.
901 169 1034 207 EPIT.
1061 169 1157 206 XIII
1183 167 1215 213 2,
1243 166 1372 205 5-17.

98 299 128 334 P
144 296 364 339 ΙΙ4Ατων
394 295 570 351 μητέρες
601 293 821 348 προϊόντος
853 294 982 335 αὐτοῦ
1015 291 1166 346 γοεράς
1197 291 1353 346 ῆφίουν
1384 291 1534 346 φωνὰς
1566 293 1637 335 καὶ
1668 293 1777 335 ὠλό-

280 367 415 415 λυζον.
465 363 527 407 ὧν
559 365 747 409 ἀκούσας
779 363 935 408 ἐκεῖνος
958 363 1081 416 ἤρετο
1112 361 1187 401 “τί
1213 365 1287 402 τοῦ
1319 361 1484 416 θρήνου
1516 361 1562 403 τὸ
1594 362 1779 413 αἴτιον,·”

244 435 350 477 6καὶ
380 434 539 489 μαθὼν
569 432 642 479 τὰς
672 433 856 487 μητέρας
883 432 1055 485 θρηνεῖν
1076 433 1161 471 τῶν
1182 430 1372 485 βρεφῶν,
1405 431 1549 485 ὥσπερ
1573 432 1620 473 ἐκ
1641 432 1780 486 μέθης

279 503 527 558 ἀνενεγκών,
575 501 656 543 “τὸ
687 501 765 554 μὲν
796 505 868 555 τῆς
899 499 1131 553 πράξεως”
1169 498 1279 541 εἶπεν
1314 499 1519 542 “ἀνόσιον
1549 501 1778 556 πρόδηλον,

244 573 436 627 ’ἷᾶδηλον
469 572 516 614 δέ
547 588 591 626 γε
621 569 668 612 τὸ
701 569 976 623 ἀποτέλεσμα·
1010 569 1048 610 εἰ
1077 568 1122 610 δὲ
1153 568 1224 610 καὶ
1254 573 1376 611 τοῦτο
1398 568 1450 624 ἢν
1472 568 1816 626 ἅναμφίβολον,5

279 645 471 696 κρεῖσσον
502 641 674 694 πάσχειν
707 638 780 693 ἐμὲ
811 642 899 684 ταῖς
929 637 1068 683 νόσοις
1096 637 1496 693 ταλαιπωρούμενον
1518 642 1543 694 ἢ
1566 640 1780 682 τοσούτων

278 711 454 765 βρεφῶν
485 708 846 763 καταψηφιεῖσθαι
879 706 1090 748 ἀπώλειαν
1121 707 1192 748 καὶ
1224 707 1418 762 ῥομφαίᾳ
1447 708 1581 763 λύπης
1601 708 1674 755 τὰς
1694 711 1780 751 τῶν

243 781 265 816 8
278 779 474 833 μητέρων
507 778 647 819 αὐτῶν
680 776 861 818 διελάσαι
892 775 1081 830 ψυχάς.”
1137 776 1207 817 καὶ
1228 780 1355 818 ταῦτα
1378 777 1508 819 εἰπὼν
1530 778 1778 833 ἐπανῆλθεν,

280 847 546 901 ἀποδοθῆναι
577 850 664 892 ταῖς
695 845 875 900 μητράσι
906 845 1145 898 προστάξας
1175 844 1223 886 τὰ
1253 846 1390 900 νήπια,
1423 846 1494 888 καὶ
1515 847 1711 901 χρήματα
1734 846 1780 890 δὲ

281 916 460 970 δοθῆναι
493 915 646 962 αὐταῖς,
695 912 743 955 ἵν’
779 914 1029 968 ἀντίρροπον
1061 915 1224 962 ἕξουσιν
1255 916 1280 969 ἢ
1313 915 1385 956 καὶ
1423 915 1665 958 διπλασίονα
1706 916 1780 971 τὴν
1796 914 1842 951 10
1900 941 1903 943 -

279 985 428 1040 χαράν,
462 985 522 1026 ὅτι
552 1000 594 1025 τε
626 985 763 1032 ζῶντα
795 982 844 1024 τὰ
874 984 1026 1038 ἔκγονα
1049 983 1300 1038 ἄπειλήφασι
1331 984 1403 1026 καὶ
1435 984 1494 1026 ὅτι
1526 984 1592 1025 ἐπὶ
1622 985 1782 1031 τούτοις

279 1053 350 1095 καὶ
381 1053 575 1107 χρήματα
607 1053 921 1107 προσειλήφασι.

187 1124 217 1159 Β
244 1124 266 1159 9
409 1122 548 1164 Ταῦτα
593 1122 638 1163 δὲ
683 1122 1012 1176 διαπραξαμένῳ
1056 1122 1206 1168 νυκτὸς
1249 1123 1366 1176 αὐτῷ
1410 1123 1610 1178 ἐδοξάτην
1653 1122 1781 1176 ἄνδρε

278 1191 533 1245 παρεστάναι
566 1191 701 1241 διττώ,
746 1190 908 1245 Πέτρος
940 1190 1039 1233 εἶναι
1071 1191 1142 1233 καὶ
1174 1191 1350 1237 Παῦλος
1385 1191 1571 1246 λέγοντες
1603 1193 1642 1234 οἳ
1673 1191 1779 1234 ἀπό-

279 1259 415 1302 στολοι
446 1263 520 1301 τοῦ
552 1259 754 1314 Χριστοῦ,
787 1259 858 1301 καὶ
888 1260 963 1301 “εἷ
985 1261 1264 1315 σωματικῆς”
1296 1261 1437 1315 ἔλεγον
1467 1260 1575 1302 “nal
1594 1265 1781 1316 ψυχικῆς
1796 1259 1841 1296 15

278 1328 418 1383 ὑγείας
455 1329 596 1383 βούλει
633 1333 781 1383 τυχεῖν,
829 1328 900 1370 τὸν
939 1329 1168 1371 ἐπίσκοπον
1204 1330 1481 1384 μετακάλεσαι
1512 1329 1779 1384 Σίλβεστρον,

281 1435 326 1470 13
352 1437 402 1470 ὅτι
430 1437 466 1470 οἱ
488 1441 682 1481 κορυφαῖοι
709 1440 779 1471 τῶν
805 1435 1011 1471 οἷποστόλων
1038 1437 1122 1481 ὄναρ
1149 1443 1199 1482 τῷ
1229 1437 1372 1482 βασιλεῖ
1398 1436 1580 1482 ἐφάνησαν
1609 1437 1670 1472 καὶ
1702 1438 1781 1472 ὑπέ-

278 1484 384 1519 θεντο
416 1484 545 1528 τρόπον
578 1484 624 1519 δι’
656 1484 700 1519 οὗ
731 1483 914 1529 ἰαθήσεται
954 1484 1172 1530 (οἷωθήσεται
1206 1485 1270 1520 vel
1303 1485 1514 1530 εἰωθήσεται
1542 1485 1605 1526 Ε)·
1645 1485 1706 1520 καὶ
1732 1486 1781 1524 ὥς

278 1532 485 1614 βαπτὲσθείς
509 1531 620 1616 ((Ξτὲιρὰ
645 1537 706 1568 τοῦ
733 1532 952 1578 Σιλβέστρου
980 1532 1073 1568 add.
1095 1533 1141 1577 E)
1170 1533 1255 1578 ἰάθη
1284 1535 1374 1575 (om.
1394 1533 1440 1576 E)
1469 1534 1530 1568 καὶ
1555 1533 1596 1569 τὰ
1621 1533 1782 1569 εἶδωλεΐα

279 1593 368 1615 απεκ
392 1593 482 1615 εισεν

351 1685 374 1719 2
399 1685 533 1724 ἐκεῖνος
559 1684 716 1724 ἀκούσας
743 1685 772 1721 C
912 1686 945 1720 4.
973 1686 994 1721 5
1023 1686 1162 1721 ἀνόσιον
1186 1687 1378 1731 πρόδηλον,
1405 1687 1537 1732 ἄδηλον
1564 1713 1571 1721 .
1600 1713 1607 1722 .
1634 1686 1672 1722 τὸ
1697 1686 1782 1722 ἁπο-

351 1732 510 1778 τέλεσμα]
539 1731 714 1768 Chiasmi
741 1734 916 1778 figuram
944 1733 1123 1770 Zonaras
1150 1738 1269 1779 amat,
1297 1746 1334 1769 v.
1362 1734 1460 1770 XIII
1485 1734 1517 1778 2,
1533 1735 1566 1770 9.
1593 1735 1626 1780 3,
1640 1734 1674 1769 4.
1701 1734 1733 1777 7,
1747 1734 1780 1770 2,

353 1780 409 1825 12,
436 1780 492 1817 25.
520 1781 577 1826 19,
603 1780 660 1817 20.
688 1781 744 1825 24,
772 1781 829 1816 23.
864 1781 956 1817 XIV
984 1782 1017 1826 4,
1044 1783 1077 1817 3.
1104 1782 1137 1826 6,
1164 1782 1196 1817 2.
1225 1783 1256 1825 9,
1286 1782 1341 1817 19.
1369 1782 1425 1827 15,
1451 1782 1508 1818 25.
1535 1782 1591 1827 25,
1619 1782 1676 1818 12.
1709 1782 1783 1818 XV

351 1828 385 1872 5,
411 1828 444 1865 9.
471 1828 504 1871 7,
531 1829 565 1864 2.
592 1829 648 1864 17.
676 1830 732 1872 13,
759 1830 792 1864 6.
819 1830 876 1872 27,
902 1830 934 1865 8.
961 1830 1018 1874 29,
1047 1830 1092 1865 18
1119 1834 1191 1865 cet.
1243 1830 1303 1865 De
1330 1831 1464 1876 figura
1491 1831 1782 1866 annominatio-

351 1877 414 1912 nis
440 1887 477 1912 V.
506 1877 570 1911 ad.
595 1877 694 1912 XIII
719 1877 751 1922 5,
766 1877 812 1912 29
911 1878 932 1913 7
958 1877 1283 1924 καταψηφιεῖσθαι]
1310 1878 1371 1914 De
1399 1880 1538 1914 futuro
1562 1890 1600 1914 V.
1619 1879 1672 1914 ad
1689 1878 1783 1914 XIV

352 1924 386 1967 5,
412 1924 435 1959 2
525 1925 547 1959 9
571 1925 766 1970 προςτάξας
791 1931 864 1965 ταῖς
889 1926 1042 1971 μητράσι
1070 1926 1100 1960 Ε
1189 1926 1229 1960 11
1259 1927 1381 1971 ἔγγονα
1408 1926 1478 1961 DE
1563 1926 1780 1972 ιίπειλήφασι

352 1970 528 2017 prDi,
555 1973 769 2018 ὑπειλήφασι
796 1972 831 2007 Α
998 1973 1043 2008 14
1067 1975 1277 2018 παρεστάναι
1305 1973 1479 2019 prDz',
1517 1975 1721 2019 παριστάναι
1746 1973 1782 2009 Α

400 2019 505 2055 διττὼ
532 2020 631 2066 pr
645 2020 712 2065 Di,
739 2022 845 2065 διττῷ
872 2020 906 2056 Α
1063 2022 1217 2066 λέγονται
1245 2021 1323 2066 ΑΕ,
1352 2021 1380 2057 C
1407 2033 1457 2057 ex
1486 2033 1599 2065 corr„
1626 2022 1782 2067 λέγοντες

351 2067 450 2113 pr
466 2066 538 2113 Di3
579 2069 628 2102 cf.
657 2070 782 2104 vitam
816 2068 997 2105 Silvestri
1030 2069 1177 2104 editam
1212 2080 1235 2104 a
1269 2069 1508 2106 Combefisio
1549 2070 1781 2111 (Illustrium

353 2114 498 2151 Christi
529 2119 754 2162 martyrum
788 2117 879 2152 lecti
912 2118 1102 2162 triumphi
1133 2117 1258 2152 Paris.
1287 2117 1394 2161 1660)
1433 2129 1469 2164 p.
1496 2118 1566 2154 276
1592 2121 1632 2154 et
1658 2117 1705 2154 G.
1730 2118 1779 2153 M.

351 2174 389 2209 p.
415 2162 497 2206 382,
522 2163 568 2198 22
582 2174 632 2199 SS.
730 2164 775 2199 15
801 2178 893 2208 σωμ.
920 2179 955 2199 τε
981 2165 1042 2200 καὶ
1067 2171 1229 2211 ψυχικῆς
1254 2166 1370 2210 ἔλεγον
1398 2165 1495 2211 pr
1596 2166 1641 2201 16
1665 2167 1782 2211 ὑγείας

350 2209 432 2254 AR,
459 2211 590 2256 ὖγιειάς
615 2223 691 2257 wp,
730 2223 769 2247 v.
795 2212 891 2247 XIII
917 2213 950 2255 4,
969 2213 1025 2248 34.
1052 2213 1144 2248 XVI
1172 2214 1203 2257 1,
1231 2214 1269 2258 83
1309 2215 1358 2248 cf.
1384 2213 1580 2249 Lobcckii
1606 2213 1781 2259 Paralip.

353 2258 446 2304 p.28
467 2262 506 2295 et
526 2259 785 2295 Hatzidakim
809 2258 917 2296 Einl.
931 2259 977 2296 in
991 2261 1373 2307 d.neu9r.Gramm.
1399 2261 1610 2307 Lips.1892
1628 2261 1781 2308 p.308s.

244 2369 419 2419 6„Quae
445 2375 744 2412 lamentationis
773 2377 944 2412 causa?“
985 2381 1025 2413 et
1058 2388 1147 2413 cum
1183 2379 1443 2423 comperisset
1479 2378 1695 2413 infantium
1728 2378 1780 2412 la-

280 2424 451 2458 mentari
476 2426 637 2468 matres,
666 2424 779 2459 velut
805 2425 856 2460 ab
884 2426 1080 2461 ebrietate
1104 2428 1366 2471 experrectus
1384 2423 1633 2468 „Facinoris“
1650 2426 1780 2471 inquit

245 2465 265 2500 7
283 2471 488 2516 „impietas
513 2475 634 2516 certa,
660 2472 838 2507 incertus
858 2475 1047 2517 eventus;
1074 2474 1141 2518 qui
1162 2473 1193 2508 si
1214 2473 1278 2508 vel
1298 2473 1644 2518 exploratissimus
1663 2476 1778 2517 esset,

280 2521 462 2563 praestat
487 2520 615 2564 premi
641 2530 705 2555 me
730 2520 881 2556 morbis
911 2521 1183 2556 conflictatum
1204 2530 1325 2566 quam
1344 2523 1401 2555 tot
1419 2522 1634 2556 infantium
1653 2520 1780 2556 caede

245 2560 267 2595 8
282 2566 500 2601 constituta
527 2567 664 2612 gladio
692 2567 842 2603 doloris
860 2571 1032 2604 matrum
1053 2569 1206 2604 animos
1226 2568 1520 2603 diverbe1·are.“
1571 2568 1644 2604 His
1663 2568 1780 2604 dictis

281 2614 446 2648 recessit
473 2617 511 2649 et
536 2615 734 2650 matribus
760 2626 855 2652 suos
881 2616 997 2652 reddi
1023 2616 1171 2651 liberos
1201 2616 1316 2650 iussit
1347 2616 1486 2651 addita
1518 2617 1703 2662 pecunia,
1734 2619 1780 2652 ut

281 2660 434 2695 laetitia
461 2661 641 2697 dolorem
667 2673 748 2698 non
774 2668 930 2699 tantum
959 2666 1156 2709 aequaret
1182 2663 1253 2699 sed
1278 2663 1401 2708 duplo
1433 2664 1552 2699 etiam
1585 2664 1777 2708 vinceret,

281 2717 363 2742 non
390 2708 478 2743 filiis
505 2712 662 2744 tantum
686 2711 790 2746 vivis
809 2711 1003 2747 restitutis
1022 2711 1092 2746 sed
1111 2712 1285 2756 pecunia
1305 2721 1467 2756 quoque
1485 2712 1652 2757 insuper
1671 2711 1777 2747 data.

245 2751 267 2785 9
400 2755 472 2790 His
498 2758 672 2801 peractis
698 2762 823 2793 noctu
848 2760 884 2794 ei
911 2762 1045 2794 astare
1076 2759 1151 2794 visi
1184 2762 1277 2794 sunt
1310 2758 1390 2794 duo
1423 2759 1511 2802 viri,
1545 2760 1612 2804 qui
1639 2769 1682 2795 se
1707 2759 1778 2794 Pe-

281 2805 387 2837 trum
415 2807 454 2838 et
479 2803 650 2839 Paulum
678 2815 765 2840 esse
786 2805 930 2842 Christi
957 2807 1162 2852 apostolos
1189 2806 1424 2852 profitentes
1451 2806 1640 2851 dicerent,
1679 2807 1711 2842 si
1739 2810 1778 2842 et

283 2851 462 2895 corporis
484 2853 523 2886 et
543 2852 665 2888 animi
683 2854 897 2890 sanitatem
916 2855 1110 2902 consequi
1130 2854 1259 2899 vellet,
1287 2853 1523 2891 Silvestrum
1543 2855 1776 2902 episcopum
