2054 3282
404 216 474 253 256
790 215 970 254 ZONAR.
998 214 1128 252 ΕΡΙΤ.
1156 214 1228 252 XV
1253 214 1286 260 2,
1315 214 1441 262 12—3‚
1469 215 1501 252 1.

405 338 473 379 καὶ
506 338 576 379 τὸν
608 338 698 379 υἱὸν
730 339 773 379 έν
811 343 859 392 τῇ
897 338 1055 391 μεγάλῃ
1099 337 1296 391 ἐκκλησίᾳ
1334 337 1536 391 ἒβάπτισε,
1586 337 1898 380 Κωνσταντῖνον

347 411 391 446 13
406 406 619 460 ὀνομάσας
656 406 794 447 αὐτόν.
859 406 924 446 ὅτε
961 406 1116 459 λέγεται
1155 404 1318 458 κόπρον
1350 405 1476 446 αὐτὸν
1507 406 1692 459 ε’κκρῖναι
1722 411 1771 461 τῇ
1803 407 1898 459 θείᾳ

355 475 689 528 Ὀκολυμβήθρᾳ
721 474 1049 527 καταδυόμενον,
1082 474 1309 514 κάντεῦθεν
1340 474 1683 528 ἐπονομασθῆναι
1709 476 1897 529 Κοπρώ-

347 547 392 582 14
405 559 550 596 νυμον,
599 543 669 583 καὶ
711 542 782 582 τὸν
826 542 1055 594 ἁγιώτατον
1100 542 1359 596 πατριάρχην
1402 541 1446 581 Γ
1441 542 1624 595 ερμανόν
1670 543 1794 583 εἰπεῖν
1840 543 1899 584 ὅτι

404 611 606 665 “σημεῖον
637 610 757 651 τοῦτό
790 611 870 650 ἔστι
901 614 974 650 τοῦ
1008 614 1057 664 τῇ
1097 609 1294 664 ἐκκλησίᾳ
1334 610 1404 650 καὶ
1443 614 1527 655 τοῖς
1570 611 1751 664 εὐσεβεῖν
1793 611 1936 664 ᾐρη-5

404 681 544 733 μένοις
574 680 682 732 μέγα
714 678 760 719 τὸ
791 678 957 719 παιδίον
987 682 1109 719 τοῦτο
1141 679 1389 732 χρηματίσαι
1421 678 1598 719 κακόν.”

347 752 392 787 15
519 746 572 788 Ὀ
604 747 648 787 δὲ
678 747 904 800 μάγιστρος
935 746 1124 801 Νικήτας
1155 747 1179 787 6
1213 746 1422 801 Ξυλινίτης
1452 750 1537 788 τῶν
1573 746 1769 800 ὑπερλίαν
1805 762 1899 800 τυγ-

404 815 548 869 χάνων
587 815 766 856 ὑπέθετο
805 820 867 868 τῷ
892 814 1096 869 ’Λρτεμίῳ
1129 816 1171 856 ἓν
1209 813 1490 869 Θεσσαλονίκῃ
1535 816 1774 869 τυγχάνοντι
1816 819 1900 862 τοῖς

405 883 668 937 Βουλγάροις
699 884 946 936 προσελθεῖν
973 883 1044 924 καὶ
1066 885 1259 938 συνεργίᾳ
1280 884 1440 924 τούτων
1462 884 1758 938 ἀπολήψεσθαι
1779 883 1900 924 πάλιν

347 957 392 991 16
405 952 479 1006 τὴν
509 952 727 1006 βασιλείαν.
789 951 860 992 καὶ
892 953 939 998 ὃς
970 953 1153 993 πείθεται
1184 952 1255 993 καὶ
1284 951 1386 1006 μετὰ
1418 952 1612 1006 πλήθους
1639 952 1900 1006 Βουλγάρων
1915 959 1961 994 10

406 1019 506 1075 ἧκεν
537 1021 594 1066 εἰς
624 1020 670 1061 τὸ
703 1019 948 1075 Βυζάντιον,
993 1020 1184 1075 οἰόμενος
1227 1019 1342 1074 παρὰ
1380 1024 1453 1061 τοῦ
1491 1020 1595 1061 λαοῦ
1631 1020 1899 1074 προσδεχθή-

347 1093 391 1129 17
406 1088 566 1129 σεσθαι.
629 1092 714 1129 τῶν
755 1088 799 1129 δὲ
841 1094 914 1143 τῆς
956 1089 1122 1134 πόλεως
1163 1089 1223 1143 μὴ
1269 1089 1635 1143 ἑπιστρεφομένων
1677 1089 1818 1137 αὐτοῦ,
1863 1089 1903 1130 οἱ

406 1157 646 1211 Βούλγαροι
688 1161 835 1198 τοῦτον
878 1158 1048 1198 πολλῶν
1084 1158 1314 1212 χρημάτων
1351 1163 1412 1211 τῴ
1445 1157 1590 1198 Λέοντι
1628 1157 1900 1210 προῦδωκαν.

148 1230 320 1268 W11184
347 1231 392 1266 18
405 1225 475 1267 καὶ
516 1227 556 1266 οἶ
592 1225 670 1279 μὲν
714 1226 925 1280 ἀπῆλθον·
972 1226 995 1267 6
1029 1226 1074 1267 δὲ
1112 1226 1187 1267 σὺν
1220 1231 1281 1280 τῷ
1314 1226 1499 1280 Ξυλινίτῃ
1533 1225 1728 1279 ἀνῄρητο,
1773 1225 1843 1266 καὶ
1874 1226 1899 1279 ἡ

120 1298 320 1336 ΡΙῘ103Α
348 1299 391 1334 19
405 1298 478 1335 τοῦ
521 1293 732 1335 Ξυλινίτου
776 1299 916 1349 κτῆσις
961 1293 1066 1336 οὐσα
1109 1294 1240 1348 πολλὴ
1287 1294 1516 1348 δεδήμευτο
1560 1294 1769 1347 ξύμπασα.
1831 1293 1901 1334 καὶ
1920 1301 1961 1336 15

405 1362 520 1403 ἄλλοι
553 1362 598 1403 δὲ
628 1366 714 1403 τῶν
745 1366 1007 1417 συνωμοτῶν
1037 1367 1111 1404 τοῦ
1138 1363 1353 1417 Ἀρτεμίου
1387 1363 1662 1417 ἕκτάνθησαν,
1700 1362 1808 1416 πρὸς
1840 1362 1902 1408 οἷς

405 1430 476 1472 καὶ
509 1431 533 1471 6
562 1435 636 1485 τῆς
672 1430 981 1486 Θεσσαλονίκης
1013 1432 1239 1486 ἀρχιερεύς.

346 1505 393 1541 20
553 1498 633 1540 Ἰἷτα
664 1499 736 1541 τὸν
767 1499 858 1541 υἱὸν
890 1501 1019 1542 αὐτοῦ
1053 1502 1369 1542 Κωνσταντῖνον
1402 1500 1425 1540 6
1457 1500 1583 1541 Λέων
1621 1500 1790 1554 βασιλέα
1827 1516 1900 1541 πε-

409 1630 453 1664 18
478 1631 527 1664 ὅτι
546 1629 670 1675 ἔστεφε
688 1629 745 1664 τὸν
763 1630 1011 1675 Κοπρώνυμον
1029 1630 1100 1674 (τὸν
1118 1631 1194 1665 υἱὸν
1211 1630 1317 1665 αὐτοῦ
1335 1631 1602 1665 Κωνσταντΐνον
1619 1630 1663 1674 Ε)
1683 1630 1703 1663 6
1718 1630 1823 1664 Λέων
1838 1628 1900 1665 CE

481 1750 500 1783 1
528 1749 699 1794 ἐκκλησίᾳ
727 1760 800 1784 om.
832 1748 860 1784 C
991 1749 1023 1784 5.
1043 1750 1065 1785 6
1091 1756 1132 1795 τῇ
1157 1750 1328 1794 ἐκκλησίᾳ
1354 1749 1413 1784 καὶ
1440 1755 1508 1787 τοῖς
1533 1749 1687 1794 εὐσεβεῖν
1711 1749 1902 1794 ᾑρημένοις

483 1797 693 1842 (εἰρημένοις
719 1794 769 1839 Α)
794 1797 882 1841 μέγα
908 1796 945 1831 τὸ
971 1799 1111 1832 παιδίον
1137 1803 1236 1832 τοῦτο
1262 1797 1408 1842 AEwp,
1447 1796 1486 1832 τὰ
1512 1797 1592 1841 ἅγια
1616 1797 1753 1841 μέλλειν
1779 1797 1900 1840 μιάναι

479 1845 516 1879 τὸ
540 1846 681 1880 παιδίον
707 1850 807 1879 τοῦτο
834 1845 893 1879 καὶ
924 1851 994 1883 τοῖς
1024 1846 1178 1890 εὐσεβεῖν
1203 1846 1391 1890 ᾑρημένοις
1415 1845 1503 1889 μέγα
1531 1844 1574 1888 O,
1615 1856 1650 1878 v.
1679 1844 1855 1889 Theoph.
1885 1844 1902 1878 Ϊ

479 1904 514 1938 ]).
539 1893 622 1936 400,
652 1892 705 1937 12,
733 1892 847 1928 Cedr.
875 1892 893 1926 Ῑ
919 1903 955 1937 p.
983 1893 1062 1936 792,
1095 1894 1137 1927 10
1250 1894 1272 1928 8
1298 1893 1498 1937 τυγχάνοντι
1525 1891 1570 1936 Α,
1598 1893 1667 1926 ὄντι
1695 1892 1802 1937 Ewp‚
1830 1892 1902 1927 διά-

477 1954 571 1985 γοντι
599 1940 630 1976 Ο
768 1940 801 1975 9.
830 1940 874 1974 10
898 1941 1106 1984 προσελθεῖν
1135 1960 1175 1965 -·
1203 1941 1262 1975 καὶ
1288 1940 1337 1985 ὃς]
1364 1941 1661 1985 προς-πεφευγέναι
1689 1941 1742 1974 ἵνα
1770 1940 1902 1974 τούτων

477 1989 640 2033 συνεργίᾳ
664 1987 725 2034 τὴν
750 1988 927 2034 βασιλείαν
951 1988 1055 2023 πάλιν
1081 1988 1318 2033 ἀπολήψοιτο”
1346 1989 1365 2022 6
1382 1987 1421 2022 δὲ
1446 1987 1477 2023 O
1567 1988 1605 2021 ll
1634 1987 1901 2032 προςληφθήσε-

478 2037 560 2071 σθαι
589 2035 620 2070 Ο
735 2035 779 2070 12
805 2035 900 2071 αὐτῶ
928 2035 974 2079 D,
1002 2047 1103 2071 corr.
1132 2036 1198 2073 Dw
1311 2037 1354 2070 13
1379 2036 1581 2080 προύδοσαν
1609 2035 1643 2069 D
1757 2035 1799 2070 16
1825 2049 1902 2070 συν-

478 2089 618 2128 ομοτῶν
644 2084 692 2130 Ρ*
718 2084 855 2118 invitis
882 2083 989 2118 ARW

347 2216 393 2251 13
406 2217 476 2261 vit,
503 2214 755 2252 Constantini
770 2216 932 2250 nomine
946 2215 1084 2250 indito.
1137 2215 1212 2257 Qui
1239 2225 1329 2250 cum
1359 2216 1399 2249 in
1416 2218 1674 2250 sacrosancta
1701 2214 1768 2249 illa
1794 2225 1902 2260 aqua

405 2267 669 2310 mergeretur,
712 2264 841 2298 fertur
887 2264 1117 2298 excrevisse
1168 2267 1334 2302 stercus,
1376 2263 1486 2298 unde
1525 2262 1804 2307 Copronymus
1843 2265 1903 2297 est

347 2311 392 2346 14
406 2311 726 2358 cognominatus.
779 2310 857 2346 Sed
888 2314 927 2346 et
961 2311 1254 2346 sanctissimum
1281 2311 1549 2356 patriarcham
1576 2309 1822 2345 Germanum
1848 2310 1903 2344 di-

406 2361 515 2395 xisse
541 2360 656 2394 aiunt
680 2359 799 2394 “Hac
825 2369 875 2394 ex
902 2368 947 2394 re
962 2359 1093 2394 elucet
1119 2369 1210 2394 eum
1227 2358 1441 2404 puerulum
1468 2358 1661 2393 ecelesiae
1688 2361 1727 2392 et
1741 2358 1902 2402 piet-atis

406 2407 596 2443 studiosis
622 2416 771 2452 magno
798 2407 886 2441 fore
912 2405 1055 2441 malo.³’

348 2455 392 2490 15
524 2453 703 2490 Artemio
747 2453 1059 2489 Thessalonicae
1087 2454 1250 2499 degenti
1275 2453 1436 2488 Nicetas
1461 2452 1659 2497 Xylinites
1697 2453 1900 2498 magister,

406 2503 469 2537 vir
495 2512 675 2537 summae
702 2502 965 2545 auctoritatis,
999 2502 1208 2546 persuasit,
1235 2504 1280 2536 ut
1305 2500 1504 2545 Bulgaros
1531 2499 1660 2534 adiret
1680 2509 1900 2545 eorumque

348 2550 393 2584 16
408 2560 532 2596 opera
558 2560 731 2595 regnum
758 2553 1028 2594 recuperaret.
1080 2549 1197 2590 Quod
1230 2558 1320 2583 cum
1359 2549 1518 2583 fecisset
1557 2550 1596 2582 et
1623 2557 1713 2581 cum
1750 2557 1901 2592 magna

406 2597 678 2643 Bulgarorum
706 2597 962 2632 multitudine
987 2596 1228 2642 Byzantium
1266 2596 1453 2637 venisset,
1493 2597 1605 2629 ratus
1632 2605 1674 2629 se
1700 2605 1724 2629 a
1750 2595 1900 2640 populo

348 2645 392 2680 17
407 2648 614 2690 receptum
640 2645 699 2689 iri,
744 2654 878 2689 neque
914 2654 1012 2679 vero
1053 2645 1265 2689 quisquam
1305 2643 1355 2678 de
1392 2643 1560 2677 urbanis
1599 2652 1690 2676 eum
1730 2646 1900 2686 curaret,

349 2692 394 2727 18
407 2692 575 2738 Bulgari
601 2703 649 2728 eo
676 2702 827 2738 magna
854 2692 1028 2737 pecunia
1054 2691 1181 2726 Leoni
1208 2691 1368 2736 prodito
1397 2690 1558 2725 domum
1586 2690 1803 2725 redierunt.
1829 2689 1900 2725 Ille

408 2750 498 2774 cum
524 2739 703 2785 Xylinite
728 2740 965 2774 interfectus
992 2743 1051 2774 est
1083 2742 1121 2774 et
1147 2738 1351 2784 Xylinitae
1380 2748 1476 2783 opes
1503 2747 1650 2780 omneS‚
1692 2747 1797 2782 quae
1822 2747 1896 2772 ma-

350 2787 393 2823 19
407 2798 514 2832 gnae
541 2790 666 2832 erant,
693 2787 936 2832 publicatae.
987 2786 1088 2823 Sunt
1114 2790 1153 2822 et
1179 2786 1245 2820 alii
1272 2795 1322 2821 ex
1341 2784 1509 2820 Artemii
1535 2785 1754 2820 coniuratis
1781 2785 1899 2819 occisi

407 2840 446 2869 ot
472 2838 634 2880 praeter
661 2845 706 2870 ce
752 2845 816 2869 ros
843 2834 1262 2870 Thessalonicensium
1289 2833 1628 2878 archiepiscopus.

347 2882 394 2918 20
526 2882 620 2917 Post
652 2883 751 2917 hae
778 2881 860 2917 Leo
888 2882 1192 2918 Constantinum
1220 2881 1342 2916 filium
1373 2891 1510 2926 regem
1539 2885 1648 2914 creat
1675 2879 1802 2914 officio
1827 2879 1899 2915 sol-
