2054 3282
676 215 919 254 BVLGARI.
969 212 1299 252 VITALIANVS.
1671 212 1738 248 137

241 339 342 387 ανός
373 341 449 394 ὤν,
484 339 680 382 διάκονόν
711 355 798 381 τινα
830 338 1070 394 ὀρθόόοξον
1101 337 1219 391 αὐτῷ
1239 337 1350 378 πάνυ
1375 336 1648 390 ᾠκειωμένον
1669 334 1740 376 καὶ
1755 337 1785 372 Β

242 409 309 451 διὰ
341 409 570 463 θεραπείαν
600 409 730 450 αὐτοῦ
762 409 820 454 εἰς
856 405 1124 461 ᾶρειανισμὸν
1160 406 1449 461 μεταθέμενον
1487 404 1740 457 ἀποκτεῖναι,

241 478 371 520 εἰπὼν
402 478 464 524 ὡς
493 477 612 519 ’Ἐπεὶ
641 482 703 531 τῷ
733 477 828 531 θεῷ
860 477 940 518 οὒκ
972 476 1176 531 ἐτήρησας
1206 475 1348 522 πίστιν,
1391 473 1551 528 μᾶλλον
1588 473 1639 515 οὗ
1670 489 1740 527 τη-

242 548 381 602 ρήσεις
422 547 574 601 ταύτην
617 546 760 601 ἒμοί”,
823 545 1093 587 Ἀναστασίου
1138 544 1184 586 δὲ
1226 547 1300 586 τοῦ
1342 547 1416 598 τῆς
1457 542 1742 596 πρεσβυτέρας
1755 543 1803 579 24

206 615 406 670 ὓῬώμης
441 616 561 657 πάπα
597 614 817 668 θανόντος,
862 614 933 656 καὶ
969 618 1044 656 τοῦ
1081 613 1186 655 λαοῦ
1221 612 1506 668 μερισθέντος,
1550 610 1622 652 καὶ
1658 613 1743 652 τῶν

31 733 35 736 .
242 684 321 739 μὲν
351 683 607 739 Λαυρέντιόν
637 699 724 725 τινα
759 683 1085 738 ψηφισαμένων,
1128 685 1214 724 τῶν
1251 680 1506 736 ὀρθοδόξων
1543 679 1590 721 δὲ
1620 678 1742 733 Σύμ-

23 742 60 793 J!
88 755 146 791 111
160 755 225 791 ‘261
242 768 396 808 μαχον,
440 753 668 794 κάντεῦθεν
711 751 819 805 πρὸς
856 752 1061 806 ἀλλήλους
1098 750 1415 799 στασιαζόντων,
1459 749 1484 790 ὁ
1523 748 1744 803 εἰρημένος

34 831 36 834 “
250 821 516 876 Θευδέριχος,
547 825 619 876 τῆς
635 821 804 875 Ῥώμης
824 820 913 862 τότε
938 824 1121 874 κρατῶν,
1154 820 1327 874 ἀφίκετο
1357 818 1467 872 πρὸς
1497 817 1641 871 αὐτήν,
1674 816 1745 858 καὶ
1758 819 1804 855 525

245 890 425 932 σύνοδον
446 891 653 944 ἀθροίσας
673 889 744 931 τὸν
764 889 843 944 μὲν
859 889 1100 944 Σύμμαχον
1122 889 1352 930 ἐπίσκοπον
1372 887 1473 929 εἶναι
1493 890 1566 942 τῆς
1577 885 1745 940 Ῥώμης
1758 888 1807 925 W
1823 887 1881 924 111
1899 886 1947 923 46

186 967 231 1003 10
245 959 472 1014 ἐκύρωσεν,
505 959 693 1014 ἀπήλασε
726 958 771 1000 δὲ
801 957 874 1000 τὸν
904 957 1172 1012 Λαυρέντιον.

363 1027 483 1069 Κατὰ
514 1028 688 1074 τούτους
718 1026 815 1073 τοὺς
845 1026 1026 1081 χρόνους
1057 1027 1273 1080 ἱστορεῖται
1303 1024 1350 1067 τὸ
1373 1029 1459 1066 τῶν
1481 1023 1805 1078 Βουλγάρων26

245 1097 371 1142 ἔθνος
401 1096 448 1138 τὸ
473 1095 707 1150 Ἰλλυρικὸν
737 1096 809 1137 καὶ
839 1095 913 1150 τὴν
947 1095 1124 1149 Θρᾴκην
1155 1094 1451 1148 καταδραμεῖν,
1483 1094 1617 1148 μήπω
1648 1092 1789 1147 πρὶνΟ

246 1158 571 1220 γινωσκόμενον.
633 1169 718 1206 τῶν
741 1165 786 1206 δὲ
801 1164 1048 1219 Ἀγαρηνῶν
1069 1163 1143 1218 τὴν
1164 1163 1278 1218 ἑῴαν
1308 1163 1582 1217 ληιζομένων,
1615 1177 1744 1204 σπον-
1759 1163 1805 1199 27

247 1234 324 1281 δὰς
359 1234 468 1288 πρὸς
504 1233 656 1280 αὐτοὺς
694 1234 916 1288 ἐποιήσατο
947 1232 1223 1278 Ἆναστάσιος.
1285 1235 1358 1273 τοῦ
1396 1232 1537 1286 μέντοι
1574 1229 1747 1285 Θρᾳκὸς
1760 1232 1806 1268 28

188 1305 232 1340 15
248 1303 494 1345 Βιταλιανοῦ
525 1303 734 1356 τυραννίδι
765 1301 1138 1356 ἐπικεχειρηκότος,
1179 1300 1360 1346 ᾸΙυσούς
1390 1316 1432 1341 τε
1463 1299 1534 1341 καὶ
1564 1299 1747 1345 Σκύθας

245 1373 683 1427 προσεταιρισαμένου,
717 1371 789 1413 καὶ
820 1372 908 1425 ἅμα
940 1371 1100 1416 τούτοις
1130 1369 1179 1410 τὰ
1210 1369 1305 1423 περὶ
1335 1369 1410 1423 τὴν
1440 1369 1631 1423 βασιλίδα
1659 1368 1746 1423 ληι-

246 1441 427 1495 ζομένου
465 1444 551 1482 τῶν
587 1439 766 1494 πόλεων,
811 1439 914 1480 ἀλλὰ
952 1439 1040 1494 μὴν
1075 1438 1147 1480 καὶ
1178 1438 1314 1492 στόλῳ
1345 1435 1436 1479 κατ’
1470 1438 1598 1492 αὐτῆς
1629 1437 1746 1478 ἔπελ-

246 1509 412 1563 θόντος,
444 1509 705 1564 ἁντικατέστη
737 1508 874 1563 τούτῳ
907 1507 974 1550 διὰ
996 1506 1226 1562 ΛΙαριανοῦ
1257 1510 1331 1549 τοῦ
1362 1506 1558 1561 ὑπάρχου
1584 1506 1608 1548 ὁ
1623 1505 1745 1548 Ἀνα-

246 1640 269 1675 2
294 1640 488 1685 σημείωσαι
503 1638 572 1674 ΑΕ
677 1638 700 1674 4
724 1638 802 1684 περὶ
820 1643 880 1674 τοῦ
898 1641 989 1681 (om.
1006 1638 1052 1681 E)
1069 1637 1167 1673 πάπα
1184 1642 1245 1683 τῆς
1257 1637 1400 1683 Ῥώμης
1419 1636 1482 1673 ΟΕ
1599 1636 1642 1671 11
1668 1636 1747 1681 περὶ

247 1693 319 1722 τῶν
343 1687 565 1733 Βουλγάρων
590 1686 654 1723 CE
753 1686 798 1722 14
825 1687 904 1731 περὶ
928 1686 1139 1722 Βιταλιανοῦ
1163 1686 1450 1731 τυραννήσαντος,
1474 1684 1535 1720 καὶ
1552 1685 1648 1724 ὅπως
1666 1698 1747 1720 κατ-

247 1736 465 1781 επολεμήθη,
490 1735 550 1770 καὶ
574 1735 654 1780 περὶ
679 1734 851 1780 Πρόκλου
876 1734 916 1779 C,
945 1734 1024 1780 περὶ
1050 1734 1221 1779 Πρόκλου
1248 1734 1279 1769 Ε

322 1865 339 1899 1
367 1864 473 1899 αὐτοῦ
499 1864 531 1899 Ε
627 1864 650 1899 Ε.)
675 1863 779 1900 αὐτὸν
805 1863 841 1899 D
946 1863 1251 1909 μεταβαλλόμενον
1278 1862 1307 1899 C
1413 1863 1436 1898 8
1459 1862 1672 1908 ψευδὲριχος
1699 1862 1746 1906 D,

320 1912 527 1958 θεοόέριχος
551 1911 697 1958 wap,
724 1923 761 1947 v.
789 1912 841 1947 ad
867 1911 959 1948 XIV
986 1912 1019 1956 3,
1046 1911 1093 1946 23
1190 1911 1212 1946 9
1238 1917 1299 1956 τῆς
1323 1911 1448 1956 ῥώμης
1473 1910 1558 1946 εἶναι
1587 1909 1749 1956 prDz'

322 1961 365 1995 11
394 1963 488 1995 ante
507 1959 544 1995 τὸ
562 1959 654 1995 add.
673 1960 734 1995 καὶ
751 1959 852 2006 pr
954 1959 998 1995 15
1024 1959 1335 2005 ἐπικεχωρηκότος
1349 1958 1380 1993 Β
1471 1959 1517 1994 18
1542 1958 1746 2003 ῙὶΙαριανοῦ]

322 2019 359 2044 ν.
383 2007 548 2043 Rosium
575 2008 598 2043 l.
625 2018 656 2043 c.
683 2019 720 2054 p.
748 2007 794 2044 66
808 2018 837 2044 s.
934 2007 1090 2053 ἐπάρχου
1117 2006 1232 2054 pr,
1258 2018 1296 2043 v.
1324 2007 1377 2043 ad
1403 2006 1500 2042 XIII
1527 2005 1583 2052 14,
1611 2006 1656 2042 15

251 2137 454 2183 quendam
490 2136 773 2181 orthodoxum,
812 2137 1013 2173 hominem
1045 2137 1120 2173 sibi
1153 2137 1520 2180 familiarissimum,
1558 2137 1600 2171 in
1633 2146 1749 2172 suam

249 2185 424 2231 gratiam
442 2183 715 2220 Arianismum
734 2185 966 2231 amplexum
983 2195 1162 2230 necasse,
1189 2195 1281 2220 cum
1300 2185 1470 2220 diceret:
1495 2185 1519 2197 “
1528 2183 1646 2226 Quod
1673 2184 1749 2220 deo

250 2243 332 2268 non
359 2233 531 2268 servasti
558 2232 689 2277 fidem,
716 2243 797 2268 non
824 2233 955 2279 magis
981 2232 1076 2268 mihi
1103 2232 1326 2268 servabis”.
1377 2231 1593 2268 Anastasio
1614 2235 1750 2268 autem
1764 2228 1811 2264 24

250 2291 358 2327 papa
390 2281 539 2316 veteris
571 2280 722 2316 Romae
754 2283 914 2316 mortuo
947 2283 986 2316 et
1019 2281 1170 2327 populo
1203 2280 1423 2316 dissidente
1455 2283 1495 2316 et
1528 2280 1616 2315 aliis
1647 2279 1751 2315 Lau-

250 2329 423 2363 rentium
460 2328 661 2374 quendam
701 2328 1025 2372 decernentibus,
1066 2328 1302 2364 orthodoxis
1328 2338 1426 2363 vero
1454 2327 1750 2372 Symmachum,

253 2376 430 2422 indeque
447 2376 552 2411 inter
572 2386 615 2411 sc
634 2376 877 2412 facientibus
896 2376 1145 2420 seditionem,
1164 2375 1268 2411 idem
1288 2375 1579 2419 Theudoricus,
1598 2375 1750 2411 Romae

253 2428 335 2459 tum
364 2423 459 2468 dux,
486 2424 527 2459 in
552 2424 693 2459 urbem
721 2424 832 2459 venit
860 2427 899 2459 et
926 2423 1095 2459 concilio
1123 2427 1347 2459 convocato
1373 2422 1659 2469 Symmachum
1685 2433 1752 2458 ex-
1765 2419 1812 2456 ‘25

254 2471 368 2518 pulso
394 2470 616 2507 Laurentio
644 2473 876 2518 episcopum
906 2481 994 2507 esse
1019 2471 1172 2507 Romae
1198 2472 1462 2507 confirmavit.

371 2519 444 2554 His
481 2519 730 2566 temporibus
770 2521 898 2555 fertur
935 2529 1037 2565 gens
1071 2518 1341 2565 Bulgarorum
1378 2519 1491 2565 prius
1531 2519 1673 2564 ignota
1710 2519 1749 2553 in
1765 2517 1812 2552 26

256 2567 270 2602 1
276 2567 458 2613 ilyricum
477 2570 516 2602 et
530 2566 743 2602 Thraciam
763 2567 973 2603 invasisse.
999 2566 1098 2603 Cum
1117 2566 1320 2613 Agarenis
1337 2566 1541 2602 Orientem
1561 2566 1751 2602 vastanti-
1765 2564 1811 2600 27

255 2615 331 2650 bus
351 2614 496 2650 foedus
515 2615 610 2650 fecit
625 2614 884 2660 Anastasius3
902 2615 973 2650 sed
993 2625 1082 2650 cum
1098 2614 1324 2650 Vitalianus
1339 2614 1475 2649 Thrax
1492 2613 1750 2660 tyrannidem
1766 2612 1813 2649 28

255 2662 484 2698 affectasset
498 2665 538 2698 et
558 2672 647 2698 cum
661 2662 785 2709 Mysis
799 2662 1040 2708 Scythisque
1061 2662 1136 2698 sibi
1158 2662 1360 2698 adiunctis
1385 2672 1518 2708 agros,
1545 2661 1613 2708 qui
1636 2665 1752 2698 erant

256 2710 362 2745 circa
390 2710 573 2756 reginam
599 2710 772 2754 urbium,
813 2714 994 2746 vastaret
1025 2714 1148 2755 atque
1175 2711 1294 2746 etiam
1325 2710 1451 2745 classe
1478 2710 1621 2746 urbem
1648 2712 1753 2746 esset

255 2767 489 2803 aggressus,
526 2756 765 2794 Anastasius
798 2769 870 2804 per
896 2758 1121 2793 Marianum
1154 2759 1405 2804 praefectum
1432 2758 1577 2794 restitit
1601 2756 1813 2793 navali-‘29

255 2814 334 2850 que
366 2815 506 2851 pugna
539 2806 649 2841 faeta
674 2816 726 2842 ex
752 2806 939 2842 machina
965 2805 1141 2852 quadam
1169 2815 1193 2841 a
1219 2805 1363 2841 Proclo
1390 2806 1478 2842 viro
1505 2805 1753 2842 excellentis—

255 2853 353 2888 simo
388 2854 495 2888 facta
529 2853 576 2894 (is
608 2854 713 2889 enim
744 2857 830 2889 tum
863 2854 1034 2890 florebat
1064 2853 1317 2899 philosophia
1343 2856 1383 2889 et
1407 2854 1450 2889 in
1475 2854 1644 2890 scientia
1672 2863 1753 2888 ma·

255 2900 412 2945 chinah,
441 2910 530 2936 cum
549 2910 631 2936 non
649 2901 769 2938 modo
788 2900 1050 2946 Archimedis,
1072 2901 1176 2937 illius
1197 2901 1361 2937 artificis
1380 2900 1598 2946 clarissimi,
1619 2901 1752 2937 omnia
