<?xml version="1.0" encoding="UTF-8"?>
<!DOCTYPE html PUBLIC "-//W3C//DTD XHTML 1.0 Transitional//EN"
    "http://www.w3.org/TR/xhtml1/DTD/xhtml1-transitional.dtd">
<html xmlns="http://www.w3.org/1999/xhtml" xml:lang="en" lang="en">
 <head>
  <title>
</title>
<meta http-equiv="Content-Type" content="text/html;charset=utf-8" />
  <meta name='ocr-system' content='tesseract 3.04.00' />
  <meta name='ocr-capabilities' content='ocr_page ocr_carea ocr_par ocr_line ocrx_word'/>
</head>
<body>
  <div class='ocr_page' id='page_1' title='image "./corpusscriptorum31niebuoft_0713.png"; bbox 0 0 2054 3282; ppageno 0'>
   <div class='ocr_carea' id='block_1_1' title="bbox 524 209 1728 292">
    <p class='ocr_par' dir='ltr' id='par_1_1' title="bbox 524 209 1728 292">
     <span class='ocr_line' id='line_1_1' title="bbox 524 209 1728 292; baseline 0.006 -18"><span class='ocrx_word' id='word_1_1' title='bbox 524 235 758 292; x_wconf 69' lang='lat' dir='ltr'><em>evocem⁷</em></span> <span class='ocrx_word' id='word_1_2' title='bbox 779 235 942 276; x_wconf 76' lang='lat' dir='ltr'>Nvssn·</span> <span class='ocrx_word' id='word_1_3' title='bbox 965 209 1182 278; x_wconf 75' lang='lat' dir='ltr'>noMANo</span> <span class='ocrx_word' id='word_1_4' title='bbox 1206 236 1438 279; x_wconf 74' lang='lat' dir='ltr'>moessm.</span> <span class='ocrx_word' id='word_1_5' title='bbox 1657 240 1728 281; x_wconf 77' lang='lat'><em>687</em></span> 
     </span>
    </p>
   </div>
   <div class='ocr_carea' id='block_1_2' title="bbox 0 356 1787 1515">
    <p class='ocr_par' dir='ltr' id='par_1_2' title="bbox 228 356 1787 626">
     <span class='ocr_line' id='line_1_2' title="bbox 232 356 1726 417; baseline 0.005 -18"><span class='ocrx_word' id='word_1_6' title='bbox 232 356 385 412; x_wconf 83' lang='grc' dir='ltr'><em>πόρρω</em></span> <span class='ocrx_word' id='word_1_7' title='bbox 415 357 551 412; x_wconf 88' lang='grc' dir='ltr'><em>μόνον</em></span> <span class='ocrx_word' id='word_1_8' title='bbox 579 359 651 401; x_wconf 76' lang='grc' dir='ltr'><em>καὶ</em></span> <span class='ocrx_word' id='word_1_9' title='bbox 681 363 766 407; x_wconf 86' lang='grc' dir='ltr'><em>τοῖς</em></span> <span class='ocrx_word' id='word_1_10' title='bbox 795 360 967 416; x_wconf 76' lang='grc' dir='ltr'><em>ἐχθροῖς</em></span> <span class='ocrx_word' id='word_1_11' title='bbox 997 361 1285 417; x_wconf 81' lang='grc' dir='ltr'><em>ἀγχιτέρμονα,</em></span> <span class='ocrx_word' id='word_1_12' title='bbox 1317 362 1420 406; x_wconf 85' lang='grc' dir='ltr'><em>ἀλλὰ</em></span> <span class='ocrx_word' id='word_1_13' title='bbox 1452 363 1524 406; x_wconf 84' lang='grc' dir='ltr'><em>καὶ</em></span> <span class='ocrx_word' id='word_1_14' title='bbox 1550 364 1655 406; x_wconf 77' lang='grc' dir='ltr'><em>αὐτὰ</em></span> <span class='ocrx_word' id='word_1_15' title='bbox 1676 364 1726 407; x_wconf 84' lang='grc' dir='ltr'><em>τὰ</em></span> 
     </span>
     <span class='ocr_line' id='line_1_3' title="bbox 232 425 1787 488; baseline 0.005 -22"><span class='ocrx_word' id='word_1_16' title='bbox 232 425 487 480; x_wconf 82' lang='grc' dir='ltr'><em>ἀγχίθυρα.”</em></span> <span class='ocrx_word' id='word_1_17' title='bbox 546 427 618 469; x_wconf 85' lang='grc' dir='ltr'><em>καὶ</em></span> <span class='ocrx_word' id='word_1_18' title='bbox 655 428 721 469; x_wconf 76' lang='grc' dir='ltr'><em>ἐπὶ</em></span> <span class='ocrx_word' id='word_1_19' title='bbox 758 429 919 476; x_wconf 81' lang='grc' dir='ltr'><em>τούτοις</em></span> <span class='ocrx_word' id='word_1_20' title='bbox 960 433 1046 472; x_wconf 88' lang='grc' dir='ltr'><em>τῶν</em></span> <span class='ocrx_word' id='word_1_21' title='bbox 1089 431 1234 485; x_wconf 80' lang='grc' dir='ltr'><em>ὅρκων</em></span> <span class='ocrx_word' id='word_1_22' title='bbox 1276 431 1348 474; x_wconf 81' lang='grc' dir='ltr'><em>καὶ</em></span> <span class='ocrx_word' id='word_1_23' title='bbox 1390 436 1464 475; x_wconf 85' lang='grc' dir='ltr'><em>τοῦ</em></span> <span class='ocrx_word' id='word_1_24' title='bbox 1509 433 1725 488; x_wconf 79' lang='grc' dir='ltr'><em>ἐγγράφου</em></span> <span class='ocrx_word' id='word_1_25' title='bbox 1739 437 1787 474; x_wconf 80' lang='lat'><em>25</em></span> 
     </span>
     <span class='ocr_line' id='line_1_4' title="bbox 228 494 1724 558; baseline 0.007 -23"><span class='ocrx_word' id='word_1_26' title='bbox 228 494 388 548; x_wconf 88' lang='grc' dir='ltr'><em>πολλὴν</em></span> <span class='ocrx_word' id='word_1_27' title='bbox 417 495 592 537; x_wconf 78' lang='grc' dir='ltr'><em>ἐποιεῖτο</em></span> <span class='ocrx_word' id='word_1_28' title='bbox 622 497 898 552; x_wconf 86' lang='grc' dir='ltr'><em>καταδρομὴν</em></span> <span class='ocrx_word' id='word_1_29' title='bbox 927 498 999 540; x_wconf 81' lang='grc' dir='ltr'><em>καὶ</em></span> <span class='ocrx_word' id='word_1_30' title='bbox 1028 498 1102 541; x_wconf 89' lang='grc' dir='ltr'><em>τὸν</em></span> <span class='ocrx_word' id='word_1_31' title='bbox 1131 499 1340 542; x_wconf 86' lang='grc' dir='ltr'><em>τεθνεῶτα</em></span> <span class='ocrx_word' id='word_1_32' title='bbox 1371 501 1542 555; x_wconf 81' lang='grc' dir='ltr'><em>βασιλέα</em></span> <span class='ocrx_word' id='word_1_33' title='bbox 1568 502 1724 558; x_wconf 81' lang='grc' dir='ltr'><em>ἐκακη-</em></span> 
     </span>
     <span class='ocr_line' id='line_1_5' title="bbox 228 562 1723 626; baseline 0.008 -24"><span class='ocrx_word' id='word_1_34' title='bbox 228 562 355 616; x_wconf 76' lang='grc' dir='ltr'><em>γόρει,</em></span> <span class='ocrx_word' id='word_1_35' title='bbox 388 563 450 609; x_wconf 87' lang='grc' dir='ltr'><em>ὡς</em></span> <span class='ocrx_word' id='word_1_36' title='bbox 478 564 589 619; x_wconf 87' lang='grc' dir='ltr'><em>μηδὲ</em></span> <span class='ocrx_word' id='word_1_37' title='bbox 618 568 692 606; x_wconf 83' lang='grc' dir='ltr'><em>τοῦ</em></span> <span class='ocrx_word' id='word_1_38' title='bbox 724 570 845 621; x_wconf 86' lang='grc' dir='ltr'><em>κοινῇ</em></span> <span class='ocrx_word' id='word_1_39' title='bbox 874 568 1164 622; x_wconf 82' lang='grc' dir='ltr'><em>συμφέροντος</em></span> <span class='ocrx_word' id='word_1_40' title='bbox 1185 568 1368 624; x_wconf 75' lang='grc' dir='ltr'><em>θέμενον</em></span> <span class='ocrx_word' id='word_1_41' title='bbox 1386 569 1603 626; x_wconf 83' lang='grc' dir='ltr'><em>πρόνοιαν,</em></span> <span class='ocrx_word' id='word_1_42' title='bbox 1635 569 1723 614; x_wconf 81' lang='grc' dir='ltr'><em>ἀλλ’</em></span> 
     </span>
    </p>

    <p class='ocr_par' dir='ltr' id='par_1_3' title="bbox 191 630 1784 967">
     <span class='ocr_line' id='line_1_6' title="bbox 191 630 1723 695; baseline 0.007 -24"><span class='ocrx_word' id='word_1_43' title='bbox 191 636 214 672; x_wconf 83' lang='grc'>5</span> <span class='ocrx_word' id='word_1_44' title='bbox 228 630 276 672; x_wconf 76' lang='grc' dir='ltr'><em>ἐκ</em></span> <span class='ocrx_word' id='word_1_45' title='bbox 308 631 557 685; x_wconf 82' lang='grc' dir='ltr'><em>ζηλοτυπίας</em></span> <span class='ocrx_word' id='word_1_46' title='bbox 587 632 826 687; x_wconf 78' lang='grc' dir='ltr'><em>έκθέσμους</em></span> <span class='ocrx_word' id='word_1_47' title='bbox 856 634 1014 689; x_wconf 83' lang='grc' dir='ltr'><em>ὅρκους</em></span> <span class='ocrx_word' id='word_1_48' title='bbox 1044 636 1287 691; x_wconf 84' lang='grc' dir='ltr'><em>ἀπῃτηκότα</em></span> <span class='ocrx_word' id='word_1_49' title='bbox 1314 637 1385 680; x_wconf 80' lang='grc' dir='ltr'><em>καὶ</em></span> <span class='ocrx_word' id='word_1_50' title='bbox 1404 639 1633 694; x_wconf 89' lang='grc' dir='ltr'><em>παράνομα</em></span> <span class='ocrx_word' id='word_1_51' title='bbox 1655 641 1723 695; x_wconf 82' lang='grc' dir='ltr'><em>ἔγ-</em></span> 
     </span>
     <span class='ocr_line' id='line_1_7' title="bbox 228 700 1784 763; baseline 0.006 -24"><span class='ocrx_word' id='word_1_52' title='bbox 228 714 384 753; x_wconf 88' lang='grc' dir='ltr'><em>γραφα.</em></span> <span class='ocrx_word' id='word_1_53' title='bbox 445 700 605 746; x_wconf 88' lang='grc' dir='ltr'><em>τούτοις</em></span> <span class='ocrx_word' id='word_1_54' title='bbox 634 700 731 748; x_wconf 84' lang='grc' dir='ltr'><em>τοὺς</em></span> <span class='ocrx_word' id='word_1_55' title='bbox 760 702 927 750; x_wconf 88' lang='grc' dir='ltr'><em>πλείους</em></span> <span class='ocrx_word' id='word_1_56' title='bbox 964 705 1286 759; x_wconf 76' lang='grc' dir='ltr'><em>συντιθεμένους</em></span> <span class='ocrx_word' id='word_1_57' title='bbox 1323 706 1516 761; x_wconf 79' lang='grc' dir='ltr'><em>ἐσχηκὼς</em></span> <span class='ocrx_word' id='word_1_58' title='bbox 1552 708 1722 763; x_wconf 75' lang='grc' dir='ltr'><em>ἐκεῖνος,</em></span> <span class='ocrx_word' id='word_1_59' title='bbox 1737 713 1784 748; x_wconf 83' lang='grc'><em>26</em></span> 
     </span>
     <span class='ocr_line' id='line_1_8' title="bbox 226 767 1723 831; baseline 0.008 -24"><span class='ocrx_word' id='word_1_60' title='bbox 226 767 266 808; x_wconf 84' lang='grc' dir='ltr'><em>εἶ</em></span> <span class='ocrx_word' id='word_1_61' title='bbox 293 767 341 809; x_wconf 85' lang='grc' dir='ltr'><em>δέ</em></span> <span class='ocrx_word' id='word_1_62' title='bbox 369 784 473 814; x_wconf 89' lang='grc' dir='ltr'><em>τινες</em></span> <span class='ocrx_word' id='word_1_63' title='bbox 502 768 573 810; x_wconf 85' lang='grc' dir='ltr'><em>καὶ</em></span> <span class='ocrx_word' id='word_1_64' title='bbox 604 769 832 825; x_wconf 83' lang='grc' dir='ltr'><em>ἀντέλεγον,</em></span> <span class='ocrx_word' id='word_1_65' title='bbox 865 771 962 818; x_wconf 87' lang='grc' dir='ltr'><em>τοὺς</em></span> <span class='ocrx_word' id='word_1_66' title='bbox 991 771 1070 826; x_wconf 79' lang='grc' dir='ltr'><em>μὲν</em></span> <span class='ocrx_word' id='word_1_67' title='bbox 1098 773 1267 827; x_wconf 85' lang='grc' dir='ltr'><em>δώροις,</em></span> <span class='ocrx_word' id='word_1_68' title='bbox 1298 773 1396 821; x_wconf 86' lang='grc' dir='ltr'><em>τοὺς</em></span> <span class='ocrx_word' id='word_1_69' title='bbox 1417 772 1455 816; x_wconf 78' lang='grc' dir='ltr'><em>δ’</em></span> <span class='ocrx_word' id='word_1_70' title='bbox 1478 775 1723 831; x_wconf 77' lang='grc' dir='ltr'><em>ὑποσχέσεσι</em></span> 
     </span>
     <span class='ocr_line' id='line_1_9' title="bbox 226 836 1723 899; baseline 0.007 -23"><span class='ocrx_word' id='word_1_71' title='bbox 226 836 490 890; x_wconf 81' lang='grc' dir='ltr'><em>συμψήφους</em></span> <span class='ocrx_word' id='word_1_72' title='bbox 509 838 654 884; x_wconf 86' lang='grc' dir='ltr'><em>πείσας</em></span> <span class='ocrx_word' id='word_1_73' title='bbox 682 839 799 893; x_wconf 81' lang='grc' dir='ltr'><em>αὐτῷ</em></span> <span class='ocrx_word' id='word_1_74' title='bbox 830 841 1035 895; x_wconf 82' lang='grc' dir='ltr'><em>γενέσθαι,</em></span> <span class='ocrx_word' id='word_1_75' title='bbox 1068 841 1216 883; x_wconf 76' lang='grc' dir='ltr'><em>στέλλει</em></span> <span class='ocrx_word' id='word_1_76' title='bbox 1247 846 1297 897; x_wconf 82' lang='grc' dir='ltr'><em>τῇ</em></span> <span class='ocrx_word' id='word_1_77' title='bbox 1327 843 1541 899; x_wconf 82' lang='grc' dir='ltr'><em>βασιλίσσῃ</em></span> <span class='ocrx_word' id='word_1_78' title='bbox 1569 844 1617 887; x_wconf 85' lang='grc' dir='ltr'><em>τὸ</em></span> <span class='ocrx_word' id='word_1_79' title='bbox 1638 849 1723 888; x_wconf 87' lang='grc' dir='ltr'><em>τῶν</em></span> 
     </span>
     <span class='ocr_line' id='line_1_10' title="bbox 225 904 1782 967; baseline 0.006 -22"><span class='ocrx_word' id='word_1_80' title='bbox 225 904 373 958; x_wconf 85' lang='grc' dir='ltr'><em>ὅρκων</em></span> <span class='ocrx_word' id='word_1_81' title='bbox 392 905 690 961; x_wconf 84' lang='grc' dir='ltr'><em>χειρόγραφον.</em></span> <span class='ocrx_word' id='word_1_82' title='bbox 737 908 763 962; x_wconf 84' lang='grc' dir='ltr'><strong><em>ἡ</em></strong></span> <span class='ocrx_word' id='word_1_83' title='bbox 797 908 843 950; x_wconf 87' lang='grc' dir='ltr'><em>δὲ</em></span> <span class='ocrx_word' id='word_1_84' title='bbox 872 909 1021 950; x_wconf 84' lang='grc' dir='ltr'><em>τούτου</em></span> <span class='ocrx_word' id='word_1_85' title='bbox 1052 910 1264 965; x_wconf 83' lang='grc' dir='ltr'><em>λαβομένη</em></span> <span class='ocrx_word' id='word_1_86' title='bbox 1297 911 1355 957; x_wconf 84' lang='grc' dir='ltr'><em>εἷς</em></span> <span class='ocrx_word' id='word_1_87' title='bbox 1385 912 1510 966; x_wconf 83' lang='grc' dir='ltr'><em>ἔργον</em></span> <span class='ocrx_word' id='word_1_88' title='bbox 1540 913 1587 955; x_wconf 87' lang='grc' dir='ltr'><em>τὸ</em></span> <span class='ocrx_word' id='word_1_89' title='bbox 1616 914 1720 967; x_wconf 83' lang='grc' dir='ltr'><em>βού-</em></span> <span class='ocrx_word' id='word_1_90' title='bbox 1735 918 1782 955; x_wconf 84' lang='grc'><em>27</em></span> 
     </span>
    </p>

    <p class='ocr_par' dir='ltr' id='par_1_4' title="bbox 166 972 1779 1307">
     <span class='ocr_line' id='line_1_11' title="bbox 166 972 1772 1035; baseline 0.006 -22"><span class='ocrx_word' id='word_1_91' title='bbox 166 978 212 1014; x_wconf 85' lang='grc'><em>10</em></span> <span class='ocrx_word' id='word_1_92' title='bbox 226 972 359 1027; x_wconf 89' lang='grc' dir='ltr'><em>λευμα</em></span> <span class='ocrx_word' id='word_1_93' title='bbox 392 974 606 1016; x_wconf 84' lang='grc' dir='ltr'><em>ἀπετέλεσε</em></span> <span class='ocrx_word' id='word_1_94' title='bbox 637 975 707 1017; x_wconf 83' lang='grc' dir='ltr'><em>καὶ</em></span> <span class='ocrx_word' id='word_1_95' title='bbox 738 976 877 1030; x_wconf 84' lang='grc' dir='ltr'><em>ἄγεται</em></span> <span class='ocrx_word' id='word_1_96' title='bbox 906 977 985 1031; x_wconf 85' lang='grc' dir='ltr'><em>μὲν</em></span> <span class='ocrx_word' id='word_1_97' title='bbox 1015 977 1086 1019; x_wconf 87' lang='grc' dir='ltr'><em>τὸν</em></span> <span class='ocrx_word' id='word_1_98' title='bbox 1118 978 1291 1034; x_wconf 87' lang='grc' dir='ltr'><em>Διογένη</em></span> <span class='ocrx_word' id='word_1_99' title='bbox 1324 979 1395 1021; x_wconf 86' lang='grc' dir='ltr'><em>καὶ</em></span> <span class='ocrx_word' id='word_1_100' title='bbox 1416 981 1552 1035; x_wconf 90' lang='grc' dir='ltr'><em>τούτῳ</em></span> <span class='ocrx_word' id='word_1_101' title='bbox 1573 982 1719 1031; x_wconf 85' lang='grc' dir='ltr'><em>συζεύ-</em></span> <span class='ocrx_word' id='word_1_102' title='bbox 1737 987 1772 1022; x_wconf 95' lang='lat' dir='ltr'>D</span> 
     </span>
     <span class='ocr_line' id='line_1_12' title="bbox 226 1043 1721 1102; baseline 0.007 -20"><span class='ocrx_word' id='word_1_103' title='bbox 226 1056 379 1095; x_wconf 83' lang='grc' dir='ltr'><em>γνυται,</em></span> <span class='ocrx_word' id='word_1_104' title='bbox 426 1046 637 1084; x_wconf 86' lang='grc' dir='ltr'><em>κοινοῦται</em></span> <span class='ocrx_word' id='word_1_105' title='bbox 669 1043 715 1085; x_wconf 84' lang='grc' dir='ltr'><em>δὲ</em></span> <span class='ocrx_word' id='word_1_106' title='bbox 745 1044 820 1099; x_wconf 88' lang='grc' dir='ltr'><em>τὴν</em></span> <span class='ocrx_word' id='word_1_107' title='bbox 849 1047 1000 1099; x_wconf 85' lang='grc' dir='ltr'><em>πρᾶξιν</em></span> <span class='ocrx_word' id='word_1_108' title='bbox 1029 1050 1091 1100; x_wconf 77' lang='grc' dir='ltr'><em>τῷ</em></span> <span class='ocrx_word' id='word_1_109' title='bbox 1125 1048 1398 1102; x_wconf 86' lang='grc' dir='ltr'><em>πρεσβυτέρῳ</em></span> <span class='ocrx_word' id='word_1_110' title='bbox 1428 1065 1470 1091; x_wconf 88' lang='grc' dir='ltr'><em>τε</em></span> <span class='ocrx_word' id='word_1_111' title='bbox 1499 1053 1585 1092; x_wconf 86' lang='grc' dir='ltr'><em>τῶν</em></span> <span class='ocrx_word' id='word_1_112' title='bbox 1615 1051 1721 1093; x_wconf 84' lang='grc' dir='ltr'><em>υἶῶν</em></span> 
     </span>
     <span class='ocr_line' id='line_1_13' title="bbox 224 1109 1721 1174; baseline 0.007 -24"><span class='ocrx_word' id='word_1_113' title='bbox 224 1109 296 1151; x_wconf 81' lang='grc' dir='ltr'><em>καὶ</em></span> <span class='ocrx_word' id='word_1_114' title='bbox 326 1115 388 1164; x_wconf 80' lang='grc' dir='ltr'><em>τῷ</em></span> <span class='ocrx_word' id='word_1_115' title='bbox 423 1110 600 1166; x_wconf 82' lang='grc' dir='ltr'><em>Καίσαρι</em></span> <span class='ocrx_word' id='word_1_116' title='bbox 629 1113 928 1167; x_wconf 85' lang='grc' dir='ltr'><em>μετακληθέντι</em></span> <span class='ocrx_word' id='word_1_117' title='bbox 958 1113 1066 1168; x_wconf 88' lang='grc' dir='ltr'><em>πρὸς</em></span> <span class='ocrx_word' id='word_1_118' title='bbox 1096 1114 1145 1156; x_wconf 86' lang='grc' dir='ltr'><em>τὰ</em></span> <span class='ocrx_word' id='word_1_119' title='bbox 1176 1114 1360 1169; x_wconf 90' lang='grc' dir='ltr'><em>βασίλεια</em></span> <span class='ocrx_word' id='word_1_120' title='bbox 1386 1117 1458 1159; x_wconf 83' lang='grc' dir='ltr'><em>καὶ</em></span> <span class='ocrx_word' id='word_1_121' title='bbox 1477 1119 1721 1174; x_wconf 87' lang='grc' dir='ltr'><em>μετασχόντι</em></span> 
     </span>
     <span class='ocr_line' id='line_1_14' title="bbox 221 1179 1719 1242; baseline 0.007 -23"><span class='ocrx_word' id='word_1_122' title='bbox 221 1181 309 1220; x_wconf 85' lang='grc' dir='ltr'><em>τῶν</em></span> <span class='ocrx_word' id='word_1_123' title='bbox 344 1179 557 1233; x_wconf 83' lang='grc' dir='ltr'><em>ὑμεναίων</em></span> <span class='ocrx_word' id='word_1_124' title='bbox 593 1180 666 1222; x_wconf 83' lang='grc' dir='ltr'><em>καὶ</em></span> <span class='ocrx_word' id='word_1_125' title='bbox 704 1184 789 1223; x_wconf 86' lang='grc' dir='ltr'><em>τῶν</em></span> <span class='ocrx_word' id='word_1_126' title='bbox 828 1182 1061 1237; x_wconf 81' lang='grc' dir='ltr'><em>ἕπιγαμίων</em></span> <span class='ocrx_word' id='word_1_127' title='bbox 1103 1183 1437 1240; x_wconf 84' lang='grc' dir='ltr'><em>ἀπογευσαμένῳ</em></span> <span class='ocrx_word' id='word_1_128' title='bbox 1475 1188 1719 1242; x_wconf 87' lang='grc' dir='ltr'><em>κρατήρων·</em></span> 
     </span>
     <span class='ocr_line' id='line_1_15' title="bbox 222 1246 1779 1307; baseline 0.007 -19"><span class='ocrx_word' id='word_1_129' title='bbox 222 1246 294 1288; x_wconf 83' lang='grc' dir='ltr'><em>καὶ</em></span> <span class='ocrx_word' id='word_1_130' title='bbox 324 1247 350 1288; x_wconf 84' lang='grc' dir='ltr'>ὁ</span> <span class='ocrx_word' id='word_1_131' title='bbox 380 1248 579 1303; x_wconf 84' lang='grc' dir='ltr'><em>Διογένης</em></span> <span class='ocrx_word' id='word_1_132' title='bbox 614 1249 806 1303; x_wconf 85' lang='grc' dir='ltr'><em>βασιλεὺς</em></span> <span class='ocrx_word' id='word_1_133' title='bbox 844 1250 1113 1305; x_wconf 84' lang='grc' dir='ltr'><em>ἀνηγόρευτο,</em></span> <span class='ocrx_word' id='word_1_134' title='bbox 1153 1256 1226 1307; x_wconf 87' lang='grc' dir='ltr'><em>τῆς</em></span> <span class='ocrx_word' id='word_1_135' title='bbox 1261 1253 1474 1307; x_wconf 79' lang='grc' dir='ltr'><em>βασιλίδος</em></span> <span class='ocrx_word' id='word_1_136' title='bbox 1503 1255 1720 1303; x_wconf 83' lang='grc' dir='ltr'><em>Εὐδοκίας</em></span> <span class='ocrx_word' id='word_1_137' title='bbox 1732 1262 1779 1299; x_wconf 79' lang='grc'><em>28</em></span> 
     </span>
    </p>

    <p class='ocr_par' dir='ltr' id='par_1_5' title="bbox 164 1315 1660 1377">
     <span class='ocr_line' id='line_1_16' title="bbox 164 1315 1660 1377; baseline 0.006 -21"><span class='ocrx_word' id='word_1_138' title='bbox 164 1320 209 1356; x_wconf 82' lang='grc'><em>15</em></span> <span class='ocrx_word' id='word_1_139' title='bbox 221 1315 324 1370; x_wconf 81' lang='grc' dir='ltr'><em>μετὰ</em></span> <span class='ocrx_word' id='word_1_140' title='bbox 355 1320 441 1358; x_wconf 87' lang='grc' dir='ltr'><em>τῶν</em></span> <span class='ocrx_word' id='word_1_141' title='bbox 471 1318 599 1359; x_wconf 81' lang='grc' dir='ltr'><em>υἱέων</em></span> <span class='ocrx_word' id='word_1_142' title='bbox 631 1318 817 1373; x_wconf 86' lang='grc' dir='ltr'><em>ἀρξάσης</em></span> <span class='ocrx_word' id='word_1_143' title='bbox 848 1319 914 1361; x_wconf 80' lang='grc' dir='ltr'><em>ἐπὶ</em></span> <span class='ocrx_word' id='word_1_144' title='bbox 943 1324 1082 1375; x_wconf 88' lang='grc' dir='ltr'><em>μῆνας</em></span> <span class='ocrx_word' id='word_1_145' title='bbox 1113 1320 1213 1362; x_wconf 83' lang='grc' dir='ltr'><em>ἔπτὰ</em></span> <span class='ocrx_word' id='word_1_146' title='bbox 1245 1321 1316 1363; x_wconf 84' lang='grc' dir='ltr'><em>καὶ</em></span> <span class='ocrx_word' id='word_1_147' title='bbox 1347 1323 1509 1377; x_wconf 84' lang='grc' dir='ltr'><em>ἡμέρας</em></span> <span class='ocrx_word' id='word_1_148' title='bbox 1539 1324 1660 1371; x_wconf 89' lang='grc' dir='ltr'><em>τινάς.</em></span> 
     </span>
    </p>

    <p class='ocr_par' dir='ltr' id='par_1_6' title="bbox 0 1384 1785 1447">
     <span class='ocr_line' id='line_1_17' title="bbox 0 1384 1785 1447; baseline 0.007 -23"><span class='ocrx_word' id='word_1_149' title='bbox 0 1387 48 1426; x_wconf 79' lang='lat' dir='ltr'>D</span> <span class='ocrx_word' id='word_1_150' title='bbox 65 1389 119 1427; x_wconf 87' lang='lat' dir='ltr'><em>lv</em></span> <span class='ocrx_word' id='word_1_151' title='bbox 136 1390 208 1427; x_wconf 83' lang='grc'><em>206</em></span> <span class='ocrx_word' id='word_1_152' title='bbox 335 1384 554 1439; x_wconf 81' lang='grc' dir='ltr'><em>Ῥωμανὸς</em></span> <span class='ocrx_word' id='word_1_153' title='bbox 586 1386 631 1428; x_wconf 86' lang='grc' dir='ltr'><em>δὲ</em></span> <span class='ocrx_word' id='word_1_154' title='bbox 662 1386 687 1428; x_wconf 84' lang='grc' dir='ltr'>ὁ</span> <span class='ocrx_word' id='word_1_155' title='bbox 719 1386 916 1443; x_wconf 87' lang='grc' dir='ltr'><em>Διογένης</em></span> <span class='ocrx_word' id='word_1_156' title='bbox 947 1393 1019 1443; x_wconf 89' lang='grc' dir='ltr'><em>τῆς</em></span> <span class='ocrx_word' id='word_1_157' title='bbox 1056 1392 1142 1430; x_wconf 84' lang='grc' dir='ltr'><em>τῶν</em></span> <span class='ocrx_word' id='word_1_158' title='bbox 1168 1389 1393 1445; x_wconf 84' lang='grc' dir='ltr'><em>Ῥωμαίων</em></span> <span class='ocrx_word' id='word_1_159' title='bbox 1429 1391 1564 1447; x_wconf 84' lang='grc' dir='ltr'><em>ἀρχῆς</em></span> <span class='ocrx_word' id='word_1_160' title='bbox 1601 1393 1717 1447; x_wconf 89' lang='grc' dir='ltr'><em>γενό-</em></span> <span class='ocrx_word' id='word_1_161' title='bbox 1736 1397 1785 1438; x_wconf 90' lang='grc'><em>11</em></span> 
     </span>
    </p>

    <p class='ocr_par' dir='ltr' id='par_1_7' title="bbox 215 1453 1718 1515">
     <span class='ocr_line' id='line_1_18' title="bbox 215 1453 1718 1515; baseline 0.007 -21"><span class='ocrx_word' id='word_1_162' title='bbox 215 1468 344 1507; x_wconf 87' lang='grc' dir='ltr'><em>μενος</em></span> <span class='ocrx_word' id='word_1_163' title='bbox 374 1453 579 1508; x_wconf 82' lang='grc' dir='ltr'><em>ἐγκρατὴς</em></span> <span class='ocrx_word' id='word_1_164' title='bbox 610 1455 662 1496; x_wconf 85' lang='grc' dir='ltr'><em>οὗ</em></span> <span class='ocrx_word' id='word_1_165' title='bbox 692 1455 799 1497; x_wconf 86' lang='grc' dir='ltr'><em>κατὰ</em></span> <span class='ocrx_word' id='word_1_166' title='bbox 830 1456 903 1503; x_wconf 79' lang='grc' dir='ltr'><em>τὰς</em></span> <span class='ocrx_word' id='word_1_167' title='bbox 934 1457 1103 1504; x_wconf 82' lang='grc' dir='ltr'><em>ἐλπίδας</em></span> <span class='ocrx_word' id='word_1_168' title='bbox 1141 1462 1214 1513; x_wconf 90' lang='grc' dir='ltr'><em>τῆς</em></span> <span class='ocrx_word' id='word_1_169' title='bbox 1251 1459 1554 1515; x_wconf 89' lang='grc' dir='ltr'><em>βασιλευσάσης</em></span> <span class='ocrx_word' id='word_1_170' title='bbox 1590 1461 1718 1504; x_wconf 83' lang='grc' dir='ltr'><em>αὐτὸν</em></span> 
     </span>
    </p>
   </div>
   <div class='ocr_carea' id='block_1_3' title="bbox 0 0 121 933">
    <p class='ocr_par' dir='ltr' id='par_1_8' title="bbox 0 0 121 933">
     <span class='ocr_line' id='line_1_19' title="bbox 0 0 121 933; baseline 0 0"><span class='ocrx_word' id='word_1_171' title='bbox 0 0 121 933; x_wconf 95' lang='lat' dir='ltr'><em> </em></span> 
     </span>
    </p>
   </div>
   <div class='ocr_carea' id='block_1_4' title="bbox 217 1618 1716 1719">
    <p class='ocr_par' dir='ltr' id='par_1_9' title="bbox 217 1618 1716 1719">
     <span class='ocr_line' id='line_1_20' title="bbox 217 1618 1716 1674; baseline 0.007 -21"><span class='ocrx_word' id='word_1_172' title='bbox 217 1618 241 1654; x_wconf 87' lang='grc'><strong>9</strong></span> <span class='ocrx_word' id='word_1_173' title='bbox 265 1619 314 1654; x_wconf 81' lang='grc' dir='ltr'><em>ὅτι</em></span> <span class='ocrx_word' id='word_1_174' title='bbox 341 1619 511 1665; x_wconf 76' lang='grc' dir='ltr'><em>συνήφθη</em></span> <span class='ocrx_word' id='word_1_175' title='bbox 538 1626 582 1667; x_wconf 86' lang='grc' dir='ltr'><em>τῇ</em></span> <span class='ocrx_word' id='word_1_176' title='bbox 603 1621 757 1667; x_wconf 83' lang='grc' dir='ltr'><em>βασιλίδι</em></span> <span class='ocrx_word' id='word_1_177' title='bbox 775 1622 935 1668; x_wconf 84' lang='grc' dir='ltr'><em>Εὐδοκίᾳ</em></span> <span class='ocrx_word' id='word_1_178' title='bbox 955 1624 976 1658; x_wconf 85' lang='grc' dir='ltr'>ό</span> <span class='ocrx_word' id='word_1_179' title='bbox 992 1624 1159 1670; x_wconf 85' lang='grc' dir='ltr'><em>Διογένης</em></span> <span class='ocrx_word' id='word_1_180' title='bbox 1177 1624 1237 1660; x_wconf 79' lang='grc' dir='ltr'><em>καὶ</em></span> <span class='ocrx_word' id='word_1_181' title='bbox 1254 1624 1436 1672; x_wconf 77' lang='grc' dir='ltr'><em>ἀνερρήθη</em></span> <span class='ocrx_word' id='word_1_182' title='bbox 1464 1625 1494 1663; x_wconf 90' lang='lat' dir='ltr'>C</span> <span class='ocrx_word' id='word_1_183' title='bbox 1583 1628 1626 1664; x_wconf 90' lang='lat'><em>16</em></span> <span class='ocrx_word' id='word_1_184' title='bbox 1650 1629 1716 1674; x_wconf 85' lang='grc' dir='ltr'><em>βα-</em></span> 
     </span>
     <span class='ocr_line' id='line_1_21' title="bbox 217 1667 1715 1719; baseline 0.007 -18"><span class='ocrx_word' id='word_1_185' title='bbox 217 1667 326 1702; x_wconf 78' lang='grc' dir='ltr'><em>σιλεία</em></span> <span class='ocrx_word' id='word_1_186' title='bbox 349 1668 536 1712; x_wconf 82' lang='grc' dir='ltr'><em>Ῥωμανοῠ</em></span> <span class='ocrx_word' id='word_1_187' title='bbox 569 1674 630 1705; x_wconf 83' lang='grc' dir='ltr'><em>τοῦ</em></span> <span class='ocrx_word' id='word_1_188' title='bbox 656 1670 842 1716; x_wconf 78' lang='grc' dir='ltr'><em>Διογένους</em></span> <span class='ocrx_word' id='word_1_189' title='bbox 860 1670 942 1717; x_wconf 85' lang='lat' dir='ltr'><em>AR,</em></span> <span class='ocrx_word' id='word_1_190' title='bbox 979 1671 1091 1708; x_wconf 87' lang='lat' dir='ltr'>Rom.</span> <span class='ocrx_word' id='word_1_191' title='bbox 1119 1672 1295 1719; x_wconf 85' lang='lat' dir='ltr'>dioginis</span> <span class='ocrx_word' id='word_1_192' title='bbox 1321 1674 1352 1708; x_wconf 92' lang='lat' dir='ltr'><strong>B</strong></span> <span class='ocrx_word' id='word_1_193' title='bbox 1378 1685 1482 1710; x_wconf 90' lang='lat' dir='ltr'>man.</span> <span class='ocrx_word' id='word_1_194' title='bbox 1509 1677 1715 1713; x_wconf 86' lang='lat' dir='ltr'>recentiss.</span> 
     </span>
    </p>
   </div>
   <div class='ocr_carea' id='block_1_5' title="bbox 288 1821 1717 1972">
    <p class='ocr_par' dir='ltr' id='par_1_10' title="bbox 288 1821 1717 1972">
     <span class='ocr_line' id='line_1_22' title="bbox 291 1821 1714 1879; baseline 0.008 -22"><span class='ocrx_word' id='word_1_195' title='bbox 291 1822 308 1857; x_wconf 88' lang='lat'>1</span> <span class='ocrx_word' id='word_1_196' title='bbox 337 1821 379 1858; x_wconf 85' lang='grc' dir='ltr'><em>τὰ</em></span> <span class='ocrx_word' id='word_1_197' title='bbox 403 1821 551 1870; x_wconf 83' lang='lat' dir='ltr'><em>Apr,</em></span> <span class='ocrx_word' id='word_1_198' title='bbox 578 1830 620 1871; x_wconf 86' lang='grc' dir='ltr'><em>τῆ</em></span> <span class='ocrx_word' id='word_1_199' title='bbox 644 1830 690 1870; x_wconf 89' lang='grc' dir='ltr'><em>σῆ</em></span> <span class='ocrx_word' id='word_1_200' title='bbox 712 1826 941 1872; x_wconf 84' lang='grc' dir='ltr'><em>μεγαλοπόλει</em></span> <span class='ocrx_word' id='word_1_201' title='bbox 967 1827 1031 1865; x_wconf 86' lang='lat' dir='ltr'><em>BC</em></span> <span class='ocrx_word' id='word_1_202' title='bbox 1188 1829 1211 1865; x_wconf 82' lang='lat'><strong>2</strong></span> <span class='ocrx_word' id='word_1_203' title='bbox 1236 1829 1383 1876; x_wconf 83' lang='grc' dir='ltr'><em>τούτοις]</em></span> <span class='ocrx_word' id='word_1_204' title='bbox 1410 1831 1522 1867; x_wconf 81' lang='grc' dir='ltr'><em>τούτω</em></span> <span class='ocrx_word' id='word_1_205' title='bbox 1548 1831 1714 1879; x_wconf 68' lang='lat' dir='ltr'>Dfflwp)</span> 
     </span>
     <span class='ocr_line' id='line_1_23' title="bbox 289 1871 1715 1954; baseline 0.007 -49"><span class='ocrx_word' id='word_1_206' title='bbox 289 1871 312 1905; x_wconf 87' lang='grc'><strong>3</strong></span> <span class='ocrx_word' id='word_1_207' title='bbox 337 1872 511 1931; x_wconf 61' lang='grc' dir='ltr'><em>τεθνεῶτα</em></span> <span class='ocrx_word' id='word_1_208' title='bbox 536 1877 628 1954; x_wconf 57' lang='lat' dir='ltr'>gom:</span> <span class='ocrx_word' id='word_1_209' title='bbox 651 1874 956 1933; x_wconf 37' lang='lat' dir='ltr'><em>ssaoastfflDEwp</em></span> <span class='ocrx_word' id='word_1_210' title='bbox 1038 1876 1076 1935; x_wconf 50' lang='grc'><em>4·</em></span> <span class='ocrx_word' id='word_1_211' title='bbox 1084 1875 1135 1922; x_wconf 85' lang='grc' dir='ltr'><em>μὴ</em></span> <span class='ocrx_word' id='word_1_212' title='bbox 1162 1876 1260 1923; x_wconf 83' lang='lat' dir='ltr'>pr</span> <span class='ocrx_word' id='word_1_213' title='bbox 1331 1884 1461 1938; x_wconf 55' lang='grc' dir='ltr'><em>,κοίνοῦ</em></span> <span class='ocrx_word' id='word_1_214' title='bbox 1487 1879 1518 1914; x_wconf 85' lang='grc' dir='ltr'><strong>Ε</strong></span> <span class='ocrx_word' id='word_1_215' title='bbox 1572 1881 1715 1936; x_wconf 34' lang='grc' dir='ltr'><em>,6ισυν-</em></span> 
     </span>
     <span class='ocr_line' id='line_1_24' title="bbox 288 1919 1717 1972; baseline 0.008 -20"><span class='ocrx_word' id='word_1_216' title='bbox 288 1919 510 1963; x_wconf 74' lang='grc' dir='ltr'><em>τεθειμένους</em></span> <span class='ocrx_word' id='word_1_217' title='bbox 679 1922 843 1967; x_wconf 80' lang='grc' dir='ltr'><em>εὖρηκως</em></span> <span class='ocrx_word' id='word_1_218' title='bbox 870 1922 932 1958; x_wconf 82' lang='grc' dir='ltr'><em>ΒΟ</em></span> <span class='ocrx_word' id='word_1_219' title='bbox 1054 1925 1087 1959; x_wconf 81' lang='lat' dir='ltr'><em>b.</em></span> <span class='ocrx_word' id='word_1_220' title='bbox 1115 1925 1136 1960; x_wconf 81' lang='grc'>7</span> <span class='ocrx_word' id='word_1_221' title='bbox 1161 1925 1296 1964; x_wconf 82' lang='grc' dir='ltr'><em>ἐκεῖνος</em></span> <span class='ocrx_word' id='word_1_222' title='bbox 1321 1927 1476 1972; x_wconf 84' lang='grc' dir='ltr'><em>αντελεγε</em></span> <span class='ocrx_word' id='word_1_223' title='bbox 1504 1937 1659 1963; x_wconf 76' lang='lat' dir='ltr'>omlsffls</span> <span class='ocrx_word' id='word_1_224' title='bbox 1685 1929 1717 1963; x_wconf 82' lang='grc' dir='ltr'><em>εἰ</em></span> 
     </span>
    </p>
   </div>
   <div class='ocr_carea' id='block_1_6' title="bbox 286 1966 1715 2193">
    <p class='ocr_par' dir='ltr' id='par_1_11' title="bbox 289 1966 1715 2021">
     <span class='ocr_line' id='line_1_25' title="bbox 289 1966 1715 2021; baseline 0.007 -21"><span class='ocrx_word' id='word_1_225' title='bbox 289 1966 330 2000; x_wconf 79' lang='grc' dir='ltr'><em>δέ</em></span> <span class='ocrx_word' id='word_1_226' title='bbox 356 1980 443 2005; x_wconf 82' lang='grc' dir='ltr'><em>τινες</em></span> <span class='ocrx_word' id='word_1_227' title='bbox 468 1967 528 2002; x_wconf 80' lang='grc' dir='ltr'><em>καὶ</em></span> <span class='ocrx_word' id='word_1_228' title='bbox 553 1966 594 2012; x_wconf 89' lang='lat' dir='ltr'><em>C,</em></span> <span class='ocrx_word' id='word_1_229' title='bbox 622 1979 722 2004; x_wconf 80' lang='lat' dir='ltr'>corr.</span> <span class='ocrx_word' id='word_1_230' title='bbox 749 1974 790 2004; x_wconf 82' lang='lat' dir='ltr'><em>et</em></span> <span class='ocrx_word' id='word_1_231' title='bbox 815 1970 945 2016; x_wconf 74' lang='lat' dir='ltr'>suppl.</span> <span class='ocrx_word' id='word_1_232' title='bbox 973 1970 1034 2009; x_wconf 85' lang='lat' dir='ltr'><em>Cw</em></span> <span class='ocrx_word' id='word_1_233' title='bbox 1147 1973 1191 2007; x_wconf 94' lang='lat' dir='ltr'><em>lO</em></span> <span class='ocrx_word' id='word_1_234' title='bbox 1216 1973 1287 2018; x_wconf 84' lang='grc' dir='ltr'><em>τὸν]</em></span> <span class='ocrx_word' id='word_1_235' title='bbox 1314 1973 1380 2018; x_wconf 82' lang='grc' dir='ltr'><em>γὰρ</em></span> <span class='ocrx_word' id='word_1_236' title='bbox 1407 1973 1442 2008; x_wconf 94' lang='lat' dir='ltr'>D</span> <span class='ocrx_word' id='word_1_237' title='bbox 1555 1976 1715 2021; x_wconf 82' lang='grc' dir='ltr'><em>διογένην</em></span> 
     </span>
    </p>

    <p class='ocr_par' dir='ltr' id='par_1_12' title="bbox 288 2013 1714 2075">
     <span class='ocr_line' id='line_1_26' title="bbox 288 2013 1714 2075; baseline 0.007 -27"><span class='ocrx_word' id='word_1_238' title='bbox 288 2013 398 2059; x_wconf 87' lang='lat' dir='ltr'><em>pr,</em></span> <span class='ocrx_word' id='word_1_239' title='bbox 417 2014 598 2075; x_wconf 61' lang='grc' dir='ltr'><em>διογέννὴν</em></span> <span class='ocrx_word' id='word_1_240' title='bbox 617 2016 659 2060; x_wconf 84' lang='grc' dir='ltr'><em>Ε,</em></span> <span class='ocrx_word' id='word_1_241' title='bbox 679 2027 716 2052; x_wconf 85' lang='grc' dir='ltr'><em>ν.</em></span> <span class='ocrx_word' id='word_1_242' title='bbox 735 2017 787 2052; x_wconf 85' lang='lat' dir='ltr'>ad</span> <span class='ocrx_word' id='word_1_243' title='bbox 807 2019 826 2059; x_wconf 68' lang='grc' dir='ltr'>ξ</span> <span class='ocrx_word' id='word_1_244' title='bbox 844 2017 867 2053; x_wconf 89' lang='grc'>8</span> <span class='ocrx_word' id='word_1_245' title='bbox 951 2019 995 2053; x_wconf 81' lang='grc'><em>12</em></span> <span class='ocrx_word' id='word_1_246' title='bbox 1020 2019 1080 2054; x_wconf 83' lang='grc' dir='ltr'><em>καὶ</em></span> <span class='ocrx_word' id='word_1_247' title='bbox 1100 2021 1211 2065; x_wconf 87' lang='lat' dir='ltr'>prius</span> <span class='ocrx_word' id='word_1_248' title='bbox 1228 2022 1388 2066; x_wconf 81' lang='lat' dir='ltr'>punctis</span> <span class='ocrx_word' id='word_1_249' title='bbox 1407 2026 1520 2057; x_wconf 84' lang='lat' dir='ltr'>notat</span> <span class='ocrx_word' id='word_1_250' title='bbox 1538 2022 1574 2056; x_wconf 95' lang='lat' dir='ltr'>D</span> <span class='ocrx_word' id='word_1_251' title='bbox 1653 2037 1714 2068; x_wconf 84' lang='grc' dir='ltr'><em>με·</em></span> 
     </span>
    </p>

    <p class='ocr_par' dir='ltr' id='par_1_13' title="bbox 286 2075 1712 2193">
     <span class='ocr_line' id='line_1_27' title="bbox 286 2075 1712 2182; baseline 0.007 -50"><span class='ocrx_word' id='word_1_252' title='bbox 286 2075 427 2180; x_wconf 36' lang='lat' dir='ltr'><em>{afflato</em></span> <span class='ocrx_word' id='word_1_253' title='bbox 459 2098 634 2182; x_wconf 49' lang='lat' dir='ltr'>(plllgnctis</span> <span class='ocrx_word' id='word_1_254' title='bbox 660 2101 859 2146; x_wconf 81' lang='lat' dir='ltr'>notatum)</span> <span class='ocrx_word' id='word_1_255' title='bbox 888 2101 935 2146; x_wconf 93' lang='lat' dir='ltr'><em>D,</em></span> <span class='ocrx_word' id='word_1_256' title='bbox 960 2104 1135 2148; x_wconf 83' lang='grc' dir='ltr'><em>μετασχόν</em></span> <span class='ocrx_word' id='word_1_257' title='bbox 1156 2117 1186 2138; x_wconf 88' lang='grc' dir='ltr'><em>τι</em></span> <span class='ocrx_word' id='word_1_258' title='bbox 1213 2102 1243 2139; x_wconf 88' lang='lat' dir='ltr'>C</span> <span class='ocrx_word' id='word_1_259' title='bbox 1388 2105 1432 2140; x_wconf 87' lang='lat'><em>13</em></span> <span class='ocrx_word' id='word_1_260' title='bbox 1457 2106 1626 2152; x_wconf 82' lang='grc' dir='ltr'><em>κρατήρω</em></span> <span class='ocrx_word' id='word_1_261' title='bbox 1648 2107 1654 2151; x_wconf 92' lang='grc' dir='ltr'>Ι</span> <span class='ocrx_word' id='word_1_262' title='bbox 1677 2106 1712 2141; x_wconf 95' lang='lat' dir='ltr'><strong>D</strong></span> 
     </span>
     <span class='ocr_line' id='line_1_28' title="bbox 403 2156 602 2193; baseline 0 -12"><span class='ocrx_word' id='word_1_263' title='bbox 403 2156 478 2181; x_wconf 86' lang='lat' dir='ltr'><em>om.</em></span> <span class='ocrx_word' id='word_1_264' title='bbox 541 2157 602 2193; x_wconf 83' lang='lat' dir='ltr'><em>wp</em></span> 
     </span>
    </p>
   </div>
   <div class='ocr_carea' id='block_1_7' title="bbox 212 2285 1771 2958">
    <p class='ocr_par' dir='ltr' id='par_1_14' title="bbox 212 2285 1771 2901">
     <span class='ocr_line' id='line_1_29' title="bbox 213 2285 1711 2335; baseline 0.007 -15"><span class='ocrx_word' id='word_1_265' title='bbox 213 2285 338 2321; x_wconf 87' lang='lat' dir='ltr'>multo</span> <span class='ocrx_word' id='word_1_266' title='bbox 365 2290 456 2332; x_wconf 89' lang='lat' dir='ltr'>post</span> <span class='ocrx_word' id='word_1_267' title='bbox 482 2297 563 2322; x_wconf 91' lang='lat' dir='ltr'><em>non</em></span> <span class='ocrx_word' id='word_1_268' title='bbox 589 2291 768 2323; x_wconf 88' lang='lat' dir='ltr'>remotae</span> <span class='ocrx_word' id='word_1_269' title='bbox 795 2292 951 2325; x_wconf 87' lang='lat' dir='ltr'>tautum</span> <span class='ocrx_word' id='word_1_270' title='bbox 980 2291 1216 2335; x_wconf 82' lang='lat' dir='ltr'>provinciae</span> <span class='ocrx_word' id='word_1_271' title='bbox 1242 2297 1281 2328; x_wconf 88' lang='lat' dir='ltr'><em>et</em></span> <span class='ocrx_word' id='word_1_272' title='bbox 1307 2292 1488 2329; x_wconf 84' lang='lat' dir='ltr'>hostibus</span> <span class='ocrx_word' id='word_1_273' title='bbox 1519 2294 1711 2332; x_wconf 79' lang='lat' dir='ltr'>finitimae</span> 
     </span>
     <span class='ocr_line' id='line_1_30' title="bbox 214 2333 1771 2388; baseline 0.005 -20"><span class='ocrx_word' id='word_1_274' title='bbox 214 2333 416 2379; x_wconf 86' lang='lat' dir='ltr'>peribunt,</span> <span class='ocrx_word' id='word_1_275' title='bbox 440 2334 511 2369; x_wconf 80' lang='lat' dir='ltr'><em>sed</em></span> <span class='ocrx_word' id='word_1_276' title='bbox 533 2335 652 2371; x_wconf 84' lang='lat' dir='ltr'>etiam</span> <span class='ocrx_word' id='word_1_277' title='bbox 671 2336 971 2372; x_wconf 85' lang='lat' dir='ltr'>suburbanae.’‘</span> <span class='ocrx_word' id='word_1_278' title='bbox 1018 2338 1090 2373; x_wconf 86' lang='lat' dir='ltr'>His</span> <span class='ocrx_word' id='word_1_279' title='bbox 1107 2340 1368 2375; x_wconf 82' lang='lat' dir='ltr'>iurisiurandi</span> <span class='ocrx_word' id='word_1_280' title='bbox 1388 2344 1427 2376; x_wconf 90' lang='lat' dir='ltr'><em>et</em></span> <span class='ocrx_word' id='word_1_281' title='bbox 1449 2343 1709 2388; x_wconf 76' lang='lat' dir='ltr'><strong>syngraphae</strong></span> <span class='ocrx_word' id='word_1_282' title='bbox 1723 2341 1771 2376; x_wconf 80' lang='lat'><em>25</em></span> 
     </span>
     <span class='ocr_line' id='line_1_31' title="bbox 214 2381 1710 2435; baseline 0.007 -19"><span class='ocrx_word' id='word_1_283' title='bbox 214 2381 568 2427; x_wconf 66' lang='lat' dir='ltr'>reprehensionem</span> <span class='ocrx_word' id='word_1_284' title='bbox 595 2393 729 2419; x_wconf 87' lang='lat' dir='ltr'>acrem</span> <span class='ocrx_word' id='word_1_285' title='bbox 756 2384 1032 2430; x_wconf 84' lang='lat' dir='ltr'>subiungebat</span> <span class='ocrx_word' id='word_1_286' title='bbox 1058 2389 1099 2421; x_wconf 88' lang='lat' dir='ltr'><em>et</em></span> <span class='ocrx_word' id='word_1_287' title='bbox 1124 2391 1282 2423; x_wconf 89' lang='lat' dir='ltr'>mortuo</span> <span class='ocrx_word' id='word_1_288' title='bbox 1315 2389 1403 2433; x_wconf 77' lang='lat' dir='ltr'>rogi</span> <span class='ocrx_word' id='word_1_289' title='bbox 1431 2390 1710 2435; x_wconf 76' lang='lat' dir='ltr'>maledicebat,</span> 
     </span>
     <span class='ocr_line' id='line_1_32' title="bbox 214 2428 1709 2481; baseline 0.007 -18"><span class='ocrx_word' id='word_1_290' title='bbox 214 2428 323 2474; x_wconf 88' lang='lat' dir='ltr'>quod</span> <span class='ocrx_word' id='word_1_291' title='bbox 357 2439 438 2465; x_wconf 90' lang='lat' dir='ltr'><em>non</em></span> <span class='ocrx_word' id='word_1_292' title='bbox 474 2430 722 2476; x_wconf 84' lang='lat' dir='ltr'>reipublicae</span> <span class='ocrx_word' id='word_1_293' title='bbox 757 2431 904 2475; x_wconf 85' lang='lat' dir='ltr'>studio,</span> <span class='ocrx_word' id='word_1_294' title='bbox 942 2433 1013 2468; x_wconf 84' lang='lat' dir='ltr'><em>sed</em></span> <span class='ocrx_word' id='word_1_295' title='bbox 1049 2434 1208 2479; x_wconf 87' lang='lat' dir='ltr'>privata</span> <span class='ocrx_word' id='word_1_296' title='bbox 1246 2435 1448 2481; x_wconf 81' lang='lat' dir='ltr'>zelotypia</span> <span class='ocrx_word' id='word_1_297' title='bbox 1487 2442 1709 2473; x_wconf 77' lang='lat' dir='ltr'>commotus</span> 
     </span>
     <span class='ocr_line' id='line_1_33' title="bbox 213 2476 1768 2528; baseline 0.005 -17"><span class='ocrx_word' id='word_1_298' title='bbox 213 2476 494 2512; x_wconf 82' lang='lat' dir='ltr'>iusiurandum</span> <span class='ocrx_word' id='word_1_299' title='bbox 522 2482 562 2513; x_wconf 87' lang='lat' dir='ltr'><em>et</em></span> <span class='ocrx_word' id='word_1_300' title='bbox 583 2479 840 2524; x_wconf 79' lang='lat' dir='ltr'>syngraphas</span> <span class='ocrx_word' id='word_1_301' title='bbox 858 2479 1018 2524; x_wconf 84' lang='lat' dir='ltr'>legibus</span> <span class='ocrx_word' id='word_1_302' title='bbox 1037 2483 1260 2517; x_wconf 83' lang='lat' dir='ltr'>contrarias</span> <span class='ocrx_word' id='word_1_303' title='bbox 1287 2484 1502 2528; x_wconf 80' lang='lat' dir='ltr'>exegisset.</span> <span class='ocrx_word' id='word_1_304' title='bbox 1554 2486 1709 2527; x_wconf 77' lang='lat' dir='ltr'>Quibus</span> <span class='ocrx_word' id='word_1_305' title='bbox 1722 2485 1768 2519; x_wconf 71' lang='lat'><em>96</em></span> 
     </span>
     <span class='ocr_line' id='line_1_34' title="bbox 214 2524 1707 2578; baseline 0.007 -20"><span class='ocrx_word' id='word_1_306' title='bbox 214 2533 304 2559; x_wconf 87' lang='lat' dir='ltr'>cum</span> <span class='ocrx_word' id='word_1_307' title='bbox 332 2524 514 2570; x_wconf 82' lang='lat' dir='ltr'>plerique</span> <span class='ocrx_word' id='word_1_308' title='bbox 540 2527 844 2570; x_wconf 78' lang='lat' dir='ltr'>assentirentur,</span> <span class='ocrx_word' id='word_1_309' title='bbox 878 2527 925 2562; x_wconf 86' lang='lat' dir='ltr'><em>iis</em></span> <span class='ocrx_word' id='word_1_310' title='bbox 952 2528 1070 2563; x_wconf 86' lang='lat' dir='ltr'>etiam</span> <span class='ocrx_word' id='word_1_311' title='bbox 1099 2530 1166 2574; x_wconf 88' lang='lat' dir='ltr'><em>qui</em></span> <span class='ocrx_word' id='word_1_312' title='bbox 1194 2531 1521 2576; x_wconf 77' lang='lat' dir='ltr'>refragabantur,</span> <span class='ocrx_word' id='word_1_313' title='bbox 1564 2535 1707 2578; x_wconf 84' lang='lat' dir='ltr'>partim</span> 
     </span>
     <span class='ocr_line' id='line_1_35' title="bbox 213 2572 1708 2625; baseline 0.007 -19"><span class='ocrx_word' id='word_1_314' title='bbox 213 2572 461 2616; x_wconf 82' lang='lat' dir='ltr'>muneribus,</span> <span class='ocrx_word' id='word_1_315' title='bbox 489 2574 632 2618; x_wconf 81' lang='lat' dir='ltr'>partim</span> <span class='ocrx_word' id='word_1_316' title='bbox 661 2573 1016 2619; x_wconf 78' lang='lat' dir='ltr'>pollicitationibus</span> <span class='ocrx_word' id='word_1_317' title='bbox 1033 2576 1072 2611; x_wconf 91' lang='lat' dir='ltr'>in</span> <span class='ocrx_word' id='word_1_318' title='bbox 1091 2578 1330 2613; x_wconf 81' lang='lat' dir='ltr'>sententiam</span> <span class='ocrx_word' id='word_1_319' title='bbox 1350 2588 1463 2614; x_wconf 83' lang='lat' dir='ltr'>suam</span> <span class='ocrx_word' id='word_1_320' title='bbox 1485 2582 1708 2625; x_wconf 50' lang='lat' dir='ltr'>pertracti&amp;</span> 
     </span>
     <span class='ocr_line' id='line_1_36' title="bbox 214 2619 1767 2674; baseline 0.006 -20"><span class='ocrx_word' id='word_1_321' title='bbox 214 2619 383 2664; x_wconf 82' lang='lat' dir='ltr'>reginae</span> <span class='ocrx_word' id='word_1_322' title='bbox 419 2620 679 2656; x_wconf 87' lang='lat' dir='ltr'>iurisiurandi</span> <span class='ocrx_word' id='word_1_323' title='bbox 718 2621 1031 2667; x_wconf 84' lang='lat' dir='ltr'>chirographum</span> <span class='ocrx_word' id='word_1_324' title='bbox 1067 2625 1240 2660; x_wconf 85' lang='lat' dir='ltr'>remittit.</span> <span class='ocrx_word' id='word_1_325' title='bbox 1298 2625 1386 2667; x_wconf 83' lang='lat' dir='ltr'>Quo</span> <span class='ocrx_word' id='word_1_326' title='bbox 1422 2626 1489 2662; x_wconf 91' lang='lat' dir='ltr'>illa</span> <span class='ocrx_word' id='word_1_327' title='bbox 1527 2633 1707 2674; x_wconf 82' lang='lat' dir='ltr'>accepto,</span> <span class='ocrx_word' id='word_1_328' title='bbox 1721 2627 1767 2663; x_wconf 80' lang='lat'><em>27</em></span> 
     </span>
     <span class='ocr_line' id='line_1_37' title="bbox 214 2667 1707 2711; baseline 0.007 -10"><span class='ocrx_word' id='word_1_329' title='bbox 214 2667 423 2702; x_wconf 85' lang='lat' dir='ltr'>consilium</span> <span class='ocrx_word' id='word_1_330' title='bbox 450 2677 568 2703; x_wconf 89' lang='lat' dir='ltr'>suum</span> <span class='ocrx_word' id='word_1_331' title='bbox 597 2674 841 2704; x_wconf 73' lang='lat' dir='ltr'>exsecutura</span> <span class='ocrx_word' id='word_1_332' title='bbox 868 2680 951 2704; x_wconf 90' lang='lat' dir='ltr'><em>rem</em></span> <span class='ocrx_word' id='word_1_333' title='bbox 970 2679 1060 2706; x_wconf 85' lang='lat' dir='ltr'><em>eum</em></span> <span class='ocrx_word' id='word_1_334' title='bbox 1081 2671 1159 2706; x_wconf 82' lang='lat' dir='ltr'>illio</span> <span class='ocrx_word' id='word_1_335' title='bbox 1178 2677 1278 2707; x_wconf 89' lang='lat' dir='ltr'>natu</span> <span class='ocrx_word' id='word_1_336' title='bbox 1297 2674 1448 2709; x_wconf 84' lang='lat' dir='ltr'>maiore</span> <span class='ocrx_word' id='word_1_337' title='bbox 1475 2678 1514 2710; x_wconf 87' lang='lat' dir='ltr'><em>et</em></span> <span class='ocrx_word' id='word_1_338' title='bbox 1533 2674 1707 2711; x_wconf 81' lang='lat' dir='ltr'>Caesare</span> 
     </span>
     <span class='ocr_line' id='line_1_38' title="bbox 214 2713 1708 2764; baseline 0.006 -15"><span class='ocrx_word' id='word_1_339' title='bbox 214 2713 256 2748; x_wconf 87' lang='lat' dir='ltr'>in</span> <span class='ocrx_word' id='word_1_340' title='bbox 282 2715 437 2760; x_wconf 80' lang='lat' dir='ltr'>regiam</span> <span class='ocrx_word' id='word_1_341' title='bbox 464 2716 656 2751; x_wconf 84' lang='lat' dir='ltr'>arcessito</span> <span class='ocrx_word' id='word_1_342' title='bbox 685 2717 969 2761; x_wconf 62' lang='lat' dir='ltr'>communicen</span> <span class='ocrx_word' id='word_1_343' title='bbox 997 2718 1064 2763; x_wconf 88' lang='lat' dir='ltr'><em>qui</em></span> <span class='ocrx_word' id='word_1_344' title='bbox 1092 2728 1181 2754; x_wconf 84' lang='lat' dir='ltr'><em>eum</em></span> <span class='ocrx_word' id='word_1_345' title='bbox 1209 2719 1432 2764; x_wconf 76' lang='lat' dir='ltr'>hymenaeo</span> <span class='ocrx_word' id='word_1_346' title='bbox 1460 2722 1708 2759; x_wconf 78' lang='lat' dir='ltr'>interfuisset</span> 
     </span>
     <span class='ocr_line' id='line_1_39' title="bbox 212 2762 1766 2813; baseline 0.006 -17"><span class='ocrx_word' id='word_1_347' title='bbox 212 2764 253 2796; x_wconf 87' lang='lat' dir='ltr'><em>et</em></span> <span class='ocrx_word' id='word_1_348' title='bbox 278 2762 480 2807; x_wconf 70' lang='lat' dir='ltr'>nuptiales</span> <span class='ocrx_word' id='word_1_349' title='bbox 506 2767 683 2799; x_wconf 81' lang='lat' dir='ltr'>crateres</span> <span class='ocrx_word' id='word_1_350' title='bbox 710 2767 924 2808; x_wconf 76' lang='lat' dir='ltr'>gustasset,</span> <span class='ocrx_word' id='word_1_351' title='bbox 965 2765 1081 2800; x_wconf 90' lang='lat' dir='ltr'>nubit</span> <span class='ocrx_word' id='word_1_352' title='bbox 1107 2766 1172 2800; x_wconf 88' lang='lat' dir='ltr'>illa</span> <span class='ocrx_word' id='word_1_353' title='bbox 1199 2766 1385 2813; x_wconf 67' lang='lat' dir='ltr'>Diogeni.</span> <span class='ocrx_word' id='word_1_354' title='bbox 1437 2768 1501 2805; x_wconf 86' lang='lat' dir='ltr'>Sic</span> <span class='ocrx_word' id='word_1_355' title='bbox 1535 2769 1599 2804; x_wconf 86' lang='lat' dir='ltr'>ille</span> <span class='ocrx_word' id='word_1_356' title='bbox 1634 2781 1703 2806; x_wconf 84' lang='lat' dir='ltr'><em>rex</em></span> <span class='ocrx_word' id='word_1_357' title='bbox 1720 2770 1766 2806; x_wconf 80' lang='lat'><em>28</em></span> 
     </span>
     <span class='ocr_line' id='line_1_40' title="bbox 212 2807 1707 2864; baseline 0.007 -21"><span class='ocrx_word' id='word_1_358' title='bbox 212 2807 453 2852; x_wconf 80' lang='lat' dir='ltr'>declaratur,</span> <span class='ocrx_word' id='word_1_359' title='bbox 480 2821 570 2846; x_wconf 81' lang='lat' dir='ltr'><em>eum</em></span> <span class='ocrx_word' id='word_1_360' title='bbox 599 2811 778 2846; x_wconf 78' lang='lat' dir='ltr'>Eudocia</span> <span class='ocrx_word' id='word_1_361' title='bbox 804 2812 973 2857; x_wconf 72' lang='lat' dir='ltr'>eiusque</span> <span class='ocrx_word' id='word_1_362' title='bbox 1000 2813 1066 2847; x_wconf 78' lang='lat' dir='ltr'>filii</span> <span class='ocrx_word' id='word_1_363' title='bbox 1094 2824 1251 2849; x_wconf 78' lang='lat' dir='ltr'>menses</span> <span class='ocrx_word' id='word_1_364' title='bbox 1279 2814 1349 2850; x_wconf 91' lang='lat' dir='ltr'><em>Vll</em></span> <span class='ocrx_word' id='word_1_365' title='bbox 1376 2820 1416 2851; x_wconf 80' lang='lat' dir='ltr'><em>et</em></span> <span class='ocrx_word' id='word_1_366' title='bbox 1442 2816 1527 2852; x_wconf 79' lang='lat' dir='ltr'>(lies</span> <span class='ocrx_word' id='word_1_367' title='bbox 1553 2817 1707 2864; x_wconf 86' lang='lat' dir='ltr'>aliquot</span> 
     </span>
     <span class='ocr_line' id='line_1_41' title="bbox 212 2862 464 2901; baseline 0.012 -11"><span class='ocrx_word' id='word_1_368' title='bbox 212 2862 464 2901; x_wconf 81' lang='lat' dir='ltr'>regnassent.</span> 
     </span>
    </p>

    <p class='ocr_par' dir='ltr' id='par_1_15' title="bbox 333 2904 1706 2958">
     <span class='ocr_line' id='line_1_42' title="bbox 333 2904 1706 2958; baseline 0.007 -19"><span class='ocrx_word' id='word_1_369' title='bbox 333 2904 387 2939; x_wconf 86' lang='lat'><em>11.</em></span> <span class='ocrx_word' id='word_1_370' title='bbox 438 2904 639 2941; x_wconf 71' lang='lat' dir='ltr'>RouAuvs</span> <span class='ocrx_word' id='word_1_371' title='bbox 675 2905 896 2942; x_wconf 64' lang='lat' dir='ltr'>Dionnum</span> <span class='ocrx_word' id='word_1_372' title='bbox 934 2906 1204 2944; x_wconf 85' lang='lat' dir='ltr'>Romanorum</span> <span class='ocrx_word' id='word_1_373' title='bbox 1245 2910 1412 2956; x_wconf 84' lang='lat' dir='ltr'>imperio</span> <span class='ocrx_word' id='word_1_374' title='bbox 1452 2913 1601 2958; x_wconf 86' lang='lat' dir='ltr'>potitus</span> <span class='ocrx_word' id='word_1_375' title='bbox 1632 2912 1706 2950; x_wconf 82' lang='lat' dir='ltr'>Eu·</span> 
     </span>
    </p>
   </div>
  </div>
 </body>
</html>
