2054 3282
353 238 423 275 346
721 237 903 276 ZONAR.
930 238 1062 275 EPIT.
1089 236 1160 274 XV
1187 238 1244 282 23,
1270 237 1423 285 23—24,
1451 238 1483 275 1.

353 362 504 416 φυγήν,
536 361 608 402 καὶ
639 362 679 402 οἵ
708 361 786 415 μὲν
816 366 878 415 τῷ
907 360 1069 415 βασιλεῖ
1093 360 1428 415 προσερρύησαν,
1461 362 1501 403 οἱ
1533 358 1570 403 δ’
1594 361 1658 403 ἐπὶ
1679 361 1728 403 τὰ
1751 363 1848 404 ἑαυ-

293 430 339 466 24
352 435 437 472 τῶν
475 430 661 485 ἀπῄεσαν
698 431 875 471 ἕκαστοι.
939 429 963 469 ὁ
996 429 1043 470 δέ
1074 445 1118 483 γε
1158 429 1361 482 τύραννος
1390 429 1494 483 μετὰ
1525 430 1763 484 βραχίστων
1793 432 1851 478 εἰς

346 499 687 552 Ἀδριανούπολιν
731 499 875 545 ἄπεισι,
919 497 990 539 καὶ
1027 498 1052 538 ὁ
1088 497 1262 551 ᾹῙιχαὴλ
1305 498 1422 551 αὐτῷ
1465 495 1555 539 κατ’
1596 500 1709 553 ἴχνος
1746 500 1849 541 ἄκο-

352 568 501 609 λουθεῖ
526 567 596 608 καὶ
627 567 844 621 πολιορκεῖ
877 565 951 620 τὴν
993 566 1112 607 πόλιν
1156 566 1235 620 οὐχ
1278 566 1521 619 ἕλεπόλεσιν,
1566 566 1668 608 ἀλλὰ
1707 569 1850 610 σπάνει

293 635 338 671 25
351 639 436 677 τῶν
467 635 719 688 ἀναγκαίων.
782 633 853 675 καὶ
885 635 925 675 οἶ
954 638 1026 688 τῆς
1056 634 1222 681 πόλεως
1242 640 1304 689 τῷ
1324 635 1435 689 λιμῷ
1457 636 1692 690 πιεζόμενοι
1715 637 1886 691 ἄμνη-5

352 703 465 745 στίαν
501 707 585 744 τῶν
622 702 907 756 ἕπταισμένων
939 702 985 743 ἐκ
1023 707 1097 744 τοῦ
1139 704 1344 757 βασιλέως
1389 704 1594 759 ᾐτήσαντο
1637 704 1709 746 καὶ
1750 705 1848 747 ταύ-

351 789 423 826 της
459 771 650 825 τυχόντες
690 771 888 824 ὃεσμοῦσι
924 770 995 812 τὸν
1033 770 1197 825 Θωμᾶν
1234 772 1306 813 καὶ
1342 773 1622 826 παραδιδόασι
1665 779 1727 828 τῷ
1762 773 1848 815 Μ-

292 841 338 876 96
351 840 468 894 χαήλ.
544 840 568 880 ὁ
613 839 658 881 δὲ
705 840 938 894 ἀφαιρεῖται
985 840 1114 881 αὐτοῦ
1161 844 1302 894 χεῖρας
1349 841 1420 882 καὶ
1464 841 1601 888 πόδας
1646 841 1718 883 καὶ
1761 843 1850 896 ὄνῳ

291 910 336 945 27
351 909 594 963 ἐπιβιβάσας
636 908 884 962 θριαμβεύει
927 907 998 949 τὸν
1037 909 1182 962 ἄτιμον
1223 909 1451 964 θρίαμβον.
1514 909 1595 951 εἶτα
1627 910 1722 964 περὶ
1752 927 1848 952 συν-

351 977 528 1030 ιστόρων
558 976 823 1024 πυνθάνεται,
869 977 940 1018 καὶ
975 976 1156 1023 πολλοὺς
1192 979 1243 1019 ἂν
1281 979 1437 1024 ἐκεῖνος
1469 979 1679 1033 ἐξέφηνεν,
1724 980 1762 1020 εἰ
1787 979 1847 1035 μὴ
1865 983 1910 1018 10

136 1045 375 1086 P11139A0‘
402 1045 674 1099 Ἑξαβούλιος
706 1045 730 1086 ὁ
760 1046 976 1099 πατρίκιος
1012 1045 1086 1100 τὴν
1125 1046 1263 1101 ὁρμὴν
1301 1051 1374 1088 τοῦ
1413 1047 1618 1101 βασιλέως
1649 1048 1847 1102 ἀνέκοψε,

291 1116 337 1151 28
351 1114 541 1168 φάμενος
570 1113 630 1168 μὴ
663 1118 813 1168 χρῆναι
843 1114 1043 1156 πιστεύειν
1075 1114 1180 1156 κατὰ
1212 1118 1297 1156 τῶν
1329 1115 1464 1169 φίλων
1503 1116 1682 1170 ἐχθροῖς.
1746 1116 1770 1157 ὁ
1802 1117 1850 1158 δέ

351 1198 395 1236 γε
433 1181 595 1236 Θωμᾶς
631 1182 775 1224 ἄλλοτε
814 1182 955 1228 ἄλλαις
993 1183 1209 1236 τιμωρίαις
1252 1183 1595 1237 ὑποβαλλόμενος
1636 1184 1848 1239 βιαιότατα

291 1254 336 1289 29
349 1251 546 1293 κατέλυσε
576 1250 650 1305 τὴν
682 1251 808 1305 ζωήν.
870 1250 942 1292 καὶ
973 1251 997 1292 ὁ
1027 1251 1175 1297 τούτου
1216 1251 1261 1293 δὲ
1304 1251 1535 1306 εἰσποιητὸς
1576 1252 1668 1299 υἱὸς
1707 1254 1764 1299 εἷς
1800 1253 1847 1295 τὸ

349 1324 421 1374 τῆς
463 1319 623 1374 Βιζύης
664 1320 874 1374 πολίχνιον
917 1321 1193 1374 προσφυγών,
1238 1319 1353 1374 παρὰ
1393 1324 1478 1362 τῶν
1525 1321 1755 1363 οἰκούντων
1799 1322 1846 1364 τὸ
1864 1325 1906 1361 15

350 1388 558 1443 φρούριον
595 1387 732 1434 δεθεὶς
765 1389 992 1443 προσήχθη
1024 1394 1086 1442 τῷ
1116 1389 1278 1442 βασιλεῖ
1303 1388 1373 1430 καὶ
1405 1390 1567 1443 ὁμοίως
1597 1395 1658 1444 τῷ
1687 1391 1896 1432 πεπλα-Ι)
1915 1395 1973 1430 ΙΙΙ
1986 1395 2045 1430 39‘

350 1457 493 1510 σμένῳ
523 1456 647 1511 πατρὶ
678 1457 901 1503 κολασθεὶς
931 1457 1081 1512 βιαίως
1111 1457 1182 1499 καὶ
1213 1457 1339 1504 αὐτὸς
1366 1458 1575 1513 ἀπέρρηξε
1595 1458 1669 1513 τὴν
1689 1459 1844 1514 ψυχήν.

351 1598 372 1634 5
398 1598 605 1643 κατάσχεσις
625 1598 825 1640 (κατάλυσις
839 1599 883 1642 Ε)
903 1604 963 1634 τοῦ
981 1600 1106 1644 Θωμᾶ.
1133 1600 1212 1644 περὶ
1231 1605 1291 1645 τῆς
1304 1600 1517 1644 Ἠρακλειάς
1542 1600 1603 1635 καὶ
1628 1605 1689 1636 τοῦ
1706 1602 1845 1637 Πανίου

349 1645 442 1691 μηδὲ
465 1645 552 1691 μετὰ
577 1646 639 1692 τὴν
665 1647 855 1682 κατάλυσιν
879 1652 941 1682 τοῦ
970 1648 1086 1692 Θωμᾶ
1110 1652 1170 1693 τῆς
1195 1647 1404 1687 ἀποστασιάς
1429 1648 1677 1694 ἀφισταμένων
1703 1649 1766 1685 ΟΕ

423 1783 441 1818 1
468 1784 609 1830 βασιλεῖ
620 1783 700 1829 ΑΕ,
725 1783 857 1830 μιχαὴλ
876 1785 973 1830 pr
1067 1785 1338 1829 προσερρύησαν
1356 1783 1400 1828 Α,
1430 1796 1504 1820 om.
1520 1786 1562 1827 E,
1588 1787 1846 1831 προσερρύοντο

424 1831 495 1877 Op,
520 1833 782 1876 προσερρύοντα
807 1831 865 1867 w*
979 1833 1002 1868 3
1026 1833 1317 1877 ἀνδριανούπολιν
1343 1832 1390 1877 D,
1419 1844 1519 1868 corr.
1546 1833 1615 1871 Dw
1728 1835 1751 1870 6
1775 1835 1846 1879 ᾐτί-

422 1893 524 1914 σαντο
550 1880 597 1924 ρ*
623 1881 759 1916 invitis
785 1879 894 1915 ARW
997 1881 1019 1916 8
1044 1880 1151 1916 αὐτοῦ
1178 1881 1197 1914 ³1⁶:
1213 1892 1232 1913 ηε
1247 1892 1267 1913 a:
1292 1886 1412 1925 χεῖρας
1435 1880 1470 1915 Α
1576 1881 1618 1915 11
1645 1882 1847 1927 ἕξαβούλιος

421 1926 580 1972 prDi
605 1927 657 1971 (v.
685 1927 864 1973 Theoph.
893 1931 996 1963 cont.
1024 1939 1060 1973 p.
1075 1929 1131 1972 69,
1153 1929 1206 1971 19,
1235 1928 1349 1964 Cedr.
1378 1927 1568 1973 (Scylitz.)
1594 1929 1632 1963 II
1650 1941 1686 1975 p.
1701 1930 1758 1972 89,
1775 1930 1844 1973 16),

421 1974 704 2021 ε’ξαβούλιοςΑῙ)
720 1975 1107 2021 (v.Genes.p.44,‘21)
1181 1976 1377 2011 dalterum
1390 1976 1504 2011 om.B
1581 1977 1625 2011 12
1638 1982 1708 2012 τῶν
1724 1988 1799 2013 om.
1815 1977 1845 2012 E

423 2023 467 2057 13
493 2023 610 2062 ἄλλοις
636 2022 665 2058 C
786 2022 831 2058 14
858 2023 1040 2058 κατένευσε
1066 2023 1112 2067 D,
1141 2034 1242 2059 corr.
1269 2023 1337 2062 Dw
1474 2023 1518 2058 15
1546 2025 1672 2070 βιζύης
1696 2023 1845 2070 Apr,

422 2081 458 2105 v.
487 2069 621 2115 Steph.
648 2071 743 2116 Byz.
772 2082 808 2116 p.
837 2071 915 2114 169,
945 2071 999 2114 13,
1039 2070 1187 2117 Georg.
1217 2070 1335 2116 Cypr.
1363 2071 1455 2106 1167
1482 2071 1637 2116 Gelzcr,
1670 2072 1844 2108 Hierocl.

422 2118 586 2163 synecd.
612 2118 692 2163 632,
710 2118 734 2154 4
758 2118 1025 2163 Burckhardt,
1053 2118 1167 2154 Cedr.
1195 2118 1386 2164 (Scylitz.)
1406 2119 1444 2154 II
1470 2131 1505 2164 p.
1521 2120 1577 2164 90,
1598 2120 1629 2164 1,
1654 2121 1788 2166 βυζύης
1801 2120 1843 2164 Β,

419 2166 530 2212 βύζης
549 2165 693 2202 Genes.
720 2166 828 2212 p.44‚
856 2167 888 2202 9.
915 2166 972 2210 45,
999 2166 1032 2212 2,
1059 2167 1237 2213 Theoph.
1259 2170 1363 2202 cont.
1382 2178 1419 2212 p.
1439 2168 1494 2212 70,
1513 2167 1558 2202 21
1658 2168 1702 2204 16
1727 2174 1777 2213 τῷ
1793 2167 1842 2215 β.]

421 2227 456 2248 τε
480 2215 514 2260 β.
541 2213 578 2248 D
678 2214 721 2250 17
747 2214 844 2260 ζωήν
870 2214 901 2249 Β

349 2354 501 2390 pugna,
540 2345 734 2381 Thomaei
762 2346 811 2381 de
836 2346 1034 2381 industria
1061 2346 1101 2380 in
1128 2347 1268 2391 fugam
1297 2347 1403 2381 versi
1431 2346 1575 2391 partim
1616 2346 1667 2380 ad
1705 2356 1844 2391 regem

289 2389 337 2424 24
350 2402 393 2427 se
419 2393 687 2436 contulerunt,
714 2394 859 2439 partim
886 2395 937 2428 ad
960 2404 1034 2429 sua
1052 2394 1269 2429 redierunt.
1313 2394 1529 2439 Tyrannus
1549 2404 1638 2428 cum
1658 2393 1846 2438 paucissi-

349 2440 423 2474 mis
452 2439 782 2486 Hadrianopolim
817 2442 911 2484 abit,
952 2452 1071 2486 quem
1097 2441 1265 2476 Michael
1291 2452 1313 2476 e
1339 2442 1511 2486 vestigio
1545 2442 1751 2476 insecutus
1781 2451 1845 2476 ur-

290 2484 335 2520 25
350 2487 441 2522 bem
476 2498 557 2523 non
592 2489 795 2532 machinis,
836 2489 906 2524 sed
940 2499 1128 2524 annonae
1162 2489 1332 2534 penuria
1367 2492 1588 2534 oppugnat.
1639 2488 1756 2524 Cives
1782 2498 1845 2523 ur-

350 2537 473 2579 gente
498 2536 615 2579 fame,
648 2537 774 2581 petita
801 2536 1035 2571 delictorum
1064 2537 1115 2571 ab
1142 2546 1239 2579 rege
1266 2537 1385 2571 venia
1419 2539 1458 2571 et
1486 2537 1710 2581 impetrata,
1744 2536 1846 2570 Tho·

289 2579 335 2614 26
351 2593 454 2616 mam
482 2583 661 2618 vinctum
686 2583 871 2619 Michaeli
897 2584 1072 2619 tradunt.
1108 2584 1147 2619 Is
1166 2584 1262 2619 ciet
1280 2594 1422 2618 manus
1449 2587 1487 2618 et
1514 2584 1637 2628 pedes
1664 2586 1846 2628 amputat

290 2627 335 2662 27
351 2632 390 2664 ct
424 2630 536 2666 asino
575 2631 804 2676 impositum
838 2632 1108 2677 ignominioso
1142 2632 1344 2676 triumpho
1377 2631 1650 2666 circumducit.
1701 2631 1846 2666 Postea

352 2676 401 2712 de
429 2679 598 2712 consciis
625 2679 792 2723 quaerit,
820 2689 992 2724 quorum
1018 2679 1084 2714 ille
1109 2679 1255 2714 multos
1281 2679 1536 2721 nominasset,
1563 2679 1638 2713 nisi
1657 2678 1847 2713 Hexabu-

350 2724 426 2759 lius
461 2726 654 2770 patricius
686 2727 795 2771 regis
826 2727 1018 2772 impetum
1053 2727 1320 2772 repressisset,
1361 2737 1450 2760 cum
1490 2726 1642 2761 diceret
1678 2726 1848 2761 inimicis

291 2769 336 2804 28
351 2773 501 2807 amicos
540 2773 816 2809 deferentibus
855 2785 936 2809 non
975 2774 1203 2809 habendam
1242 2784 1329 2809 esse
1368 2774 1496 2809 fidem.
1548 2773 1721 2808 Thomas
1749 2783 1846 2808 vero

291 2817 336 2851 29
351 2819 450 2853 alias
486 2820 572 2854 aliis
606 2822 815 2856 tormentis
851 2822 1109 2856 excruciatus
1142 2822 1364 2857 miserrime
1395 2821 1520 2856 vitam
1552 2821 1691 2855 finivit.
1742 2819 1848 2855 Ado-

351 2867 487 2910 ptivus
513 2868 607 2902 item
635 2869 720 2903 eius
750 2869 862 2912 filius,
893 2879 983 2904 cum
1009 2870 1050 2904 in
1075 2868 1240 2914 Bizyam
1269 2869 1506 2914 oppidulum
1533 2868 1793 2913 confugisset,
1823 2878 1847 2902 a

351 2914 502 2950 castelli
540 2915 836 2951 habitatoribus
869 2917 1028 2952 vinctus
1062 2916 1114 2951 ad
1147 2926 1286 2962 regem
1320 2919 1379 2952 est
1413 2915 1614 2951 adductus
1641 2918 1679 2951 et
1706 2915 1848 2951 eodem
