2066 3230
518 212 821 252 BYZANTIVM
845 215 881 254 A
906 216 1166 257 COMNENIS
1191 216 1475 257 DIRIPITVR.
1675 222 1745 260 729

253 351 361 385 κασι,
405 336 638 392 σύμμικτον
673 340 839 396 πλῆθος
877 341 925 383 ἔκ
962 339 1149 396 Θρᾳκῶν
1184 357 1227 383 τε
1263 342 1335 384 καὶ
1365 341 1637 385 Μακεδόνων
1675 344 1744 386 καὶ

46 401 73 455 ξ’
248 406 473 461 Ῥωμαίων
503 407 643 450 ἄλλων
672 408 743 450 καὶ
773 410 1008 464 βαρβάρων
1039 410 1300 466 συνεστηκός,
1333 410 1457 454 οὐδὲν
1477 412 1647 467 ἄμεινον
1667 429 1744 455 πο-
1760 411 1955 449 W111234

43 483 58 538 ξ
253 475 409 530 λεμίων
450 476 560 532 πρὸς
601 476 698 524 τοὺς
741 478 988 533 ὁμοφύλους
1032 479 1318 534 (διατιθέμενοι.
1386 480 1458 522 καὶ
1498 481 1622 536 μέχρι
1665 480 1746 536 γὰρ
1761 481 1807 518 14
1821 479 2022 519 P11295A

253 544 469 599 ἐκχύσεως
499 546 690 600 αἱμάτων
719 547 1003 602 προύχώρησε
1032 547 1080 590 τὸ
1110 547 1259 602 κακόν,
1292 547 1363 590 καὶ
1389 549 1596 603 παρθένοι
1618 548 1664 591 δὲ
1684 554 1747 604 τῷ

39 586 152 675 {JIV
168 609 237 645 234
253 613 348 668 θεῷ
377 614 692 669 καθιερωμέναι
723 615 890 670 ἀσεβῶς
920 616 1195 671 ἐμιάνθησαν,
1239 616 1310 659 καὶ
1349 621 1540 671 γυναῖκες
1571 617 1746 672 ἀνδράσι

39 671 58 698 ‘³
254 683 571 738 συνεζευγμέναι
591 683 701 738 πρὸς
720 684 816 739 βίαν
836 684 1112 739 ὕβρίσθησαν,
1143 685 1214 727 καὶ
1234 686 1341 728 θεῖοι
1362 685 1456 728 ναοὶ
1479 685 1551 728 τὸν
1582 686 1747 741 κόσμον

44 461 63 476 J
47 348 73 395 7³31<
49 191 82 342 Uvfflif
56 169 74 186 Α.
78 158 80 162 ‚

254 751 396 793 αὐτῶν
426 751 706 807 ἑσυλήθησαν,
738 752 810 794 καὶ
841 753 942 795 οὐδὲ
971 756 1056 795 τῶν
1087 754 1220 808 ἁγίων
1250 754 1477 809 κρατήρων
1502 755 1745 810 ἀπέσχοντο,

254 818 356 861 ἀλλὰ
388 819 459 861 καὶ
489 820 664 867 τούτους
695 822 735 862 οἱ
763 821 992 876 πάντολμοι
1023 822 1094 863 καὶ
1123 822 1196 869 τὰς
1227 822 1340 876 ἱερὰς
1365 823 1517 878 φιάλας
1536 827 1609 878 τῆς
1629 823 1744 864 ἀναι-

252 886 418 942 μάκτου
456 888 527 930 καὶ
564 890 813 943 φρικώδους
849 890 1000 937 θυσιάς
1037 891 1206 946 πλήρεις
1245 891 1489 946 διήρπαζον,
1534 891 1746 947 ἐκχέοντες

195 953 242 989 10
254 955 303 998 τὰ
324 957 420 1011 ἅγια
441 957 547 999 κατὰ
570 962 656 1012 γῆς.
718 958 790 1000 καὶ
811 958 925 1005 ὅσοις
946 959 991 1001 δὲ
1011 963 1084 1013 τῆς
1109 960 1327 1014 γερουσίας
1357 961 1585 1015 συνήντων,
1617 975 1744 1002 κατα·
1761 959 1805 996 ¹5

254 1027 441 1072 σπῶντες
477 1029 562 1067 τῶν
599 1026 787 1081 ἡμιόνων
830 1027 997 1081 αὐτούς,
1042 1028 1176 1074 ἐνίους
1215 1029 1262 1069 δέ
1299 1045 1343 1082 γε
1374 1028 1444 1069 καὶ
1476 1028 1744 1081 ἀποδύοντες,

255 1093 300 1135 ἐν
329 1094 475 1148 μέσαις
505 1098 593 1142 ταῖς
628 1095 789 1149 ἀγυιαῖς
825 1097 923 1138 εἴων
961 1096 1223 1150 ἡμιγύμνους
1258 1113 1299 1138 τε
1337 1096 1407 1138 καὶ
1449 1097 1614 1146 πεζούς.
1674 1096 1746 1138 καὶ
1763 1097 1805 1133 16

254 1166 381 1204 ταῦτα
415 1160 517 1205 καθ’
551 1163 653 1218 ὅλην
689 1163 764 1218 τὴν
799 1165 963 1219 ἡμέραν
1002 1165 1233 1219 ἐπράττετο,
1277 1165 1348 1207 καὶ
1390 1165 1436 1207 τὸ
1481 1164 1615 1207 δεινὸν
1649 1165 1747 1220 ἄχρι

255 1235 328 1273 τοῦ
360 1230 476 1278 Βοός
507 1232 739 1287 ἕπεφθάκει
771 1232 995 1287 γενόμενον
1025 1233 1168 1275 κοινόν
1198 1250 1239 1275 τε
1275 1233 1346 1275 καὶ
1382 1234 1618 1288 πάνδημον,
1661 1234 1743 1288 ἤδη

196 1297 241 1335 15
256 1300 304 1342 δέ
344 1316 448 1347 τινες
490 1300 561 1342 καὶ
603 1301 726 1356 μέχρι
764 1305 838 1342 τοῦ
881 1301 1159 1356 Φιλαδελφίου
1203 1304 1228 1357 ἢ
1268 1302 1338 1344 καὶ
1373 1303 1635 1356 προσωτέρω
1672 1302 1744 1343 ἐπ-

255 1368 452 1423 έδραμον.
495 1369 535 1410 οἶ
556 1368 602 1410 δὲ
623 1369 843 1424 Κομνηνοὶ
864 1371 921 1415 εἰς
941 1369 1015 1424 τὴν
1044 1370 1266 1425 προνομὴν
1297 1371 1616 1413 σκεδασθέντων
1640 1370 1744 1412 πάν·
1761 1372 1804 1408 17
1830 1371 1861 1407 Β

255 1452 340 1479 των
381 1436 507 1492 μόνοι
546 1436 621 1479 σὺν
660 1438 958 1493 εὐαριθμήτοις
995 1439 1163 1493 σφόδρα
1200 1443 1284 1486 τοῖς
1321 1439 1416 1493 περὶ
1452 1438 1604 1486 αὐτοὺς
1645 1454 1744 1480 κατ-

253 1505 508 1561 ελείφθησαν
538 1506 610 1548 καὶ
634 1507 718 1553 ἕως
747 1510 822 1549 τοῦ
847 1507 1018 1562 Ταύρου
1051 1507 1263 1563 γενόμενοι
1293 1509 1553 1563 προσωτέρω
1585 1508 1746 1550 ἀπιέναι

254 1574 334 1616 οὐκ
356 1574 634 1630 ἐπεθάρρουν.
696 1579 896 1618 τοσοῦτον
918 1575 998 1631 γὰρ
1020 1576 1226 1631 ἒψίλωντο
1257 1577 1491 1632 ἀξιομάχου
1524 1576 1746 1631 δυνάμεως
1760 1577 1805 1613 18

251 1703 426 1750 3φεῦΒ

327 1823 344 1858 1
373 1824 564 1869 σύμμικτοι
591 1824 623 1860 Ε
719 1825 742 1860 3
768 1825 1019 1870 διατεθειμένοι
1046 1826 1088 1870 Ε,
1115 1826 1358 1871 διατηθεμένοι
1385 1825 1468 1871 w*p
1573 1825 1596 1860 4
1619 1824 1660 1860 ἐκ
1686 1826 1746 1870 χύ-

325 1885 418 1911 σεως
435 1872 522 1914 (sic)
541 1870 609 1907 ΑΕ
706 1873 728 1908 6
753 1873 1023 1918 συζευγνύμεναι
1050 1873 1081 1909 Ε
1178 1874 1199 1910 7
1225 1874 1405 1919 παναγίων
1427 1873 1468 1915 Β,
1494 1877 1660 1918 παναγῶν
1677 1872 1745 1909 CD

326 1919 349 1955 8
374 1919 512 1965 (γυάλας
538 1919 634 1967 Ewp
732 1920 755 1956 9
779 1920 962 1967 ἐκχέαντες
987 1920 1083 1967 Bwp
1184 1921 1228 1956 10
1253 1921 1418 1966 ἀπήντων
1443 1920 1486 1965 B,
1513 1922 1689 1957 συνόντων
1715 1920 1745 1957 C

327 2002 366 2037 ll
395 2016 433 2048 γε
459 2013 533 2038 om.
554 2003 650 2049 Ewp
750 2004 795 2039 12
818 1982 930 2049 ἇγίὲίς
949 2003 990 2046 Ε,
1016 2003 1129 2049 ἇγιαῒς
1148 2004 1215 2044 w*.
1241 2005 1375 2049 ἅγυιαΐς
1402 2003 1448 2050 p*
1545 2005 1629 2039 εἴων
1656 2008 1745 2050 post

323 2050 446 2095 μέσαις
473 2049 502 2087 C
599 2065 633 2086 τε
659 2062 734 2086 om.
750 2050 785 2086 D
885 2051 1001 2086 1213
1026 2051 1218 2097 καὶταῦτα]
1244 2052 1396 2087 ἐνταῦθα
1422 2051 1458 2086 D
1557 2051 1601 2087 13
1624 2051 1745 2096 ἐπράτ-

325 2111 421 2133 τοντο
449 2097 544 2144 Ewp
625 2098 669 2134 14
694 2100 875 2144 γινόμενον
901 2098 1164 2145 BstEwpDi
1244 2099 1596 2144 κοινόν-πάνδημον
1623 2109 1698 2134 om.
1715 2099 1744 2134 Ε

328 2146 372 2182 17
395 2146 496 2191 μόνοι
523 2145 692 2192 prDi,
718 2147 837 2191 μόνοις
862 2145 896 2181 A
1018 2146 1171 2192 σφόδρα]
1196 2147 1286 2183 πάνυ
1314 2146 1343 2184 C
1462 2147 1745 2192 κατελείφθησαν

324 2192 406 2238 AR,
432 2193 720 2239 καταλείφθησαν
749 2193 845 2240 w*p,
870 2194 1167 2240 περιελείφθησαν
1193 2194 1223 2231 C
1326 2195 1370 2230 19
1394 2193 1620 2240 ἀπεθάρρουν
1646 2194 1743 2240 pr

372 2241 546 2287 τοσοῦτον]
573 2242 666 2277 οὕτω
693 2241 797 2278 CWo
821 2242 887 2277 lat.

252 2366 456 2411 Romanis,
495 2366 692 2411 barbaris,
731 2366 854 2403 nihilo
879 2366 1021 2402 melius
1056 2366 1238 2403 hostibus
1270 2367 1403 2403 affecti
1439 2367 1479 2403 in
1516 2367 1743 2413 populares.

252 2413 353 2451 Nam
380 2414 431 2450 ad
459 2414 606 2450 caedes
638 2414 785 2450 malum
824 2414 1029 2461 processit,
1068 2419 1108 2450 et
1147 2415 1326 2461 virgines
1366 2415 1443 2451 deo
1482 2413 1803 2451 consecratael4

253 2462 374 2508 impie
406 2462 585 2508 pollutae
618 2466 712 2498 sunt
738 2466 777 2498 et
803 2466 1012 2498 matronae
1040 2462 1214 2498 violatae
1241 2467 1281 2498 et
1310 2462 1457 2508 templa
1485 2466 1630 2498 ornatu
1656 2473 1674 2497 ιι
1706 2473 1743 2497 ο-

253 2509 361 2554 liam,
400 2519 533 2555 neque
559 2520 583 2544 a
610 2510 835 2545 crateribus
861 2513 1138 2556 temperatum,
1177 2510 1247 2545 sed
1276 2509 1456 2546 homines
1487 2473 1742 2545 audacissi’mi

254 2557 327 2593 hos
351 2558 471 2594 etiam
499 2561 538 2593 et
565 2557 719 2603 phialas
745 2558 943 2593 incruenti
972 2561 1010 2593 et
1038 2557 1226 2594 terribilis
1261 2558 1445 2593 sacrificii
1483 2557 1622 2603 plenas
1653 2557 1742 2593 diri·

254 2605 420 2651 plebant
458 2608 599 2641 sancta
638 2605 801 2640 humum
841 2604 1105 2640 effundentes.
1155 2604 1373 2641 Senatores
1404 2614 1567 2651 quoque
1601 2603 1802 2640 obvioslb

254 2652 371 2688 mulis
391 2652 669 2695 detrahebant,
696 2653 911 2688 nonnullos
926 2652 1108 2688 vestibus
1126 2653 1260 2688 exutis
1279 2652 1511 2688 seminudos
1530 2657 1568 2687 et
1589 2652 1742 2698 pedites

253 2700 394 2736 mediis
420 2701 460 2736 in
487 2700 587 2735 vicis
613 2699 905 2745 relinquebant.
957 2699 1068 2736 Haec
1097 2710 1168 2746 pm·
1202 2704 1327 2735 totum
1362 2699 1465 2735 diem
1500 2699 1802 2746 agebantur,16

253 2757 301 2783 ac
327 2748 473 2783 malum
500 2757 632 2794 usque
658 2747 709 2783 ad
737 2746 886 2783 Bovem
915 2747 1074 2793 publice
1105 2758 1152 2783 ne
1179 2748 1264 2783 sine
1291 2746 1520 2782 discrimine
1547 2750 1741 2793 vagatum

253 2799 331 2840 οδες
370 2795 531 2842 iamque
569 2795 750 2831 nonnulli
786 2794 837 2830 ad
872 2794 1187 2841 Philadelphium
1223 2799 1263 2830 et
1301 2794 1406 2830 ultra
1445 2798 1741 2840 procurrerant.

253 2841 447 2879 Comneni
481 2853 591 2887 vero,
631 2843 817 2878 omnibus
849 2842 900 2877 ad
934 2843 1146 2878 manubias
1179 2842 1508 2885 discurrentibus,
1546 2841 1619 2878 noll
1651 2851 1741 2878 eum
1759 2841 1801 2877 17

254 2891 481 2936 perexiguo
508 2900 676 2927 numero
704 2891 829 2926 relicti
856 2900 944 2926 eum
965 2890 1015 2925 nd
1035 2889 1213 2925 'I'nurum
1235 2890 1523 2936 pervenissent,
1551 2900 1629 2926 non
1649 2894 1743 2925 sunt
