2054 3282
458 269 708 309 DIOGENIS
734 269 1019 309 EXPEDITIO
1044 268 1369 309 ORIENTALIS.
1593 270 1661 309 691

167 392 318 448 βάροις
346 392 450 447 μετὰ
481 397 555 448 τῆς
585 393 740 440 οἰκείας
769 394 908 449 πάσης
939 394 1172 450 δυνάμεως,
1211 394 1357 436 αὐτίκα
1388 393 1460 436 τὸν
1489 394 1661 449 βασιλέα

166 461 426 516 προσδοκῶν
456 462 684 517 ἀπαγαγεῖν
715 462 1000 518 δορυάλωτον.
1062 462 1134 505 καὶ
1163 461 1210 505 τὸ
1236 461 1476 518 Ῥωμαϊκὸν
1514 462 1662 517 κύκλῳ
1675 467 1719 502 21

167 530 448 585 στρατόπεδον
477 531 742 585 περιέλαβον·
789 531 814 572 ὁ
844 532 984 586 μέντοι
1014 530 1207 587 βασιλεὺς
1245 531 1486 587 ἀκήρυκτον
1523 531 1664 577 αὐτοῖς

166 598 241 654 τὴν
269 599 412 654 μάχην
443 599 679 654 ἐπενεγκών
713 599 837 655 (ἐξῄει
859 599 939 654 γὰρ
961 604 1035 642 τοῦ
1056 600 1247 656 χάρακος
1267 599 1338 642 καὶ
1358 599 1405 642 τὸ
1427 599 1661 655 στράτευμα

130 668 432 722 ὖσυνεξήγαγε,
462 668 567 723 μήτε
598 668 837 723 σαλπίγγων
868 669 1094 724 γενομένης
1124 670 1231 724 ἠχῆς
1259 666 1368 724 μήθ’
1395 669 1538 723 ἑτέρου
1571 669 1660 710 δια-

169 735 299 789 δήλου
331 735 632 790 συνθήματος),
672 737 875 791 ἐτρέψατο
917 737 1014 784 τοὺς
1057 738 1266 784 ἐναντίους
1308 736 1379 779 καὶ
1422 737 1480 784 εἷς
1522 737 1663 792 φυγὴν

167 803 402 858 ἠνάγκασεν
439 804 609 846 ἀπιδεῖν.
670 806 709 846 εἰ
741 803 818 847 οὗν
856 805 922 847 ἐπὶ
957 805 1065 848 πολὺ
1103 806 1150 848 τὸ
1183 805 1422 861 Ῥωμαϊκὸν
1462 806 1662 854 ἐπεδίωξε
1676 810 1723 845 22

166 872 412 927 στράτευμα,
459 873 578 928 νίκην
608 875 660 914 ἂν
690 874 822 928 ἤρατο
852 875 1046 930 μεγίστην
1076 873 1147 916 καὶ
1178 875 1440 930 περιβόητον.
1505 876 1546 916 οἶ
1582 875 1662 930 γὰρ
1676 878 1723 914 23
1748 878 1778 915 C

164 941 281 982 ἵπποι
311 945 396 986 τοῖς
418 941 575 996 Ἄραψι
606 946 742 996 ταχεῖς
770 943 849 997 μέν
880 944 955 985 εἶσι
983 943 1058 997 τὴν
1088 944 1263 998 πρώτην
1294 943 1434 998 ὁρμὴν
1470 943 1540 985 καὶ
1577 947 1664 985 τῶν

108 1015 153 1051 10
166 1009 325 1051 λοιπῶν
355 1010 679 1059 ποδωκέστατοι,
712 1011 791 1052 οὐκ
824 1011 889 1052 ἐπὶ
918 1011 1027 1053 πολὺ
1059 1012 1105 1054 δὲ
1125 1011 1197 1054 τὸν
1219 1012 1383 1067 δρόμον
1404 1013 1663 1059 ἐκτείνουσιν,

166 1075 253 1119 ἀλλ’
286 1078 561 1122 ἀποκναίουσι
591 1079 772 1134 τάχιστα.
834 1080 1140 1135 ἀνακληθέντες
1172 1081 1218 1122 δὲ
1257 1081 1327 1123 καὶ
1363 1085 1436 1137 τῆς
1476 1081 1664 1129 διώξεως
1677 1085 1725 1120 24

166 1147 449 1202 ἀποσχόμενοι
487 1147 585 1194 τοὺς
622 1148 831 1194 ἐναντίους
865 1148 944 1203 μὲν
980 1150 1254 1204 περιέσωσαν,
1303 1149 1476 1196 ἑαυτοὺς
1515 1149 1560 1191 δὲ
1588 1166 1663 1204 με-

166 1216 296 1270 γάλου
335 1216 673 1271 κατορθώματος
710 1217 780 1258 καὶ
817 1217 1004 1264 εὐκλείας
1043 1218 1277 1273 ἐστέρησαν.
1340 1219 1462 1273 ὅμως
1492 1224 1554 1273 τῷ
1583 1219 1662 1273 βα-
1677 1222 1723 1258 25

166 1284 277 1338 och-7,
325 1285 385 1326 ὅτι
417 1285 529 1331 ὅλως
565 1286 606 1327 οἱ
631 1285 831 1340 Ῥωμαῖοι
871 1286 1099 1328 ἀντεπιέναι
1137 1291 1222 1333 τοῖς
1261 1287 1433 1342 ἐχθροῖς
1472 1287 1662 1341 ἀπεθάρ-

106 1357 301 1408 15ρησαν
331 1353 402 1395 καὶ
432 1353 479 1395 τὸ
509 1353 617 1396 πολὺ
646 1359 719 1409 τῆς
743 1354 897 1409 πρῴην
918 1355 1068 1401 δειλίας
1089 1355 1309 1407 ἀπέθεντο,
1343 1356 1505 1410 ἀρκοῦν
1528 1355 1664 1396 ἐδόκει

165 1422 393 1477 εὐτύχημα.
438 1421 637 1477 ἒνῴκιστο
670 1423 716 1465 δὲ
745 1429 819 1479 τῆς
845 1423 1119 1479 Ἱεραπόλεως
1150 1425 1175 1479 ἡ
1209 1424 1451 1479 ἀκρόπολις,
1484 1429 1557 1466 τοῦ
1584 1426 1662 1479 βα-
1678 1429 1724 1464 26

165 1491 312 1537 σιλέως
340 1492 663 1546 προστάξαντος.
726 1493 881 1548 ἑτέροις
921 1493 966 1535 δὲ
1002 1493 1250 1548 πολίσμασιν
1289 1493 1483 1535 ἐπελθὼν
1513 1493 1584 1535 καὶ
1614 1492 1663 1534 τὰ
1678 1498 1724 1534 27

163 1558 242 1614 μὲν
273 1558 340 1601 διὰ
370 1559 418 1602 τὸ
449 1561 666 1603 ἀνάλωτον
695 1562 940 1616 παρελθών,
972 1561 1020 1603 τὰ
1055 1562 1100 1604 δὲ
1127 1562 1353 1617 κατασχὼν
1374 1563 1432 1608 εἷς
1452 1562 1572 1604 πόλιν
1592 1566 1665 1617 τῆς

164 1626 352 1675 Κιλικίας
381 1628 455 1684 τὴν
478 1629 795 1686 Ἀλεξανδρῶνα
823 1630 1052 1686 λεγομένην
1073 1631 1312 1687 κατήντησε.
1360 1631 1559 1673 κάκεῖθεν
1584 1631 1663 1672 ἀπ-
1678 1635 1726 1670 28

164 1769 188 1805 2
212 1769 297 1816 ἧττα
322 1774 393 1806 τῶν
414 1771 609 1818 βαρβάρων
635 1771 664 1808 C
762 1772 808 1808 16
832 1773 962 1812 ἅλωσις
988 1773 1095 1820 (post
1119 1774 1172 1809 ἄλ.
1200 1772 1293 1809 add.
1319 1772 1388 1809 ὖπὸ
1414 1771 1551 1819 wpDz‘)
1572 1774 1662 1808 ‘Pm-

163 1818 281 1863 μαίων
306 1820 489 1864 φρουρίων
514 1825 619 1854 τινῶν
642 1821 877 1867 βαρβαρικῶν
902 1835 962 1857 και
987 1821 1126 1867 ἀγγελία
1158 1827 1209 1867 τῷ
1243 1822 1384 1868 βασιλεῖ’
1403 1822 1567 1867 λαφυραγ
1570 1834 1663 1867 ωγη-

165 1866 270 1912 θῆναι
297 1866 336 1901 τὸ
356 1866 571 1912 ἈμόριονΟ

238 1997 262 2033 2
287 1997 506 2043 δοριάλωτον
531 1997 599 2045 Di,
626 2009 662 2035 v.
689 1998 741 2035 ad
768 1999 865 2035 XIII
890 2000 924 2044 8,
950 2000 973 2036 3
1080 2000 1104 2036 3
1127 2014 1171 2036 πε
1172 2001 1334 2048 ριέβαλον
1361 2000 1390 2036 Β
1487 1999 1510 2035 4
1535 2000 1665 2046 ἐξενεγ-

238 2059 316 2081 κων
331 2013 405 2082 ιΒΟ
585 2052 709 2141 φυγεῖν
735 2047 764 2083 C
898 2048 919 2084 7
945 2053 1029 2094 γοῦν
1055 2047 1125 2084 DE
1129 2059 1190 2095 wp
1330 2048 1374 2083 12
1399 2048 1616 2108 ιιίπεχόμενοιε
1636 2048 1665 2084 C

284 2092 351 2138 μὲν
377 2093 459 2138 AR,
487 2046 563 2129 ome.
590 2105 623 2128 w
788 2095 831 2130 14
856 2110 883 2131 τ.
911 2095 1053 2141 ἐχθροῖς
1078 2096 1267 2132 ἀντεπιέναι
1295 2096 1365 2131 DF]
1355 2107 1430 2143 wp
1533 2096 1574 2132 17
1599 2110 1666 2130 ειε-

237 2155 313 2186 ροις
327 2141 367 2176 δὲ
380 2140 462 2187 AR,
480 2155 540 2177 και
554 2142 681 2187 ἕτέροις
697 2143 843 2179 omisso
862 2142 901 2178 δὲ
915 2143 989 2188 BC,
1007 2144 1068 2179 καὶ
1084 2143 1213 2188 ἑτέροις
1231 2144 1270 2179 δὲ
1289 2143 1374 2190 w*p
1459 2143 1503 2180 19
1527 2143 1665 2185 ἀλέξαν-

239 2190 326 2234 δρον
343 2188 568 2236 DssswpDi,
594 2189 807 2236 ἀλεξανδρὸν
823 2190 907 2236 AR,
934 2201 1035 2227 corn
1054 2190 1665 2238 B-W0011.Scy1itz.p.677,17

167 2327 300 2362 statim
328 2328 533 2373 captivum
561 2338 649 2363 esse
680 2327 963 2364 abducturum.
1015 2327 1113 2365 Cum
1145 2332 1280 2364 autem
1313 2328 1494 2364 Romana
1533 2331 1666 2364 castra
1679 2328 1722 2363 21

169 2384 320 2410 corona
347 2375 717 2419 circumdedissent,
745 2386 815 2411 rex
843 2386 977 2422 neque
996 2377 1148 2422 proelio
1168 2376 1406 2412 denuntiato
1426 2386 1558 2422 neque
1583 2376 1664 2411 ullo

168 2422 358 2458 tubarum
377 2423 512 2459 sonitu
531 2433 664 2469 neque
683 2423 761 2458 alio
780 2425 994 2460 manifesto
1011 2425 1128 2471 signo
1149 2424 1255 2469 dato,
1281 2425 1504 2459 exercitum
1524 2424 1665 2459 eduxit

169 2473 209 2505 ct
241 2471 375 2506 hostes
401 2471 638 2517 profligatos
665 2471 704 2506 in
733 2471 873 2517 fugam
902 2473 1085 2507 coniecit.
1136 2451 1287 2514 Quod’si
1322 2471 1526 2507 Romanus
1553 2482 1664 2506 e·x‹1·-
1679 2472 1726 2506 22

170 2518 273 2553 citus
299 2518 460 2565 longius
487 2519 573 2555 illos
600 2529 671 2565 pei
674 2522 837 2554 secutus
864 2523 979 2563 (sset,
1006 2519 1176 2555 victoria
1196 2520 1346 2565 potitus
1365 2523 1469 2555 esset
1488 2520 1664 2554 maxima

170 2568 210 2601 et
231 2565 383 2601 illustri.
435 2565 534 2602 Nam
550 2566 754 2602 Arabibus
782 2567 874 2612 equi
902 2570 995 2602 sunt
1021 2567 1149 2612 primo
1176 2568 1328 2613 impetu
1355 2567 1514 2602 veloces
1541 2570 1663 2612 atque
1678 2566 1725 2601 23

170 2613 346 2648 omnium
374 2613 582 2658 celerrimi,
610 2614 681 2650 sed
708 2623 868 2649 cursum
888 2625 968 2650 non
988 2614 1109 2660 longe
1130 2614 1355 2650 extendunt
1376 2614 1665 2659 eeleirimcque

170 2660 406 2707 fatigantur.
469 2642 616 2698 Ver’um
656 2662 836 2698 revocati
871 2664 916 2697 ut
954 2661 1088 2697 hostes
1127 2671 1207 2697 non
1247 2667 1537 2709 persequentes
1575 2672 1665 2697 con·
1680 2661 1725 2696 24

170 2713 396 2754 servarunt,
436 2710 490 2745 ita
517 2713 642 2745 semet
669 2710 776 2755 ipsos
802 2719 951 2755 magno
983 2719 1172 2745 successu
1201 2713 1240 2745 et
1265 2709 1397 2755 gloria
1429 2709 1666 2766 spoliarunt.

171 2754 272 2802 Regi
311 2759 444 2792 tamen
479 2757 642 2793 abunde
675 2758 817 2800 visum,
857 2756 966 2803 quod
994 2755 1161 2792 Romani
1194 2757 1328 2793 hostes
1354 2756 1550 2792 invadam
1577 2757 1726 2792 aus-195»

171 2807 318 2848 essent,
357 2805 526 2850 pristina
559 2804 772 2840 timiditate
804 2804 973 2839 abiecta.
1024 2803 1127 2839 Tum
1160 2806 1268 2851 regis
1302 2805 1414 2840 iussu
1445 2804 1664 2850 Ilien-opoli—
1680 2804 1726 2839 ‘2ss

170 2854 268 2886 tana
302 2861 375 2887 arx
407 2852 570 2888 condita
602 2856 673 2888 est.
725 2852 768 2887 In
803 2861 1022 2898 progressu
1055 2855 1189 2887 autem
1222 2852 1310 2886 aliis
1342 2851 1500 2898 oppidis
1527 2862 1574 2887 ca
1591 2852 1664 2894 nis,
1680 2851 1725 2887 27

171 2898 260 2934 aliis
285 2899 444 2944 relictis,
489 2900 598 2946 quod
630 2903 764 2935 essent
789 2899 1137 2945 inexpugnabilia,
1173 2899 1472 2939 Alexandrona.
1512 2900 1552 2934 iu
1600 2899 1665 2934 'ili-

172 2946 259 2982 ciae
285 2946 439 2991 urbem,
466 2948 662 2994 pervenit.
715 2947 831 2983 Unde
857 2946 1077 2982 discedenti
1106 2947 1315 2982 nuntiatur
1342 2946 1547 2982 Amorium
1572 2946 1727 2983 mul-28
