2054 3282
569 260 762 299 BASILII
789 259 1123 300 CVBICVLARII
1148 259 1203 299 IN
1205 259 1438 298 TERITVS.
1677 258 1748 297 555

254 380 358 424 ὅθεν
396 382 553 430 ἐκεῖνος
590 382 657 426 διὰ
693 387 819 426 ταῦτα
851 385 965 439 νέφει
994 382 1253 439 περισχεθεὶς
1283 382 1470 438 ἀθυμίας
1498 385 1668 436 παρεῖτο
1699 380 1747 423 τὰ
1761 384 1808 420 22

252 449 358 505 μέλη
390 450 462 492 καὶ
492 451 678 505 ἔμπνους
708 450 827 494 ὦπτο
857 451 1007 506 νεκρὸς
1037 451 1108 493 καὶ
1127 451 1267 507 βραχύ
1288 467 1323 493 τι
1345 450 1548 493 διαλιπὼν
1569 450 1748 504 οἰκτρῶς

254 517 326 559 τὸν
355 519 449 572 βίον
480 519 671 568 ἐξέλιπεν.
735 519 759 561 ὁ
792 519 838 562 δὲ
866 520 956 562 τότε
985 523 1156 574 πρῶτον
1187 521 1354 574 γέγονεν
1384 518 1660 573 αὒτοκράτωρ
1687 518 1749 564 ὡς
1762 521 1808 557 23

255 586 431 640 ἀληθῶς
466 587 537 628 καὶ
576 587 700 642 γνοὺς
734 589 926 643 πηλίκων
958 589 1081 631 δεῖται
1112 588 1351 643 φροντίδων
1382 589 1407 643 ἡ
1439 592 1512 642 τῆς
1541 587 1749 641 βασιλείας

217 659 241 696 5
255 653 467 709 διοίκησις,
510 660 582 710 τῆς
624 672 666 698 τε
707 657 923 712 βασιλικῆς
965 657 1196 712 ἁβρότητος
1233 656 1520 711 κατεφρόνησε
1555 655 1628 697 καὶ
1663 658 1749 696 τῶν

253 722 463 777 λαμπρῶν
493 723 787 779 ἒπιβλημάτων
817 725 1018 780 ἀπέσχετο
1049 725 1120 767 καὶ
1151 725 1442 779 γλυκυθυμίαν
1472 725 1640 766 ἅπασαν
1668 723 1747 765 ἀπ-

254 791 449 840 εσείσατο,
480 793 614 834 καίτοι
633 792 786 848 πρῴην
804 793 865 848 μὴ
895 794 1008 836 οὕτω
1039 794 1170 849 βιούς,
1202 793 1304 836 ἀλλὰ
1330 793 1401 836 καὶ
1422 793 1596 847 ἐρώτων
1616 792 1748 847 ἡττώ·
1761 795 1807 831 24

253 875 383 914 μενος
418 861 489 902 καὶ
527 862 692 916 κώμοις
721 862 793 904 καὶ
822 867 1000 916 τρυφαῖς
1030 862 1179 905 ἑαυτὸν
1210 861 1402 908 ἐκδιδοὺς
1431 861 1502 903 καὶ
1531 861 1750 916 βασιλείοις

17 924 46 991 ξ”;
102 935 154 972 IV
175 937 242 973 116
253 929 531 984 περιττότησιν
568 930 831 985 ἕνηδόμενος.
893 931 1031 986 ἑαυτῷ
1068 931 1114 973 δὲ
1149 930 1273 985 μόνῳ
1308 931 1646 985 προσκληρώσας
1675 928 1749 984 τὴν
1762 933 1808 969 25

195 1007 242 1043 10
255 997 447 1046 ἐξουσίαν
476 1002 550 1040 τοῦ
582 998 790 1053 ὀνόματος
819 999 956 1054 μόνου
987 1004 1059 1055 τῆς
1088 999 1295 1054 βασιλείας
1325 999 1395 1041 καὶ
1431 1003 1504 1041 τοῦ
1542 999 1748 1053 ἐπισήμου

253 1066 482 1121 χρώματος
516 1068 734 1122 μετεδίδου
771 1073 832 1122 τῷ
868 1068 1043 1123 ἀδελφῷ
1079 1069 1153 1110 καί
1185 1083 1271 1110 τινα
1310 1068 1572 1122 δορυφορίαν
1603 1067 1749 1120 ἐκείνῳ

254 1135 442 1184 ἀπέταξε,
472 1136 674 1190 βραχεῖαν
703 1137 842 1191 μέντοι
874 1137 945 1178 καὶ
976 1137 1056 1178 οὐκ
1088 1136 1338 1191 ὗπέρογκὸν.
1401 1136 1425 1177 ὁ
1458 1135 1503 1178 δὲ
1534 1136 1658 1190 ἔφερε
1679 1134 1750 1176 καὶ
1762 1138 1808 1174 26
1833 1137 1863 1175 C

255 1204 335 1246 οὒκ
366 1205 617 1260 ἠμφισβήτει
640 1209 702 1259 τῷ
723 1205 909 1260 ἀδελφῷ,
942 1206 1079 1260 ἤθους
1099 1205 1316 1260 ἀνειμένου
1338 1205 1489 1259 τυχών,
1521 1203 1647 1258 οἶμαι,
1679 1203 1750 1245 καὶ

254 1272 416 1328 χαίρων
452 1273 659 1328 ὑγροτέρᾳ
697 1274 790 1329 ζωῇ
826 1274 898 1315 καὶ
935 1274 1124 1329 διαγωγῇ
1162 1278 1351 1328 τρυφερᾷ
1387 1273 1458 1315 καὶ
1494 1273 1648 1327 θήραις
1678 1272 1750 1314 καὶ

198 1349 241 1387 15
254 1341 488 1396 ἡλικιωτῶν
531 1343 766 1389 συνουσίαις
809 1343 871 1389 οἷς
914 1343 1194 1397 συνετρέφετο.
1255 1342 1315 1384 τὼ
1351 1342 1429 1397 μὲν
1468 1340 1544 1383 οὖν
1575 1340 1749 1396 ἀδελφὼ

253 1409 324 1453 καὶ
354 1410 490 1465 ἄμφω
521 1410 679 1466 εἰχέτην
709 1411 856 1458 οὕτως.

367 1478 422 1522 ‘O
451 1478 499 1522 δέ
528 1495 574 1534 γε
593 1479 792 1536 Σκληρὸς
816 1483 889 1523 τοῦ
911 1480 1049 1523 Φωκᾶ
1077 1480 1284 1527 θανόντος
1314 1479 1455 1526 λυθεὶς
1484 1483 1557 1534 τῆς
1587 1479 1751 1533 εἱρκτῆς
1763 1480 1808 1517 27

256 1592 274 1627 1
301 1592 439 1638 τελευτὴ
466 1597 526 1629 τοῦ
549 1593 875 1638 παρακοιμωμένου
902 1592 966 1629 CE
1062 1593 1084 1628 7
1109 1593 1182 1631 οἶος
1206 1592 1250 1638 ἦν
1271 1593 1292 1627 ὁ
1306 1591 1470 1638 βασιλεὺς
1486 1590 1556 1636 πρὸ
1573 1595 1632 1626 τοῦ
1659 1592 1749 1632 (om.

255 1638 302 1682 Ε)
327 1645 387 1687 τῆς
410 1640 569 1683 ἔξουσίας
602 1641 829 1687 ἐπιλαβέσθαι
865 1641 1046 1687 (λαβέσθαι
1075 1640 1120 1684 Ε)
1156 1640 1217 1675 καὶ
1246 1640 1317 1678 οἶος
1348 1638 1435 1684 μετὰ
1467 1644 1571 1674 ταῦτα
1601 1638 1748 1683 ἐγένετο·

255 1687 319 1724 CE
345 1688 406 1724 καὶ
430 1690 528 1728 ὅπως
551 1688 724 1734 ἐκέχρητο
749 1694 800 1734 τῷ
825 1689 990 1734 ἀδελφῷ·
1017 1688 1077 1723 καὶ
1101 1689 1175 1727 οἶος
1199 1688 1243 1733 ἦν
1266 1688 1398 1726 ἐκεῖνος
1424 1687 1463 1722 τὸ
1486 1687 1575 1733 ἦθος
1601 1685 1631 1722 C

257 1735 300 1772 17
326 1736 376 1771 ὅτι
401 1735 507 1775 αὖθις
530 1737 551 1772 ὅ
574 1736 741 1782 Σκληρός
766 1742 826 1782 τῆς
851 1737 1055 1781 τυραννίδος
1080 1737 1202 1781 εἴχετο.
1243 1735 1302 1771 καὶ
1332 1736 1428 1774 ὅπως
1459 1735 1648 1770 ἐσπείσατο.
1690 1732 1750 1768 καὶ

254 1784 434 1830 προσῆλθε
459 1790 510 1829 τῷ
534 1785 675 1830 βασιλεῖ
694 1784 755 1820 καί
779 1784 911 1830 ἐδέχθη
939 1783 1002 1820 CE
1028 1784 1103 1829 (καὶ
1127 1784 1177 1819 ἕδ.
1206 1794 1280 1819 om.
1309 1783 1353 1826 E)

326 1884 349 1921 5
373 1885 484 1931 ἀβρότ
510 1899 566 1926 τος
591 1885 758 1932 Bs(?)wp
891 1891 962 1931 τῷν
987 1885 1024 1921 D
1160 1884 1182 1921 7
1207 1885 1340 1930 ε’ρότων
1366 1884 1413 1931 p*
1541 1884 1564 1920 8
1588 1882 1749 1929 τρυφαῖς]

325 1933 454 1978 μέθαις
478 1899 516 1968 ὗ
611 1934 787 1979 βασιλείας
812 1934 909 1980 Ewp
1008 1934 1054 1969 10
1076 1934 1188 1978 μόνου
1207 1932 1286 1977 ΑΕ,
1313 1934 1389 1968 οἴου
1407 1932 1452 1977 R,
1478 1933 1556 1967 οἴου
1575 1931 1616 1974 Ο,
1641 1933 1750 1976 μόνον

325 1980 413 2027 w*p
521 1981 566 2018 13
591 1981 681 2027 ἦθος
706 1982 738 2017 Ε
833 1981 932 2028 οἶμαί
957 1992 1032 2017 om.
1059 1980 1168 2017 OWo
1195 1981 1260 2016 lat.
1361 1980 1405 2015 14
1429 1980 1505 2026 ὗγρ.
1533 1980 1748 2026 ζωῇ-διαγ.

326 2027 498 2075 τρυφερᾷ]
525 2028 587 2065 De
614 2029 790 2066 chiasmo
818 2040 854 2065 V.
881 2029 934 2065 ad
960 2028 1056 2065 XIII
1083 2029 1116 2073 2,
1142 2030 1164 2064 6
1261 2030 1326 2074 ζοῇ
1352 2028 1400 2074 p*
1515 2026 1558 2063 15
1583 2028 1750 2063 συνουσία

327 2076 453 2123 E(wp)
553 2075 613 2122 Ιοῖς
630 2075 677 2122 A,
703 2082 775 2113 τῶν
790 2077 841 2117 οἷς
859 2077 958 2124 pr
1058 2077 1102 2113 17
1128 2091 1154 2112 τ.
1173 2077 1312 2123 εἶρκτῆς
1329 2075 1449 2115 λυθεὶς
1476 2075 1512 2110 D
1609 2077 1749 2121 εἱρκτῆς

326 2123 409 2169 AR,
434 2125 573 2172 εἱρκτῆς
599 2124 701 2172 pr

255 2224 411 2256 tantum
437 2224 507 2257 aut
533 2221 682 2258 fundos
707 2222 857 2258 invasit
882 2225 922 2258 et
947 2221 1081 2266 aedes,
1113 2220 1185 2257 sed
1212 2221 1332 2256 etiam
1359 2219 1540 2262 donaria,
1578 2217 1750 2261 tabulas,

255 2268 463 2305 columnas
487 2269 696 2315 pretiosas.
746 2269 856 2312 Quas
882 2269 947 2305 ille
974 2269 1025 2305 ob
1052 2279 1117 2304 res
1142 2269 1264 2303 animi
1295 2266 1553 2314 aegritudine
1589 2259 1810 2312 oppres-22

255 2326 325 2352 sus
350 2316 622 2363 membrisque
646 2317 833 2353 resolutis
861 2317 956 2352 nibil
976 2316 1085 2352 aliud
1103 2317 1178 2351 nisi
1197 2318 1400 2351 mortuum
1419 2324 1567 2360 corpus
1592 2314 1749 2359 spirans

255 2364 370 2400 brevi
396 2364 678 2401 miserabiliter
702 2369 763 2401 est
781 2365 1013 2401 exstinctus.
1065 2363 1235 2399 Basilius
1254 2373 1352 2398 vero
1372 2366 1453 2397 tum
1474 2362 1633 2396 demum
1654 2370 1749 2396 vere
1763 2355 1810 2392 23

256 2412 476 2458 imperator
501 2413 634 2448 factus
660 2422 750 2448 eum
777 2412 1051 2455 intellexisset,
1080 2415 1273 2457 quantam
1299 2409 1606 2446 sollicitudinem
1633 2409 1749 2454 regni

257 2458 550 2496 administratio
578 2460 810 2506 postularet,
847 2460 1011 2495 delicias
1037 2461 1171 2504 regias
1197 2459 1360 2504 sprevit,
1387 2456 1607 2503 splendidis
1634 2456 1750 2491 vesti·

257 2506 333 2542 bus
363 2507 558 2543 abstinuit
590 2517 830 2553 omnemque
863 2508 1105 2542 suavitatem
1139 2505 1381 2551 repudiavit,
1423 2505 1608 2550 quamvis
1640 2504 1750 2549 prius
1763 2499 1809 2536 ‘24

257 2564 337 2589 non
364 2555 420 2590 ita
445 2555 624 2598 vixisset,
650 2555 722 2591 sed
748 2559 787 2591 et
813 2555 1019 2590 amoribus
1049 2553 1291 2596 indulsisset,
1326 2551 1686 2588 comessationibus
1712 2554 1750 2586 et

258 2601 536 2647 voluptatibus
562 2602 723 2639 deditus
748 2603 946 2648 regioque
972 2602 1072 2637 luxu
1102 2601 1336 2636 delectatus.
1388 2600 1449 2635 Its.
1476 2600 1582 2634 omni
1615 2595 1810 2634 aucto-25

257 2649 376 2685 ritate
401 2649 476 2685 sibi
504 2649 708 2686 vindicata
734 2650 848 2686 fratri
876 2650 972 2685 nibil
999 2649 1199 2695 impertiit,
1234 2649 1308 2683 nisi
1336 2657 1481 2683 nomen
1510 2650 1549 2682 et
1576 2646 1750 2682 colorem

258 2697 467 2741 insignem,
503 2698 686 2734 custodia
718 2698 771 2733 illi
804 2697 965 2743 quidem
992 2696 1198 2737 attributa,
1237 2695 1306 2731 sed
1334 2695 1486 2739 exigua
1514 2703 1646 2740 neque
1671 2703 1750 2728 ma-

257 2744 418 2789 gnifica.
467 2744 581 2787 Quae
599 2745 674 2789 ille,
700 2749 744 2781 ut
764 2745 881 2780 homo
902 2744 1150 2785 remissioris,
1178 2747 1287 2789 puto,
1315 2754 1362 2778 ae
1380 2742 1571 2777 mollioris
1597 2741 1748 2786 ingenii
1763 2738 1809 2774 26

258 2795 298 2827 et
323 2791 588 2838 voluptarius,
624 2793 910 2828 venationibus
937 2795 976 2827 et
1002 2791 1230 2836 aequalium
1258 2799 1423 2826 suorum
1457 2788 1751 2825 consuetudine

257 2838 444 2883 gaudens
469 2849 601 2886 aequo
628 2840 786 2876 serebat
811 2840 944 2875 animo
970 2849 1103 2884 neque
1123 2838 1235 2873 fratri
1259 2837 1566 2873 adversabatur.
1616 2834 1750 2882 Atque

259 2886 416 2922 illorum
443 2890 533 2923 erat
555 2886 619 2923 bie
645 2891 784 2923 status.

377 2932 539 2971 seierus
563 2939 711 2979 autem,
738 2934 871 2970 Barda
897 2937 1069 2975 mortuo,
1108 2932 1277 2969 vinculis
1302 2933 1458 2969 solutus
1484 2942 1509 2967 a
1534 2932 1669 2979 priore
1696 2929 1810 2967 in-27
