2054 3282
309 215 380 252 344
709 188 889 251 zoNAR.
916 213 1048 249 EPIT.
1075 213 1147 249 XV
1172 212 1229 257 23,
1258 212 1407 250 13-23.

310 338 426 391 αὐτῷ
458 336 537 390 οὐχ
568 335 811 390 ὑπήνεγκεν,
846 333 931 377 ἀλλ’
965 335 1094 382 εὐθὺς
1125 334 1198 389 τὴν
1230 335 1477 391 συμπλοκὴν
1501 336 1560 392 μὴ
1583 338 1806 393 θαρρῆσαν

309 406 460 460 εἰρεσίᾳ
492 409 623 460 συχνῇ
654 405 762 459 πρὸς
793 405 867 459 τὴν
898 406 1049 459 χέρσον
1080 405 1322 459 κατήγοντο,
1369 405 1440 446 καὶ
1479 407 1519 447 οἱ
1554 406 1632 460 μὲν
1663 407 1803 449 ἀπεδί-

251 476 296 512 14
310 476 507 528 δρασκον,
553 475 592 515 οἳ
632 474 676 515 δὲ
714 474 776 528 τῷ
814 474 984 529 ΙΙΙιχαὴλ
1022 474 1351 527 αὐτομολοῦντες
1389 475 1639 530 προσῄεσαν.
1701 477 1726 518 ὅ
1765 473 1802 518 δ’

96 544 295 582 P11138A
309 544 543 597 ἀποστάτης
587 544 640 584 ἔτι
677 547 749 597 τῆς
786 543 1030 597 τυραννίδος
1067 542 1268 596 ἀντείχετο
1307 542 1378 583 καὶ
1411 543 1504 585 οὔτε
1534 542 1605 585 τὸν
1635 544 1804 599 χάρακα

310 613 427 654 ἔλυσε
448 611 518 652 καὶ
539 610 585 652 τὸ
608 611 651 652 ἓν
668 610 831 652 Ἑλλάδι
853 611 1100 665 ἕτοιμασθὲν
1122 611 1239 665 αὒτῴ
1269 610 1463 653 ναυτικὸν
1493 613 1804 667 μετεπέμψατο·
1819 610 1842 646 5

252 682 295 718 15
309 681 380 723 καὶ
416 681 511 722 τόδε
548 683 689 734 παρῆν
727 678 831 720 κατὰ
865 679 1053 734 Βυρίδας
1092 679 1454 734 νεωλκησάμενον.
1517 681 1541 722 ὃ
1573 681 1736 735 γνόντες
1767 682 1809 723 οἱ

309 753 382 791 τοῦ
423 749 569 790 στόλου
607 751 680 788 τοῦ
722 747 894 801 Μιχαὴλ
933 746 1083 794 νυκτὸς
1120 747 1260 794 αὐτοῖς
1300 747 1543 790 ἐπιτίθενται
1585 749 1660 790 καί
1697 765 1808 796 τινας

309 818 386 872 μὲν
422 817 604 872 ᾑρήκασι
642 819 727 857 τῶν
764 816 978 870 πολεμίων
1014 819 1142 870 νηῶν,
1189 817 1330 870 ἑτέρας
1369 816 1414 858 δὲ
1451 822 1513 871 τῷ
1550 817 1671 872 ὑγρῷ
1708 818 1809 872 πυρὶ

253 888 297 922 16
311 886 635 939 κατενέπρησαν.
699 883 804 925 κατὰ
838 889 914 939 γῆν
955 884 1000 927 δὲ
1040 884 1186 939 συχναὶ
1222 885 1300 939 μὲν
1339 885 1520 939 ἐγίνοντο
1563 887 1808 941 προσβολαί,

317 954 526 1009 Θεοφίλου
558 957 631 994 τοῦ
663 954 757 994 υἱοῦ
789 957 862 994 τοῦ
895 953 1102 1007 βασιλέως
1130 957 1202 995 τοῦ
1225 954 1329 995 λαοῦ
1350 954 1702 1009 προεξάρχοντος·
1735 956 1808 1010 ᾶγ-
1826 955 1871 990 10

312 1022 492 1077 χώμαλα
527 1022 571 1064 δὲ
602 1025 686 1068 τοῖς
719 1022 915 1067 ἐναντίοις
946 1021 1053 1076 ἦσαν
1083 1021 1132 1062 τὰ
1163 1022 1388 1076 πράγματα
1420 1022 1491 1064 καὶ
1522 1023 1660 1065 οὐδενὶ
1694 1024 1811 1078 μέρει

254 1092 298 1127 17
313 1092 522 1145 καθαρῶς
554 1092 579 1145 ἡ
612 1091 704 1145 νίκη
739 1090 1033 1145 ἔπεμειδίασεν.
1097 1091 1140 1132 ἒν
1177 1090 1365 1145 τοσούτῳ
1405 1091 1452 1132 δέ
1488 1108 1523 1133 τι
1555 1091 1721 1147 συμβὰν
1750 1097 1811 1147 τῷ

318 1158 459 1213 Θωμᾷ
497 1158 545 1199 τὰ
584 1158 810 1213 πράγματα
855 1159 1024 1213 ἔσφηλε·
1068 1163 1140 1213 τῆς
1180 1159 1260 1213 γὰρ
1300 1160 1447 1214 φήμης
1484 1164 1698 1215 πανταχοῦ
1736 1160 1811 1215 τὴν

312 1231 385 1268 τοῦ
421 1226 561 1281 Θωμᾶ
591 1227 834 1282 κηρυξάσης
866 1227 1121 1268 ἀποστασίαν
1152 1227 1222 1268 καὶ
1252 1227 1326 1282 τὴν
1356 1228 1601 1283 πολιορκίαν
1630 1233 1702 1284 τῆς
1731 1229 1810 1271 πό-

267 1296 430 1344 Βλεως,
477 1295 722 1350 ΙῑΙορτάγων
760 1296 783 1337 ὁ
820 1298 904 1337 τῶν
942 1296 1206 1350 Βουλγάρων
1249 1297 1474 1351 κατάρχων
1518 1296 1703 1344 σπονδὰς
1746 1297 1812 1339 ἐπὶ
1826 1296 1870 1332 15

313 1368 387 1406 τοῦ
416 1364 600 1410 Λέοντος
630 1364 954 1418 τριακοντούτεις
985 1365 1165 1419 θέμενος
1196 1365 1267 1406 καὶ
1298 1365 1446 1420 φιλίως
1476 1365 1565 1407 τότε
1589 1365 1812 1420 Ῥωμαίοις

314 1434 438 1488 ἔχων,
471 1433 797 1488 αὐτεπάγγελτος
829 1431 905 1488 ἧκε
937 1434 1231 1488 συμμαχήσων
1261 1439 1323 1488 τῷ
1352 1434 1513 1489 βασιλεῖ
1538 1434 1608 1476 καὶ
1640 1450 1810 1489 στρατο-

314 1575 359 1610 12
385 1577 435 1610 ὅτι
462 1577 482 1610 ὁ
507 1580 577 1610 τῶν
605 1575 824 1620 Βουλγάρων
863 1575 1017 1621 ἀρχηγὸς
1053 1575 1204 1615 σπονδὰς
1236 1576 1323 1621 μετὰ
1343 1577 1532 1621 εΡωμαίων
1556 1577 1704 1621 θέμενος
1729 1577 1811 1621 ἔμα-

312 1624 513 1708 χέσατοΟτῷ
542 1624 658 1668 Θωμᾷ
685 1623 745 1658 καὶ
777 1623 917 1669 ἐνίκησε
946 1623 1009 1660 ΟΕ
1040 1623 1100 1659 καὶ
1132 1625 1239 1663 αἴτιος
1270 1625 1387 1670 γέγονε
1423 1629 1483 1670 τῆς
1519 1624 1625 1660 αὐτοῦ
1662 1625 1809 1661 καταλύ-

313 1684 403 1710 σεως

386 1803 405 1837 1
424 1808 466 1848 τῆ
483 1803 671 1847 συμπλοκῆ
686 1803 717 1838 Ε
789 1803 811 1838 3
830 1803 875 1848 δ’]
891 1803 930 1838 δὲ
943 1803 1072 1848 Bs(?)p
1093 1804 1229 1838 invitis
1244 1802 1352 1838 ARW
1425 1803 1446 1838 5
1464 1803 1584 1838 ἔλυσεν
1602 1803 1688 1839 ἀλλὰ
1705 1803 1765 1839 καὶ
1778 1803 1808 1839 Β

385 1851 407 1886 6
431 1851 579 1896 βυρίδας
598 1849 745 1896 Apr‚
773 1850 917 1886 Genes.
944 1851 1100 1896 p.41‚8‚
1127 1851 1304 1896 Theoph.
1332 1854 1437 1886 cont.
1465 1862 1501 1896 p.
1521 1851 1577 1895 64,
1592 1851 1624 1895 3,
1650 1852 1810 1897 βηρύδας

386 1898 434 1942 D,
472 1904 521 1943 τῷ
550 1899 676 1943 χωρίῳ
705 1925 712 1933 .
740 1925 747 1933 .
774 1903 845 1933 τῶν
870 1900 1031 1944 Βηρίδου
1071 1900 1133 1940 (τῶ
1164 1899 1335 1944 βηρύδων
1371 1898 1654 1941 COiSlinianus)
1695 1899 1810 1935 Cedr.

387 1945 577 1991 (Scylitz.)
596 1946 632 1980 ῙῙ
659 1957 694 1991 p.
714 1945 771 1990 84,
790 1946 836 1981 22
932 1947 1209 1991 νεολκυσόμενον
1226 1947 1268 1991 Ε,
1295 1947 1588 1991 νεωκλυσάμενον
1612 1946 1681 1990 w*,
1707 1947 1811 1982 νεωλ-

387 1993 588 2038 κυσάμενον
614 1993 661 2038 p*
758 1994 781 2029 8
804 1998 895 2029 νεῶν
913 1993 1087 2039 prDi3
1115 1994 1297 2029 zonarae
1316 1997 1375 2029 est
1395 1997 1434 2029 et
1460 1999 1551 2029 νεῶν
1577 1994 1684 2039 (XIV
1706 1994 1739 2039 3,
1753 1995 1810 2030 30.

386 2041 422 2084 4,
449 2041 494 2076 18
521 2040 610 2085 eet.)
638 2043 678 2076 et
702 2046 800 2086 νηῶν
828 2041 914 2086 (XV
940 2041 995 2085 24,
1023 2042 1055 2076 3.
1082 2041 1174 2076 XVI
1200 2043 1233 2084 9,
1259 2042 1316 2076 47.
1343 2041 1388 2077 51
1417 2042 1516 2086 eelz).
1647 2042 1669 2077 9
1693 2056 1812 2077 κατεν-

387 2089 543 2133 έπρησαν
558 2087 639 2133 ΑΟ,
664 2089 962 2133 παραδεδώκασιν
977 2089 1073 2134 Ewp
1173 2092 1263 2134 post
1287 2089 1548 2134 κατενὲπρησαν
1573 2090 1638 2125 vel
1661 2091 1812 2134 παραδε-

389 2137 550 2171 δώκασιν
570 2136 660 2171 add.
677 2136 776 2182 pr
796 2137 845 2175 ὡς
863 2137 977 2182 ὀλίγας
994 2137 1264 2182 περιλειφθῆναι
1280 2137 1557 2182 (περιληφθῆναι
1571 2136 1617 2182 Β)
1691 2138 1738 2172 10
1753 2142 1812 2173 τοῦ

387 2183 480 2228 υἵοῦ]
496 2183 555 2219 τὸν
568 2185 646 2219 υἱοῦ
660 2183 747 2229 w*p
823 2185 866 2219 11
882 2185 1123 2230 ἀντιπολέμοις
1135 2184 1166 2220 Ο
1243 2185 1286 2220 12
1299 2185 1478 2231 ἕπέβρισεν
1489 2184 1520 2221 Ο
1595 2184 1650 2220 15.
1665 2185 1709 2220 16
1722 2199 1812 2230 τρια-

386 2232 580 2270 κοντούτεις
605 2231 660 2266 ἐπὶ
685 2237 746 2267 τοῦ
769 2232 904 2271 λέοντος
931 2231 962 2267 O

314 2365 460 2407 terunt,
484 2363 555 2399 sed
577 2364 710 2398 statim
737 2374 959 2409 congressu
986 2364 1135 2399 evitato
1163 2363 1325 2399 assidua
1350 2364 1616 2409 remigatione
1643 2363 1693 2398 ad
1721 2373 1810 2399 eon-

316 2411 509 2446 tinentem
543 2411 806 2456 appulerunt3
844 2412 900 2446 ibi
927 2411 994 2446 alii
1021 2411 1282 2457 diffugerunt,
1316 2411 1381 2445 alii
1408 2411 1459 2445 ad
1485 2410 1719 2446 Michaelem
1747 2410 1811 2446 de·

257 2454 303 2488 14
317 2459 512 2494 fecerunt.
553 2458 702 2493 Verum
723 2459 903 2494 desertor
921 2459 1176 2504 tyrannidem
1197 2459 1330 2493 adhue
1347 2459 1532 2504 urgebat,
1555 2469 1686 2503 neque
1705 2459 1810 2494 vallo

318 2506 448 2541 soluto
482 2508 521 2541 et
553 2506 690 2550 classe,
730 2517 851 2551 quam
882 2507 924 2541 in
957 2506 1128 2542 Graecia
1159 2510 1342 2552 paratam
1381 2506 1567 2550 habebat,
1607 2506 1810 2541 arcessita.

318 2553 431 2594 Quae
473 2563 563 2588 cum
603 2555 780 2589 venisset
812 2558 851 2589 et
883 2555 998 2589 iuxta
1030 2554 1202 2599 Byridas
1239 2564 1366 2589 naves
1404 2553 1628 2589 subductae
1667 2557 1811 2596 essent,

262 2596 304 2630 15
317 2600 521 2635 Michaelis
549 2601 740 2636 classiarii
768 2612 816 2637 ea
841 2612 886 2637 re
913 2602 1077 2647 cognita
1102 2604 1226 2636 noctu
1253 2611 1321 2637 eas
1340 2601 1638 2646 aggrediuntur
1656 2603 1694 2636 et
1713 2601 1812 2636 alias

260 2644 304 2678 16
318 2648 520 2682 hostilium
546 2649 712 2683 navium
737 2651 941 2695 ceperunt,
969 2649 1068 2684 alias
1085 2649 1170 2694 igni
1189 2647 1345 2684 Graeco
1364 2649 1642 2683 incenderunt.
1685 2648 1812 2683 Terra

319 2697 453 2730 autem
500 2696 643 2730 crebra
679 2697 832 2741 proelia
876 2697 1027 2731 fiebant
1066 2696 1287 2742 Theophilo
1326 2697 1434 2741 regis
1467 2695 1546 2730 filio
1587 2696 1701 2740 duce,
1740 2696 1812 2731 sed

319 2752 450 2787 aequo
478 2743 563 2778 fere
582 2743 710 2779 Marte
736 2745 1010 2790 pugnabatur,
1037 2745 1208 2779 victoria
1235 2744 1286 2778 ad
1312 2746 1496 2778 neutram
1523 2746 1676 2788 partem
1704 2744 1812 2778 incli-

260 2787 304 2822 17
317 2793 450 2824 nante.
493 2789 653 2826 Interea
679 2802 776 2827 vero
803 2792 955 2837 aliquid
981 2792 1137 2832 accidit,
1165 2801 1244 2837 quo
1264 2802 1328 2826 res
1347 2791 1524 2826 Thomae
1542 2791 1811 2826 labefactatae

319 2840 429 2882 sunt3
455 2848 548 2872 nam
574 2849 736 2874 rumore
763 2839 1001 2875 defectionis
1020 2839 1198 2874 'rhomae
1225 2842 1263 2874 et
1289 2839 1400 2874 urbis
1420 2838 1639 2873 obsidionis
1662 2838 1811 2883 passim

320 2893 459 2929 sparso
493 2884 718 2931 Mortagon,
757 2886 1029 2932 Bulga1·orum
1068 2887 1266 2933 princeps,
1307 2887 1375 2932 qui
1413 2896 1611 2921 annorum
1644 2886 1811 2931 triginta
