2066 3230
366 257 435 296 766
734 255 915 296 ZONAR.
941 254 1071 294 EPIT.
1097 253 1229 294 XVIII
1254 254 1311 303 29,
1340 252 1489 293 17-28.

308 386 353 420 18
365 382 601 436 βασίλισσα·
635 381 925 423 ὑπεστέλλοντο
958 379 1036 435 γὰρ
1069 379 1227 434 ἐκείνης
1257 379 1476 434 παρούσης
1507 378 1682 434 ἀρχικόν
1711 394 1753 421 τε
1783 377 1854 421 καὶ

367 450 565 505 ἐμβριθὲς
596 450 911 504 ἐνδεικνυμένης
943 449 1098 503 ἰδίωμα
1130 448 1200 489 καὶ
1230 452 1314 494 τοῖς
1340 448 1584 490 ᾶτακτοῧσιν
1605 448 1855 503 ἐπιτιμώσης

365 519 661 573 σφοδρότερον.

306 592 352 627 19
479 586 532 628 ‘O
561 587 638 641 μὲν
670 585 745 628 οὖν
766 590 952 632 τοιοῦτος
974 585 1036 640 ἦν,
1066 589 1193 626 ταῦτα
1227 585 1272 626 δὲ
1302 584 1410 626 καλὰ
1440 583 1519 639 μὲν
1549 584 1618 626 καὶ
1649 587 1743 630 πῶς
1774 583 1854 639 γὰρ

141 662 191 699 W
210 662 268 697 III
282 662 351 697 246
366 657 440 706 οὔ,·
477 656 618 710 ἰδιώτῃ
653 652 689 696 δ’
724 655 975 709 ἀποχρῶντα
1007 653 1116 708 πρὸς
1147 654 1327 701 ἔπαινον,
1361 653 1411 694 οὗ
1442 653 1528 707 μήν
1559 668 1604 707 γε
1634 652 1705 694 καὶ
1735 653 1891 707 βασι-5

306 731 353 766 20
365 725 436 765 λέα
470 724 681 765 δεικνύντα
713 722 762 763 τὰ
793 723 926 764 πάντα
958 721 1148 777 χρηστόν.
1212 722 1262 763 οὐ
1301 721 1380 775 γὰρ
1413 721 1455 762 αἱ
1492 721 1611 762 αὐταὶ
1649 721 1856 775 βασιλέως

365 792 435 834 καὶ
466 792 634 833 ἰδιώτου
667 790 834 846 γένοιντ’
868 793 920 832 ἂν
951 790 1110 845 ἀρεταί·
1160 790 1302 845 ἰδιώτῃ
1342 790 1420 844 μὲν
1459 789 1538 844 γὰρ
1579 789 1745 844 ἀπόχρη
1785 789 1856 830 καὶ

320 861 531 915 Βμέτριον
562 860 672 915 ἦθος
703 859 772 901 καὶ
805 860 996 900 ἐπιείκεια
1028 859 1098 900 καὶ
1129 858 1175 900 τὸ
1207 858 1314 913 πρὸς
1351 858 1495 912 θυμὸν
1526 858 1605 899 οὐκ
1643 858 1856 912 εὐκίνητον

306 937 349 971 21
365 929 436 970 καὶ
466 928 511 970 τὸ
544 932 721 983 σῶφρον
751 927 798 969 τὸ
829 927 937 981 πρὸς
967 927 1040 982 τὴν
1073 927 1240 968 δίαιταν.
1297 927 1458 982 βασιλεῖ
1485 925 1530 968 δὲ
1560 925 1668 980 πρὸς
1698 925 1857 971 τούτοις

365 996 436 1038 καὶ
467 998 492 1051 ἡ
524 1001 596 1051 τῆς
629 996 894 1051 δικαιοσύνης
919 996 1090 1051 φροντὶς
1120 995 1190 1037 καὶ
1222 996 1247 1050 ἡ
1280 999 1365 1037 τῶν
1386 995 1592 1050 ὑπηκόων
1612 994 1854 1049 προμήθεια
1873 1002 1917 1036 10

306 1073 352 1108 22
365 1066 435 1107 καὶ
468 1066 492 1119 ἡ
524 1068 609 1106 τῶν
639 1065 830 1106 παλαιῶν
868 1065 992 1119 ἠθῶν
1030 1068 1103 1105 τοῦ
1142 1063 1440 1118 πολιτεύματος
1478 1064 1657 1118 τήρησις.
1716 1068 1778 1117 τῷ
1811 1062 1856 1104 δὲ

364 1134 531 1188 μέλημα
563 1133 723 1188 μᾶλλον
755 1134 778 1188 ἡ
811 1136 896 1174 τῶν
918 1133 1107 1187 ἀρχαίων
1129 1133 1245 1174 ἐθῶν
1277 1133 1419 1186 γέγονε
1449 1136 1521 1187 τῆς
1551 1132 1753 1178 πολιτείας
1783 1131 1854 1172 ἅλ-

365 1203 543 1256 λοίωσις,
577 1202 648 1244 καὶ
678 1201 724 1243 τὸ
755 1201 1003 1255 μεταλλάξαι
1033 1205 1159 1242 ταῦτα
1193 1202 1315 1255 ἔργον
1346 1200 1399 1255 ἦν
1430 1201 1547 1255 αὐτῷ
1578 1199 1854 1242 σπουδαιότα-

364 1287 447 1319 τον,
494 1271 565 1312 καὶ
602 1274 687 1316 τοῖς
725 1270 965 1324 πράγμασιν
1004 1270 1083 1324 οὐχ
1121 1270 1182 1315 ὡς
1219 1273 1374 1315 κοινοῖς
1413 1266 1504 1310 οὐδ’
1539 1269 1600 1315 ὡς
1640 1267 1856 1323 δημοσίοις

365 1340 564 1394 ἐκέχρητο
602 1339 673 1380 καὶ
710 1338 858 1380 ἑαυτὸν
896 1338 975 1379 οὐκ
1014 1338 1240 1391 οἰκονόμον
1271 1338 1400 1392 ἤγητο
1430 1337 1603 1391 τούτων,
1652 1336 1753 1378 ἀλλὰ
1787 1336 1852 1378 δε-
1874 1342 1918 1378 15

365 1408 534 1463 σπότην,
581 1408 652 1449 καὶ
689 1407 807 1449 οἶκον
845 1408 998 1448 οἰκεῖον
1035 1406 1198 1461 ἐνόμιζε
1234 1406 1305 1447 καὶ
1343 1406 1539 1460 ὠνόμαζε
1577 1405 1625 1446 τὰ
1655 1404 1852 1460 βασίλεια.

250 1484 280 1521 C
305 1484 351 1520 23
365 1477 436 1518 καὶ
472 1476 568 1522 τοὺς
604 1481 676 1531 τῆς
713 1476 945 1530 συγκλήτου
984 1475 1141 1530 βουλῆς
1179 1476 1272 1516 οὔτε
1309 1479 1428 1529 τιμῆς
1472 1473 1522 1529 ἧς
1565 1475 1691 1529 ἐχρῆν
1734 1474 1853 1528 ἠξίου

366 1546 460 1587 οὔτε
489 1545 692 1599 πρόνοιαν
724 1545 864 1586 αὐτῶν
896 1544 1051 1585 ἐτίθετο
1083 1543 1188 1585 κατὰ
1220 1543 1266 1585 τὸ
1298 1543 1516 1597 ἀνάλογον,
1562 1543 1721 1597 μᾶλλον
1755 1543 1854 1596 μέν-

306 1621 353 1657 24
365 1630 426 1655 τοι
457 1613 528 1655 καὶ
559 1614 731 1655 ἔσπευσε
767 1616 1017 1654 ταπεινῶσαι
1055 1611 1241 1658 τούτους.
1305 1612 1391 1652 ἀλλ’
1426 1611 1517 1653 οὐδ’
1551 1612 1594 1652 ἐν
1626 1612 1753 1653 ἅπασι
1782 1611 1856 1666 τὴν

440 1726 458 1760 1
486 1725 737 1761 Επιστέλλοντο
763 1725 811 1771 Ρ*
907 1725 929 1759 2
953 1723 1126 1770 ἐμφριθὲς
1151 1725 1177 1759 b
1274 1723 1540 1769 ἐνδεικνυμένης
1565 1721 1780 1768 RbswpDi,
1806 1722 1856 1758 ἕν-

438 1774 664 1818 δεικνύμενος
677 1772 714 1808 Α
778 1773 801 1808 3
826 1774 1066 1818 σφοδρότερου
1082 1773 1168 1817 (Sic)
1183 1772 1208 1806 b
1280 1771 1304 1806 4
1328 1771 1387 1806 καὶ
1403 1781 1478 1806 om.
1493 1771 1557 1806 bD
1629 1771 1651 1806 5
1676 1770 1731 1815 οὔ]
1748 1771 1816 1806 οὐκ
1831 1771 1856 1806 b

438 1821 460 1856 6
485 1820 550 1866 γὰρ
579 1832 653 1856 om.
681 1821 706 1855 b
827 1822 866 1855 αἱ
885 1820 996 1865 αὐταὶ]
1023 1819 1138 1854 ἐαυταὶ
1168 1820 1190 1854 b
1316 1822 1406 1864 post
1431 1819 1530 1854 αὐταὶ
1556 1818 1648 1853 add.
1673 1819 1734 1853 καὶ
1761 1818 1856 1863 Ewp

439 1870 482 1903 11
508 1869 606 1903 ἐθῶν
632 1867 808 1914 stpDz'
906 1868 961 1902 11.
982 1867 1026 1902 12
1052 1867 1090 1901 δὲ
1116 1892 1313 1902 .........
1339 1867 1471 1911 μᾶλλον
1497 1867 1528 1901 Ε
1639 1866 1684 1900 12
1712 1864 1858 1911 Ᾱθέλημα

438 1916 474 1950 D
598 1917 642 1951 13
666 1917 852 1960 μετατάξαι
878 1915 973 1961 Ewp
1104 1915 1148 1949 14
1173 1914 1252 1959 οὐχ]
1281 1914 1357 1949 οὐδ’
1384 1915 1480 1959 Ewp
1613 1913 1704 1958 οὐδ’]
1730 1913 1795 1958 οὐχ
1821 1913 1857 1947 D

439 1964 483 1998 15
509 1963 576 1998 οὐκ
604 1966 693 2006 (om.
721 1963 800 2007 bD)
826 1964 1015 2007 οἰκονόμον
1040 1962 1122 2005 AR,
1153 1962 1194 1997 οὐ
1221 1962 1341 1996 κοινὸν
1365 1963 1474 2006 μόνον
1500 1962 1540 2005 Ε,
1579 1962 1644 1996 οὐκ
1671 1963 1858 2005 οἰκονόμον

437 2013 547 2056 μόνον
573 2011 658 2056 w*p
758 2012 801 2045 16
828 2010 989 2055 ὠνόμασε
1015 2011 1068 2056 bp
1172 2010 1211 2045 17
1237 2009 1330 2054 τοὺς]
1358 2009 1460 2044 τὸνΕ
1559 2009 1603 2044 18
1627 2009 1803 2043 ἐπετίθετο
1823 2008 1858 2042 Ι)

439 2054 483 2094 19‘
508 2059 568 2094 καὶ
596 2070 671 2094 om.
686 2058 750 2093 bD
835 2063 1042 2094 ταπεινῶσαι
1070 2068 1144 2093 om.
1162 2056 1201 2101 C,
1228 2058 1357 2103 suppl.
1373 2057 1434 2095 Cw
1517 2061 1599 2091 πᾶσι
1614 2055 1693 2102 CD,
1717 2056 1814 2091 παισὶ
1834 2056 1857 2090 b

367 2165 474 2199 curis
500 2166 616 2199 erant
641 2164 784 2198 animis
814 2173 947 2208 neque
978 2165 1089 2198 metu
1123 2162 1282 2197 attoniti
1316 2162 1515 2206 astabant,
1553 2161 1787 2207 praesertim
1826 2161 1858 2196 si

307 2211 353 2246 18
367 2212 523 2247 abierat
548 2212 703 2256 regina,
743 2221 848 2256 quae
880 2210 1032 2255 aliquid
1058 2210 1260 2255 imperiosi
1287 2213 1326 2244 et
1350 2210 1481 2244 severi
1508 2219 1606 2254 prae
1631 2219 1674 2244 se
1702 2209 1859 2244 ferebat

369 2262 408 2294 et
434 2259 656 2294 modestiae
684 2259 828 2294 oblitos
855 2259 988 2293 acrius
1015 2258 1266 2302 increpabat.

309 2306 353 2341 19
485 2306 545 2341 Ae
571 2307 740 2351 pulchra
767 2306 928 2351 quidem
955 2306 1031 2340 ista
1061 2310 1154 2340 sunt
1192 2306 1297 2349 (quis
1330 2305 1433 2339 enim
1467 2303 1631 2350 negetP)
1671 2313 1858 2349 quaeque

368 2355 515 2400 privati
543 2354 712 2389 hominis
739 2354 879 2388 laudes
906 2353 1130 2397 absolvant,
1163 2362 1245 2387 non
1270 2356 1405 2387 tamen
1432 2352 1638 2395 eiusmodi,
1670 2361 1775 2396 quae
1800 2362 1859 2386 re-

306 2401 354 2436 20
367 2412 459 2447 gem
480 2402 641 2436 omnino
660 2402 811 2436 bonum
833 2401 1120 2436 demonstrent.
1170 2399 1310 2444 Neque
1330 2400 1435 2435 enim
1454 2400 1619 2435 eaedem
1638 2402 1732 2434 sunt
1750 2400 1858 2444 reg-Is

367 2453 406 2484 et
424 2449 571 2494 privati
591 2449 761 2484 hominis
779 2449 967 2493 virtutes3
993 2458 1086 2482 nam
1106 2448 1198 2482 huic
1216 2448 1311 2482 satis
1331 2450 1390 2483 est
1407 2447 1642 2490 moderatio,
1662 2448 1857 2491 aequitas,

306 2497 350 2532 21
369 2496 629 2542 placabilitas,
666 2497 708 2531 in
735 2497 841 2532 omni
869 2496 980 2531 cultu
1006 2506 1054 2530 ae
1086 2496 1197 2530 victu
1230 2495 1385 2530 modus.
1435 2495 1537 2540 Regi
1570 2504 1667 2530 vero
1698 2498 1859 2539 praeter

367 2545 467 2579 haee
493 2546 532 2579 et
557 2544 708 2578 iustitia
735 2547 794 2579 est
826 2543 996 2579 colenda
1028 2546 1068 2578 et
1099 2543 1201 2578 ratio
1236 2543 1383 2577 civium
1417 2542 1604 2577 habenda
1642 2547 1681 2576 et
1718 2543 1858 2576 vetera

306 2592 353 2626 22
368 2592 540 2626 civitatis
566 2591 749 2626 instituta
775 2595 868 2627 sunt
893 2590 1057 2627 tuenda.
1107 2590 1178 2625 Ille
1210 2600 1307 2625 vero
1335 2591 1464 2636 magis
1490 2590 1531 2624 in
1558 2599 1605 2625 eo
1633 2589 1858 2625 elaboravit

367 2649 522 2674 summo
553 2638 732 2674 adhibito
767 2639 911 2683 studio,
949 2641 994 2673 ut
1019 2641 1178 2673 veteres
1205 2638 1378 2672 civitatis
1403 2647 1534 2672 mores
1562 2638 1791 2671 immutaret
1817 2640 1857 2671 et

367 2687 597 2731 abrogaret,
629 2689 668 2721 et
693 2697 758 2722 res
786 2697 868 2721 non
894 2689 938 2721 ut
968 2695 1199 2720 communes
1226 2688 1265 2720 et
1290 2685 1472 2730 publicas
1497 2685 1698 2719 tractabat
1724 2693 1856 2728 neque

367 2744 410 2769 se
435 2734 592 2768 illarum
626 2734 1004 2776 administratorem,
1042 2733 1114 2768 sed
1152 2733 1356 2768 dominum
1397 2732 1587 2767 censebat
1622 2742 1670 2766 ae
1701 2731 1855 2776 regiam

306 2781 353 2816 23
367 2791 461 2816 suas
487 2781 610 2816 aedes
639 2784 677 2816 et
704 2782 874 2827 putabat
901 2785 940 2816 et
966 2781 1208 2826 appellabat.
1258 2780 1398 2815 Patres
1437 2780 1684 2824 conscriptos
1722 2788 1856 2823 neque

366 2829 470 2863 iusto
495 2829 818 2874 prosequebatur
844 2829 996 2864 honore
1019 2838 1151 2873 neque
1170 2838 1259 2862 eam
1277 2827 1434 2862 illorum
1454 2827 1629 2861 habebat
1647 2827 1854 2869 rationem,

368 2886 488 2920 quam
515 2880 628 2910 reeta
653 2877 757 2911 ratio
788 2876 1030 2922 postulabat,
1069 2875 1141 2911 sed
1167 2875 1300 2921 potius
1326 2874 1550 2920 deprimere
1576 2874 1663 2909 illos
1690 2873 1854 2909 studuit.

307 2922 354 2958 24
367 2922 506 2969 Neque
536 2924 712 2960 iustitiae
744 2923 855 2970 leges
890 2925 1050 2959 omnino
1085 2923 1341 2968 observabat,
1380 2923 1494 2957 cuius
1533 2926 1592 2957 est
1630 2922 1670 2957 id
1709 2922 1854 2967 cuique
