2054 3282
2010 68 2031 109 ,ἤτ’

340 213 411 251 360
739 211 919 250 ZONAR.
949 211 1077 248 EPlT.
1105 210 1176 249 XV
1203 211 1258 256 26,
1287 210 1436 250 10-20.

341 338 416 376 νοῦ
448 334 611 390 πάσχον
642 333 713 376 καὶ
743 338 815 389 τῆς
848 333 1038 388 γλώσσης
1070 333 1336 388 παρακοπήν,
1369 333 1440 375 καὶ
1471 333 1523 389 ἦν
1552 334 1640 377 οἷον
1661 334 1837 391 ἄθυρμά

340 419 374 444 τι
406 409 467 457 τῷ
497 403 668 457 βασιλεῖ’
713 408 774 456 τῷ
815 402 859 444 δὲ
898 402 1074 455 τοιούτῳ
1112 402 1351 456 τυγχάνοντι
1386 402 1438 456 ἦν
1469 403 1539 444 καὶ
1571 404 1594 458 ἡ
1629 420 1836 458 γυναικω-

283 475 436 518 11νῖτις
466 472 583 526 βατή.
646 472 719 512 καί
747 487 846 512 ποτε
882 470 952 511 τὸν
990 475 1061 524 τῆς
1095 470 1340 525 Αὕγούστης
1377 473 1510 513 εἴσεισι
1551 472 1764 527 θάλαμον·
1810 474 1835 528 ἡ

343 538 380 582 δ’
405 541 520 594 ἔτυχε
542 540 630 581 τότε
653 540 771 593 ἁγίας
793 538 957 584 εἰκόνας
980 539 1251 593 ἀσπαζομένη
1274 539 1345 581 καὶ
1370 545 1669 594 προσκυνοῦσα
1705 539 1837 596 (ἐτίμα

342 609 422 663 γὰρ
460 608 745 662 διαφερόντως
778 607 923 661 ἀγνοίᾳ
954 611 1028 648 τοῦ
1062 607 1339 662 ξυνευνὲτου),
1383 608 1428 650 τὸ
1462 606 1499 650 δ’
1533 610 1874 665 ἀνθρωπάριονὸ

342 677 475 718 ἐκεῖνο
506 676 554 717 τὰ
587 677 680 717 1θεῖα
704 675 969 729 θεασάμενον
993 675 1286 730 ἒκτύπώματα,
1319 677 1387 717 “τί
1404 678 1590 728 ταῦτα,·”
1622 679 1744 733 ἤρετο
1764 678 1838 734 τὴν

236 748 264 785 C
284 749 328 784 12
342 745 591 799 βασίλισσαν.
654 745 678 798 ἡ
714 743 758 784 δὲ
791 743 960 797 ἀφελῶς
990 760 1085 790 πως
1116 744 1223 798 πρὸς
1255 746 1388 787 ἐκεῖνο
1419 746 1612 788 εςταῦτα”
1643 746 1729 788 εἷπε
1759 747 1837 789 εξτὰ

341 813 449 854 καλά
486 829 571 867 μου
610 812 756 854 νινία.”
817 813 978 854 ἐκεῖθεν
1019 811 1094 854 οὗν
1133 813 1305 861 ἐξελθὸν
1340 814 1386 856 τὸ
1418 815 1674 870 παράφορον
1705 816 1838 858 ἐκεῖνο

342 881 569 934 ἀνδράριον
603 879 698 934 εὗρε
730 880 800 922 τὸν
838 879 1044 935 Θεόφιλον
1077 882 1339 936 ἑστιώμενον.
1403 885 1525 938 ἤρετο
1558 883 1634 925 οὗν
1665 884 1689 925 ὁ
1721 885 1838 939 βασι-

284 954 328 988 13
341 949 434 996 λεὺς
467 950 593 991 αὐτὸν
625 950 727 991 ὅθεν
758 950 860 1004 ἥκει.
926 950 949 990 ὁ
983 950 1027 992 δὲ
1058 950 1174 1004 παρὰ
1206 955 1254 1006 τῇ
1280 952 1419 1006 μάννα
1440 953 1702 1007 πορευθῆναι
1724 953 1838 994 ἀντέ-
1858 960 1901 995 10

342 1034 476 1073 φησεν
510 1018 640 1072 (οὕτω
675 1018 754 1072 γὰρ
787 1018 922 1060 ἐκάλει
953 1018 1026 1073 τὴν
1060 1019 1297 1073 δέσποιναν)
1332 1021 1403 1062 καὶ
1434 1022 1540 1075 ἔχειν
1572 1021 1701 1076 αὐτὴν
1730 1021 1840 1075 ἔλεγε

285 1090 329 1125 14
343 1087 445 1128 νινιά
478 1087 597 1128 καλά.
661 1087 825 1134 εἰκόνας
858 1087 933 1129 οὗν
965 1087 1066 1129 εἶναι
1097 1087 1145 1129 τὰ
1178 1089 1281 1129 νινία
1311 1090 1582 1144 ὑποτοπήσας
1605 1090 1628 1130 ὁ
1649 1090 1840 1144 βασιλεὺς

343 1156 568 1209 ἓξώργιστο
612 1156 683 1197 καὶ
726 1156 833 1210 πρὸς
876 1156 949 1211 τὴν
993 1157 1182 1210 βασιλίδα
1226 1158 1367 1199 πνέων
1407 1158 1551 1212 θυμοῦ
1591 1158 1662 1199 καὶ
1700 1159 1841 1213 ὕβρεις

137 1227 328 1264 W111117
344 1225 502 1279 ἐκείνης
533 1226 700 1279 κατέχεε
732 1225 802 1266 καὶ
834 1225 1126 1279 εἷδωλολάτριν
1160 1225 1369 1280 ὠνόμαζε,
1414 1226 1462 1267 τὰ
1496 1227 1692 1282 εἰρημένα
1723 1226 1838 1281 παρὰ

342 1297 415 1334 τοῦ
439 1293 609 1347 Δὲνδερι
633 1294 923 1348 διηγούμενος·
958 1295 1069 1335 οὕτω
1103 1293 1182 1348 γὰρ
1214 1294 1260 1336 τὸ
1291 1296 1674 1350 παρακεκομμένον
1706 1296 1838 1338 ἐκεῖνο
1855 1302 1899 1338 15

285 1366 329 1401 15
344 1361 526 1403 ἐκαλεῖτο
570 1362 828 1416 ἀνθρώπιον.
890 1364 915 1417 ἡ
956 1362 1000 1404 δὲ
1038 1367 1187 1417 σοφῶς
1222 1363 1294 1405 τὸν
1337 1364 1470 1417 ἄνδρα
1515 1365 1836 1419 κατεσοφίσατο·

293 1430 425 1472 Βεόῧ
458 1430 537 1485 γὰρ
569 1431 734 1477 εἰκόνας
766 1430 871 1472 εἶδεν
893 1432 916 1472 ὁ
940 1431 1167 1485 Δένδερις”
1198 1432 1345 1486 ἔλεγεν,
1378 1432 1510 1474 “dud
1533 1438 1594 1487 τῷ
1615 1432 1839 1487 κατόπτρῳ
1855 1441 1890 1477 D
1910 1441 2054 1477 111406

417 1569 435 1603 1
446 1569 600 1615 γλώττης
609 1568 687 1614 CD,
701 1581 737 1605 V.
748 1570 799 1605 ad
810 1581 845 1615 p.
855 1570 935 1613 217,
944 1571 966 1605 6
1038 1571 1061 1605 2
1069 1572 1296 1615 γυναικονίτις
1304 1570 1349 1615 Α,
1358 1572 1600 1616 γυναικωνίτις
1607 1571 1717 1617 pr,
1726 1586 1840 1618 γυναι-

417 1618 569 1662 κωνίτης
589 1617 635 1661 Ι),
655 1628 755 1653 corr.
774 1616 832 1652 Di
904 1618 926 1653 3
944 1618 1001 1653 τὸν
1021 1629 1094 1653 om.
1116 1619 1146 1653 E
1221 1618 1243 1653 5
1262 1623 1350 1664 post
1370 1620 1608 1664 διαφερόντως
1627 1619 1718 1654 add.
1737 1619 1841 1659 αὐτὰς

416 1664 516 1710 pr
613 1665 732 1710 ἆγνοία
758 1671 817 1701 τοῦ
844 1666 1046 1707 ξυνευνέτου
1065 1666 1240 1711 AE(wp)‚
1267 1666 1325 1701 τὸν
1348 1667 1550 1712 ξυνευνέτην
1567 1667 1790 1703 λανθάνουσα
1809 1667 1840 1703 Ο

418 1713 450 1747 5.
477 1713 500 1747 6
525 1712 562 1747 τὸ
588 1713 620 1747 δ’
645 1713 898 1758 ἀνθρωπάριον
922 1714 1036 1748 ἐκεῖνο
1063 1713 1142 1758 ΑΕ,
1176 1714 1213 1748 τὸ
1240 1714 1278 1748 δὲ
1301 1715 1621 1759 παρακεκομμένον
1646 1715 1761 1750 ἐκεῖνο
1786 1715 1842 1750 ἀν·

418 1760 565 1805 ὃράριον
592 1760 858 1805 (ἀνθρωπάριον
885 1763 963 1807 Wp)
992 1760 1088 1806 pr
1187 1762 1208 1797 7
1234 1767 1338 1797 ταῦτα
1355 1761 1429 1796 εἶπε
1447 1761 1493 1805 Α,
1519 1762 1593 1797 εἶπε
1610 1768 1715 1798 ταῦτα
1734 1763 1841 1808 Ewp,

416 1808 528 1853 ἔφησε
556 1808 637 1853 (ἔφη
665 1808 716 1851 D)
742 1814 847 1844 ταῦτα
875 1809 905 1844 O
1020 1809 1060 1844 τὰ
1088 1820 1162 1844 om.
1190 1809 1225 1843 D
1336 1810 1357 1844 9
1384 1809 1591 1854 ἀνθρώπιον
1618 1810 1648 1846 Ο
1759 1816 1843 1855 γοῦν

417 1855 513 1901 Ewp
607 1857 652 1891 10
675 1856 789 1901 μάννα
807 1855 954 1902 Apr,
979 1858 1073 1901 μάνα
1091 1856 1166 1901 BC,
1193 1868 1230 1891 V.
1250 1856 1364 1893 Cedr.
1384 1857 1573 1903 (Scylitz.)
1594 1858 1632 1893 Π
1648 1869 1685 1903 p.
1702 1858 1781 1902 105,
1799 1859 1844 1893 10

462 1904 624 1949 πορευθῇ
649 1904 708 1939 καὶ
736 1904 782 1947 D,
813 1905 1031 1949 πορευθῆναι
1061 1916 1161 1940 corr.
1190 1905 1257 1943 Dw
1369 1905 1410 1939 11
1438 1904 1516 1950 γὰρ]
1545 1911 1628 1950 γοῦν
1656 1906 1685 1940 Ε
1782 1906 1842 1941 καὶ

419 1961 492 1986 om.
521 1951 568 1996 p*
594 1952 731 1987 invitis
757 1951 865 1987 ARw
963 1952 1068 1997 ἔλεγε]
1095 1953 1193 1997 λέγον
1221 1952 1250 1988 C
1349 1953 1393 1988 13
1417 1954 1534 1988 πνέων
1559 1954 1678 1997 θυμοῦ
1704 1952 1749 1998 Α,
1780 1967 1841 1988 πο-

417 1999 553 2042 ρεύεται
577 1999 695 2034 πνέων
720 2000 841 2045 θυμοῦ
861 1999 967 2045 Ewp‚
995 2001 1113 2044 ’θυμοῦ
1131 2001 1247 2035 πνέων
1264 2002 1457 2045 πεπόρευτο
1478 2001 1508 2036 Ο
1608 2001 1653 2035 14
1678 2002 1842 2047 κατέχεεν

417 2046 553 2091 ἐκείνης
579 2046 675 2092 Ewp
784 2047 1010 2092 εἰδωλατρίαν
1036 2047 1083 2091 D,
1112 2058 1212 2083 corr.
1240 2048 1308 2086 Dw
1408 2049 1452 2084 15
1478 2049 1613 2094 δένδερι
1640 2048 1671 2084 Ε
1699 2049 1743 2085 17
1768 2050 1841 2084 δέν-

417 2094 511 2138 ὃερις
537 2094 579 2138 Ε,
619 2095 689 2130 sed
715 2097 740 2141 β
766 2105 890 2139 supra
917 2096 1028 2140 prius
1055 2096 1074 2130 ὃ
1101 2096 1259 2141 scripsit
1284 2097 1350 2131 Wo
1377 2099 1580 2142 sumptum
1606 2107 1656 2131 ex
1684 2107 1839 2142 argum.

417 2141 469 2176 ad
487 2141 559 2177 XV
577 2142 634 2186 26,
655 2143 700 2177 10
797 2143 841 2178 15
865 2148 1046 2188 μωραΐνον
1072 2142 1146 2187 BC,
1173 2149 1335 2188 μωραΐον
1362 2143 1397 2178 D
1497 2144 1540 2179 17
1567 2144 1719 2189 δενδέρις
1745 2143 1781 2178 D

285 2267 328 2301 11
345 2270 414 2304 bat
440 2270 587 2315 cuique
605 2271 722 2306 etiam
751 2272 791 2306 in
818 2281 1072 2317 gynaeceum
1093 2272 1257 2317 patebat
1276 2272 1419 2307 aditus.
1465 2272 1693 2317 Aliquando
1715 2273 1841 2317 igitur

344 2318 385 2352 in
411 2318 580 2363 reginae
605 2318 823 2353 thalamum
850 2319 1069 2364 ingressus,
1097 2329 1186 2354 eum
1213 2320 1279 2354 illa
1305 2330 1441 2354 sacras
1467 2321 1664 2365 imagines
1689 2320 1840 2355 oseula-

344 2368 456 2400 retur
487 2368 526 2400 et
557 2366 748 2401 adoraret
775 2367 859 2410 (eas
886 2367 989 2401 enim
1022 2367 1157 2402 nescio
1192 2368 1333 2402 marito
1367 2378 1489 2412 supra
1521 2367 1682 2402 modum
1716 2367 1839 2402 hono-

345 2413 487 2457 rabat),
517 2424 653 2448 sacras
681 2414 837 2458 effigies
865 2415 1131 2459 conspicatus,
1164 2415 1260 2459 quid
1289 2415 1386 2449 haee
1413 2415 1487 2449 sibi
1515 2415 1674 2456 vellent,
1701 2417 1837 2460 rogan

288 2458 332 2492 12
345 2461 553 2505 respondit
580 2462 722 2506 regina
749 2462 980 2506 simpliciter
1011 2462 1198 2506 pulchras
1225 2472 1318 2496 suas
1345 2472 1475 2507 pupas
1502 2472 1599 2497 esse.
1643 2462 1839 2506 Egressus

346 2518 488 2543 vecors
515 2508 579 2543 ille
606 2509 819 2544 homuncio
841 2509 1104 2554 Theophilum
1132 2510 1172 2543 in
1201 2510 1387 2544 convivio
1408 2511 1584 2554 repperit
1610 2513 1649 2544 et
1675 2510 1839 2544 interro-

287 2553 332 2588 13
346 2558 477 2600 gatus,
500 2556 609 2590 unde
627 2557 785 2591 veniret
802 2555 867 2591 “A
885 2556 1065 2591 manna³'
1084 2557 1213 2602 inquit
1232 2557 1301 2597 (sie
1322 2558 1424 2591 enim
1446 2557 1645 2591 dominam
1666 2557 1839 2602 appella-

287 2600 331 2635 14
346 2603 447 2647 bat);
473 2613 645 2648 eamque
671 2604 860 2649 pulchras
887 2604 1038 2639 habere
1063 2614 1194 2649 pupas
1221 2604 1386 2638 addidit.
1433 2604 1519 2638 Rex
1547 2607 1680 2638 autem
1709 2614 1839 2649 pupas

345 2651 573 2695 suspicatus
606 2661 694 2686 esse
726 2652 923 2695 imagines
958 2654 1179 2686 commotus
1212 2654 1250 2686 et
1282 2652 1341 2685 ira
1372 2653 1411 2685 in
1438 2652 1619 2696 reginam
1647 2655 1838 2687 aestuans

345 2707 434 2732 eam
461 2702 500 2733 et
527 2699 825 2733 contumeliosis
852 2699 966 2733 dictis
992 2700 1213 2733 insectatur
1239 2703 1277 2733 et
1305 2699 1553 2733 idololatram
1583 2699 1757 2744 appellat
1778 2700 1835 2743 iis,

346 2755 451 2789 quae
477 2755 500 2779 a
526 2745 715 2781 Dendere
742 2746 796 2788 (id
824 2747 928 2781 enim
956 2747 1068 2781 fatuo
1095 2746 1147 2780 illi
1180 2746 1421 2781 homunculo
1456 2752 1541 2781 erat
1575 2748 1736 2787 nomen)
1770 2756 1837 2781 au·

286 2790 330 2825 15
346 2792 513 2836 diverat,
552 2793 699 2828 relatis.
760 2793 908 2829 Verum
947 2794 1014 2828 illa
1052 2794 1195 2828 marito
1238 2794 1419 2828 sollerter
1457 2794 1625 2839 decepto
1665 2793 1837 2839 “Neque

344 2840 449 2874 enim
459 2839 481 2852 ’³
498 2841 628 2885 inquit
644 2841 873 2886 “imagines
892 2841 992 2876 vidit
1006 2841 1215 2884 Denderis,
1235 2841 1304 2876 sed
1323 2852 1412 2876 cum
1428 2841 1612 2886 equidem
1629 2841 1834 2886 speculum

344 2887 534 2932 intuerer,
561 2889 711 2924 formas
735 2889 809 2933 ille,
837 2899 942 2936 quae
967 2890 1008 2926 in
1035 2899 1082 2925 eo
1109 2889 1532 2936 repraesentabantur,
1558 2889 1659 2925 vidit
1686 2898 1836 2935 easque
