2054 3282
374 255 706 297 PATZINACAE
730 256 872 298 VICTI
897 255 951 297 IN
974 254 1244 296 BVLGARIA
1270 253 1576 296 COLLOCATI.
1649 255 1720 294 643

225 379 411 435 Κεγένης
440 381 654 424 ἀναπείθει
685 381 757 423 καὶ
786 380 859 428 τὰς
884 362 1124 436 Ῥωμαϊκὰς
1160 381 1355 436 δυνάμεις
1386 380 1607 422 ἐπιθέσθαι
1635 383 1721 426 τοῖς

226 448 436 496 ἐναντίοις.
498 450 561 497 ὡς
603 454 706 505 γοῦν
743 449 855 493 εἶδον
892 450 933 492 οἱ
968 449 1180 505 βάρβαροι
1215 448 1290 504 τὴν
1328 446 1418 491 κατ’
1457 449 1599 491 αὐτῶν
1635 450 1721 490 τῶν
1733 451 1780 487 16

220 516 446 572 Ῥωμαίων
476 518 696 567 ἐπέλευσιν,
727 519 1068 574 κατειργασμένοι
1098 523 1148 574 τῇ
1178 518 1294 572 νόσῳ
1324 517 1594 573 τυγχάνοντες
1622 517 1719 572 ι’λιγ-

226 586 374 640 γίασαν
403 586 475 628 καὶ
506 586 864 634 ἀποδειλιάσαντες
892 587 1091 643 μεθῆκαν
1121 587 1170 629 τὰ
1202 587 1310 629 ὅπλα
1341 587 1412 629 καὶ
1444 587 1571 629 ἱκέται
1602 585 1720 641 γεγό-

188 660 318 696 5νασι
355 653 427 696 καὶ
464 658 550 702 τοῖς
588 655 761 710 ε’χθροῖς
790 655 1050 710 παρέδωκαν
1081 655 1269 702 ἑαυτούς.
1330 655 1492 698 τούτων
1523 655 1614 697 ὅσοι
1643 654 1722 710 μὲν
1736 657 1780 694 17

223 723 308 766 ὑπὸ
338 724 411 766 τὸν
439 724 626 779 Κεγένην
657 723 884 778 γεγόνασιν,
917 725 958 766 οἱ
985 724 1064 779 μὲν
1095 724 1228 779 ξίφεσι
1258 723 1573 779 παρεδόθησαν,
1605 724 1645 766 οἶ
1676 722 1722 765 δὲ

223 792 332 847 πρὸς
371 793 562 834 δουλείαν
600 796 761 847 χρυσοῦ
802 792 1086 847 ἀπεδόθησαν.
1148 792 1195 835 τὸ
1225 792 1392 848 πλῆθος
1423 792 1469 834 δὲ
1498 791 1546 834 τὸ
1576 790 1723 834 λοιπὸν
1736 795 1782 831 18

224 861 432 916 χρήσιμον
462 861 666 916 ἐνομίσθη
705 861 898 915 γενέσθαι
924 861 1160 916 Ῥωμαίοις,
1205 862 1243 903 εἶ
1269 861 1318 903 τὰ
1350 861 1458 903 ὅπλα
1490 860 1723 916 ἀφαιρεθὲν

226 930 283 976 εἷς
320 930 394 984 τὴν
432 933 518 971 τῶν
556 930 821 984 Βουλγάρων
859 931 1008 985 χώραν
1045 930 1343 985 κατοικισθείη,
1387 931 1548 985 ἔρημον
1591 928 1772 972 οὖσανΙ)

167 1002 214 1038 10
225 997 300 1053 τὴν
329 998 510 1047 πλείονα,
547 998 632 1053 πρὸ
662 1002 818 1053 μικροῦ
849 1002 923 1040 τοῦ
955 999 1110 1046 ἔθνους
1141 999 1301 1041 ἐκείνου
1333 999 1658 1045 καταλυθέντος·
1698 998 1723 1039 ὃ

16 1072 52 1110 D
72 1071 125 1109 IV
146 1072 213 1108 176
225 1066 297 1110 καὶ
340 1068 483 1122 γέγονε
524 1071 598 1109 τοῦ
640 1067 848 1123 βασιλέως
890 1067 1173 1114 κελεύσαντος.
1236 1067 1260 1108 ὁ
1299 1067 1346 1109 δέ
1381 1083 1427 1122 γε
1465 1065 1611 1122 Τυρὰχ
1648 1065 1724 1109 σὺν
1737 1072 1782 1108 19

226 1139 311 1183 τοῖς
354 1137 514 1191 ε’·ξόχοις
555 1140 630 1179 τοῦ
669 1137 823 1182 ἔθνους
860 1136 975 1191 ἤχθη
1012 1135 1121 1190 πρὸς
1159 1135 1231 1178 τὸν
1267 1139 1499 1191 κρατοῦντα
1539 1135 1610 1177 καὶ
1648 1139 1722 1177 τοῦ

227 1206 348 1248 θείου
369 1205 700 1254 καταξιωθέντες
729 1205 1013 1260 βαπτίσματος
1044 1205 1253 1260 ἀξιώμασι
1283 1205 1493 1260 λαμπροῖς
1523 1205 1722 1260 ἐτιμήθη-

227 1290 317 1317 σαν.
378 1274 441 1321 ὠς
478 1273 524 1316 δὲ
558 1274 691 1330 μάχαι
727 1274 817 1316 τότε
850 1274 1073 1328 Ῥωμαίοις
1108 1273 1211 1328 μετὰ
1249 1277 1334 1316 τῶν
1372 1274 1411 1316 T
1405 1274 1579 1329 ούρκων
1616 1273 1784 1329 ἦσαν20

169 1345 213 1380 15
226 1342 332 1386 κατὰ
375 1342 450 1398 τὴν
491 1342 616 1398 ἑῴαν,
658 1343 953 1385 πεντεκαίδεκα
996 1342 1183 1397 χιλιάδας
1219 1342 1501 1392 Πατζινάκων
1537 1343 1562 1385 ὁ
1599 1343 1722 1385 αὐτο-

226 1412 399 1468 κράτωρ
430 1412 722 1467 ἐπιλεξάμενος
751 1411 822 1454 καὶ
853 1412 1116 1458 καθοπλίσας
1147 1411 1301 1458 αὐτοὺς
1330 1412 1483 1458 ἵππους
1513 1428 1555 1453 τε
1583 1427 1722 1467 παρα-

227 1481 433 1537 σχόμενος
467 1481 539 1523 καὶ
575 1481 795 1535 ἐπιστήσας
833 1481 1092 1535 στρατάρχας
1129 1481 1268 1527 αὐτοῖς
1305 1480 1352 1521 ἔκ
1389 1483 1473 1522 τῶν
1505 1480 1724 1535 ὁμογενῶν

227 1551 272 1593 ἒν
292 1549 560 1603 Χρυσοπόλει
582 1549 834 1604 διεπέρασεν,
866 1550 923 1596 εἰς
937 1548 1121 1604 Ἰβηρίαν
1142 1550 1341 1596 κελεύσας
1362 1549 1569 1598 ἀπελθεῖν,
1597 1549 1724 1598 τάξας

229 1619 370 1666 αὐτοῖς
398 1618 470 1660 καὶ
499 1618 772 1674 προηγήτορα
803 1621 876 1674 τῆς
907 1618 1023 1660 ὁδοῢ.
1086 1619 1148 1666 ὡς
1180 1616 1218 1660 δ’
1252 1617 1328 1660 οὗν
1358 1618 1452 1673 περὶ
1482 1617 1554 1660 τὸν
1575 1617 1722 1672 Δαμα-
1736 1625 1781 1662 21

168 1687 328 1743 2οτρὺν
366 1689 526 1743 ἥκασιν,
571 1688 747 1742 ἔστησαν
782 1686 854 1729 καὶ
883 1686 1035 1742 πρόσω
1067 1687 1307 1742 προβαίνειν
1339 1687 1418 1729 οὐκ
1450 1686 1623 1741 ἤθελον·
1668 1686 1727 1733 εἷς

231 1806 276 1842 14
306 1806 462 1890 ὅπῧῗοῖ
483 1805 628 1841 Σκύθαι
659 1809 720 1852 τῆς
751 1804 821 1841 ὑπὸ
841 1806 1040 1852 Ῥωμαίους
1072 1806 1230 1844 δουλείας
1261 1805 1471 1852 ἀφηνιάσαν,
1510 1804 1582 1840 εἶτα
1612 1803 1725 1840 ἐσπεί-

227 1868 330 1891 σαντο
404 1877 420 1889 2

300 1955 324 1992 2
348 1954 411 1991 οὖν
437 1954 572 2001 DEwp
670 1954 704 1991 5.
730 1955 752 1991 6
778 1955 837 1991 καὶ
862 1954 1050 1995 τοῒς--τὸνθ
1066 1955 1211 2001 κεγὲνην
1239 1965 1314 1990 om.
1342 1954 1373 1990 E
1483 1954 1505 1990 5
1532 1957 1626 1990 ante
1650 1954 1724 1989 ὅσοι

301 2004 394 2039 add.
421 2002 452 2038 δ’
481 2003 564 2049 w*p
591 2003 727 2038 invitis
752 2001 822 2038 AO
939 2003 962 2038 8
986 2002 1196 2049 ἀφαιρεθεΐν
1221 2002 1269 2048 p*
1382 2003 1404 2038 9
1429 2002 1661 2047 κατοικηθείη
1690 2002 1726 2037 D

303 2051 359 2086 14.
389 2051 432 2086 15
457 2050 546 2086 κατὰ
572 2050 634 2096 τὴν
662 2050 756 2086 ἕώαν
787 2054 882 2086 ante
911 2050 998 2095 μετὰ
1023 2050 1121 2096 pr
1253 2050 1296 2086 17
1321 2050 1380 2085 καὶ
1407 2060 1482 2085 0¹11.
1508 2050 1564 2085 Di
1590 2050 1727 2085 invitis

302 2098 438 2145 Astwp
564 2098 751 2144 ἐπιστήσας
778 2103 867 2144 post
891 2098 1008 2138 αὐτοῖς
1032 2098 1096 2134 BC
1222 2098 1267 2132 18
1292 2098 1341 2142 ε’ν]
1369 2098 1429 2133 καὶ
1457 2097 1492 2132 D
1613 2098 1725 2132 διεπε-

302 2148 454 2192 ραίωσεν
481 2146 578 2192 pr
674 2146 722 2181 20
745 2145 917 2191 ἀφίκοντο
943 2145 1006 2182 BC
1117 2147 1241 2190 πρόσω
1266 2146 1470 2191 προβαίνειν
1496 2144 1578 2189 AR,
1602 2145 1726 2189 πρόσω

301 2196 435 2241 βαίνειν
453 2192 657 2240 DEwpDi,
683 2194 753 2229 sed
780 2204 861 2229 non
887 2193 1078 2229 abhorret
1105 2194 1157 2228 ab
1186 2203 1263 2229 usu
1282 2192 1463 2228 Zonarae
1483 2193 1573 2228 talis
1592 2192 1726 2238 piena-

303 2252 423 2287 smus,
451 2253 487 2277 v.
514 2241 623 2277 XVII
651 2241 709 2286 29,
733 2242 773 2276 9:
798 2242 968 2286 πρότερον
994 2267 1003 2277 .
1023 2268 1031 2277 .
1056 2241 1400 2286 προκαταληφθὲντα

233 2362 359 2409 copiis
385 2362 428 2397 fit
453 2365 595 2397 auctor
614 2361 748 2397 hostes
766 2359 998 2396 invadendi.
1049 2360 1158 2403 Quas
1177 2370 1267 2396 eum
1287 2359 1450 2395 barbari
1469 2359 1610 2395 morbo
1637 2368 1729 2394 con·
1742 2360 1787 2396 16

234 2411 327 2446 fecti
349 2414 490 2446 contra
504 2410 619 2445 seire
639 2408 845 2452 vidissent,
872 2412 1105 2444 aestuantes
1123 2412 1161 2444 et
1180 2408 1323 2443 animis
1338 2408 1541 2453 armisque
1560 2406 1728 2442 abiectis

235 2459 330 2494 sacti
357 2457 558 2504 supplices
595 2457 776 2491 hostibus
808 2466 851 2491 se
883 2455 1137 2491 dediderunt.
1188 2456 1428 2501 Quicunque
1461 2465 1559 2490 vero
1592 2455 1632 2489 in
1659 2453 1787 2492 sse-17

235 2515 381 2551 genem
408 2505 647 2547 inciderunt,
687 2505 830 2549 partim
857 2503 1004 2550 gladiis
1030 2509 1123 2539 sunt
1149 2503 1349 2546 trucidati,
1377 2503 1519 2548 partim
1548 2511 1648 2538 auro
1675 2501 1728 2537 ad

236 2554 469 2589 servitutem
498 2553 724 2588 venierunt.
774 2551 943 2596 Reliqua
968 2551 1182 2586 multitudo
1207 2550 1514 2588 Romanisusui
1534 2550 1621 2585 fore
1641 2550 1728 2585 visa
1744 2551 1788 2586 18

236 2605 308 2646 est,
345 2601 377 2636 si
405 2601 525 2635 armis
551 2600 749 2645 ademptis
774 2600 813 2634 in
841 2598 1034 2644 Buigaria
1058 2599 1235 2634 maxima
1261 2608 1312 2633 ex
1341 2604 1454 2644 parte
1488 2597 1649 2633 deserta
1676 2597 1728 2633 ob

237 2653 400 2695 gentem
427 2648 531 2683 illam
559 2658 639 2683 non
667 2648 722 2682 ita
749 2646 903 2692 pridem
930 2656 1113 2681 eversam
1143 2646 1425 2690 ennoean-etum
1462 2645 1586 2691 idque
1617 2645 1730 2680 iussu

238 2696 346 2741 regis
379 2697 528 2731 factum
565 2699 636 2730 est.
687 2694 898 2739 'lli-rachus
930 2704 1027 2730 vero
1062 2694 1230 2739 eiusque
1262 2703 1451 2739 proceres
1483 2693 1534 2728 ad
1562 2693 1730 2739 impera·
1745 2694 1789 2729 19

238 2748 363 2779 torem
398 2743 581 2789 pei-ducti
614 2747 654 2778 et
686 2742 878 2788 baptizati
912 2746 951 2776 et
983 2742 1142 2786 magnis
1168 2741 1435 2786 dignitatibus
1466 2740 1597 2776 ornati
1623 2744 1728 2775 sunt.

238 2790 354 2833 Quod
393 2796 527 2826 autem
567 2795 650 2826 tuin
678 2790 868 2825 Romanis
907 2799 996 2824 cuin
1029 2788 1172 2823 Tui-cis
1204 2788 1309 2823 bena
1341 2792 1457 2824 erant
1487 2789 1527 2823 in
1555 2787 1790 2832 Oriente,20

239 2840 458 2884 imperator
484 2838 642 2873 delectu
669 2842 759 2872 acto
787 2836 856 2871 XV
884 2837 991 2871 inilia
1010 2835 1318 2871 Patzinaearum
1346 2836 1467 2871 armis
1493 2839 1532 2871 et
1558 2835 1672 2881 equis
1690 2839 1730 2871 et

239 2895 338 2922 suae
370 2886 503 2932 gantis
532 2885 704 2921 ducibus
739 2885 842 2920 datis
883 2883 1037 2929 Chryso
1070 2884 1161 2919 olim
1195 2888 1447 2919 transvectos
1482 2884 1521 2919 in
1557 2883 1727 2919 Iberiam

239 2935 298 2971 ire
324 2934 449 2978 iussit,
489 2933 642 2969 itineris
674 2942 837 2979 quoque
869 2931 972 2967 duce.
1005 2941 1027 2966 α
1060 2932 1155 2967 dito.
1206 2932 1281 2973 Qui
1309 2941 1398 2966 cum
1426 2930 1476 2966 nd
1506 2931 1728 2978 Damam-yn
1742 2931 1787 2969 21
