2020 3230
699 281 899 334 Ἀντίφιλος
914 305 961 313 -
972 280 1170 323 Ἀντῶνιοι.

227 409 395 447 mandat
421 408 581 444 duobus
612 407 702 444 filiis
736 406 820 450 407,
834 406 891 443 12.

231 468 280 495 eo
305 457 582 493 intercedente
607 455 800 491 Malichus
832 455 894 491 bis

229 510 416 542 servatur
431 504 515 546 407,
534 503 705 546 19—408,
718 504 751 539 6.
778 513 803 538 a
816 502 895 538 Ma-

230 553 334 589 licho
360 562 518 588 veneno
544 556 714 587 necatur
738 550 893 593 408,11.

230 602 318 636 eius
334 610 441 635 uxor
459 603 499 635 et
517 600 632 635 liberi
657 598 739 642 404,
753 598 784 634 7.
812 598 894 640 405,

229 648 264 684 5.
292 648 348 690 11,
362 647 419 682 20.

183 714 227 721 —
253 695 288 732 3.
313 694 487 731 Herodis
501 698 540 730 et
556 694 718 730 Doridis
732 694 758 728 f.
781 693 795 728 1
812 693 895 735 409,

229 743 286 779 21.
312 743 395 784 453,
407 742 441 778 4.
468 743 520 777 ab
540 741 702 777 Herode
729 742 895 776 honora-

229 795 296 827 tur
326 790 480 832 438,19.
520 789 780 825 Mariammae
805 789 895 824 filiis

230 838 397 874 insidias
422 843 540 884 parat
559 837 731 883 Eurycle
765 837 894 871 amico

231 887 376 932 partim
398 885 622 920 adiuvante
645 885 728 926 439,
742 884 894 926 2-448,

234 934 288 970 17.
339 933 534 968 fratribus
569 932 738 968 sublatis
773 933 895 967 omni-

230 982 308 1018 bus
345 986 406 1017 est
442 981 609 1022 invisus,
646 980 798 1015 Herodi
834 990 895 1015 ac-

230 1032 372 1076 ceptus
395 1028 478 1070 452,
497 1029 548 1063 17.
575 1028 795 1063 Pheroram
816 1037 895 1062 ma-

231 1077 340 1112 xime
367 1076 460 1112 colit
486 1076 639 1118 453,19.
665 1075 747 1117 455,
761 1076 793 1110 8.
840 1075 896 1110 in-

231 1125 354 1161 sidias
382 1128 498 1170 parat
516 1125 620 1170 patri
646 1123 728 1166 454,
742 1122 896 1165 5—464,

231 1173 264 1209 7.
315 1182 340 1207 a
377 1175 493 1218 patre
534 1174 704 1207 necatur
742 1170 824 1215 464,
839 1170 895 1205 15.

232 1221 319 1256 eius
343 1230 450 1255 uxor
474 1219 602 1262 459,1.

186 1288 229 1295 —
254 1267 288 1302 4.
327 1267 530 1313 Antipatri
567 1267 620 1309 (3)
659 1269 897 1312 procurator

232 1315 251 1352 Ι
275 1315 357 1358 456,
374 1315 431 1350 20.

186 1363 437 1409 Ἀντίφιλος
463 1363 550 1398 eius
569 1362 621 1398 ad
639 1361 896 1408 Antipatrum

231 1411 283 1456 (3)
308 1411 480 1446 amicum
508 1410 680 1456 epistula
706 1409 721 1444 1
743 1409 896 1451 460,18.

177 1460 228 1496 Ἀ
235 1473 256 1495 ν
264 1473 280 1494 τ
287 1472 308 1494 υ
314 1459 334 1493 λ
342 1472 362 1494 ο
368 1472 386 1498 ς
396 1456 668 1504 [”Αντυλλος],ν.
674 1457 855 1493 Ἀντώνιοι
862 1457 896 1492 4.

185 1507 391 1544 Ἀντωνία
422 1506 795 1551 hierosolymorum
821 1515 895 1540 arx

234 1565 307 1601 pro
339 1565 362 1590 e
379 1553 570 1600 templum
590 1554 666 1588 sita
693 1553 821 1595 (1513,
838 1552 896 1597 17)

232 1602 285 1638 ab
336 1602 460 1637 erode
477 1602 685 1637 nominata
712 1601 824 1643 1436,
842 1600 896 1635 14.

230 1650 314 1692 483,
341 1650 396 1685 16.
453 1649 508 1685 ibi
551 1649 654 1685 stola
699 1649 897 1695 pontificis

233 1701 421 1734 servatur
451 1696 534 1739 483,
560 1697 616 1732 13.
655 1697 704 1732 cf.
731 1696 813 1738 505,
841 1696 895 1731 15.

233 1756 258 1781 a
283 1745 374 1781 Tito
400 1749 662 1791 expugnatur
688 1748 728 1779 et
753 1745 896 1780 everti-

232 1797 299 1829 tur
323 1793 406 1835 533,
419 1792 572 1835 5-538,
586 1792 618 1828 7.
650 1812 689 1818 -
711 1791 729 1827 I
744 1791 826 1834 538,
843 1792 896 1827 10.

188 1841 397 1877 Ἀντωνία
415 1840 447 1875 1.
466 1850 571 1875 uxor
585 1839 707 1876 Drusi
721 1840 897 1882 maioris,

234 1889 329 1924 avia
347 1887 568 1934 Caligulae,
593 1891 723 1923 mater
736 1886 898 1923 Germa-

233 1937 314 1972 nici
363 1939 403 1972 et
453 1934 622 1977 Claudii,
677 1934 897 1971 Berenicen

389 1982 789 2066 segestam·
815 1982 898 2072 233:

233 2079 279 2116 21
294 2090 343 2115 ss.
395 2079 580 2125 prohibet
621 2088 672 2114 ne
714 2077 899 2124 Agrippa

234 2127 367 2163 statim
411 2131 501 2173 post
536 2125 688 2162 Tiberii
730 2131 898 2161 mortem

235 2174 429 2211 liberetur
458 2173 611 2215 494,18.
663 2184 687 2208 a
713 2173 900 2219 Caligula

236 2222 289 2258 ad
326 2232 466 2258 necem
505 2221 713 2267 compulsa
754 2220 791 2256 11
817 2220 899 2266 447,

235 2270 292 2306 19.
320 2289 360 2295 —
391 2269 428 2305 11
453 2269 605 2311 460,12.

189 2337 232 2344 —
258 2317 292 2353 2.
330 2317 379 2353 ΙΙ.
407 2317 661 2363 imperatoris
687 2315 844 2353 Claudii
870 2315 899 2352 Ι.

235 2366 329 2408 fllia,
354 2375 461 2401 uxor
474 2365 543 2401 Cn.
558 2365 736 2411 Pompeii
752 2363 901 2410 Magni,

235 2417 320 2449 tum
362 2412 498 2448 Fausti
541 2411 715 2449 Cornelii
753 2411 901 2454 Sullae,

236 2460 361 2496 fllium
387 2460 492 2506 patri
519 2461 624 2506 parit
651 2459 686 2495 11
711 2459 794 2502 467,
807 2458 841 2495 2.

190 2508 448 2547 Ἀντωνῖνος
475 2508 506 2543 1.
549 2508 570 2542 ό
604 2507 804 2554 Εὐσεβής
823 2506 900 2590 ¹41]

236 2556 425 2592 Aurelius
463 2555 692 2591 Antoninus
734 2556 786 2590 ab
864 2565 902 2590 a·

237 2603 380 2639 driano
391 2608 553 2639 creatur
564 2604 783 2649 imperator
791 2601 902 2639 Com-

236 2651 358 2688 modo
372 2656 412 2688 et
428 2650 531 2687 Vero
546 2651 748 2697 adoptatis
769 2650 901 2691 11520,

238 2698 294 2735 18.
330 2699 548 2745 imperator
573 2698 727 2741 523,10.
760 2697 902 2733 Hadri·

237 2757 316 2782 ano
344 2746 501 2782 divinos
527 2747 700 2782 honores
722 2745 903 2781 decernit

237 2794 319 2836 528,
341 2794 517 2837 10-524,
539 2794 572 2830 2.
622 2794 717 2829 Pius
755 2793 903 2829 dicitur

237 2841 320 2884 524,
334 2842 367 2877 2.
395 2843 482 2878 eius
505 2845 596 2877 acta
621 2846 662 2877 et
687 2840 795 2876 dieta
820 2840 902 2882 524,

238 2889 392 2932 6—525,
405 2889 439 2924 4.
470 2889 720 2932 525,12-19.
771 2892 902 2923 terrae

238 2941 350 2972 motu
383 2938 460 2973 sub
497 2947 547 2973 eo
580 2936 808 2983 complures
842 2935 901 2971 Bi-

240 2984 405 3032 thyniae
435 2987 475 3021 et
499 2984 749 3032 Hellesponti
780 2984 902 3020 urbes

1607 276 1678 320 797

1013 405 1278 442 conciderunt
1289 403 1372 447 525,
1378 403 1411 440 5.
1440 404 1524 440 obit
1537 403 1678 439 XXIV.

1013 465 1122 490 anno
1139 453 1295 500 imperii
1322 451 1404 494 525,
1418 452 1474 488 17.
1501 453 1679 498 episcopi

1011 502 1176 544 Romae,
1213 500 1490 536 Alexandriae
1520 500 1596 535 sub
1630 510 1678 535 eo

1013 549 1096 592 525,
1109 549 1287 592 20—526,
1303 549 1359 584 10.
1385 548 1437 583 ad
1458 558 1550 584 eum
1567 548 1679 582 lusti-

1014 608 1091 633 nus
1116 597 1349 643 apologiam
1375 596 1514 632 scribit
1547 595 1630 638 474,
1645 596 1678 630 8.

1013 645 1096 687 526,
1106 645 1162 680 13.
1189 644 1397 680 decretum
1411 644 1498 680 eius
1511 643 1562 679 de
1573 642 1680 679 Chri-

1015 693 1156 728 stianis
1181 691 1334 734 526,14.

969 761 1010 766 —
1054 741 1086 775 2.
1129 751 1167 775 v.
1201 739 1390 785 Αὐρήλιος,
1419 738 1680 785 Ἐλεαγάβαλος,

1013 788 1255 833 Καράκαλλος.

967 836 1184 872 Ἀντώνιοι
1212 837 1243 870 1.
1270 835 1318 871 Μ.
1337 833 1538 870 Antonius
1561 845 1585 870 a
1602 833 1678 870 Ga-

1015 884 1124 919 binio
1158 886 1299 919 eontra
1324 882 1600 918 Alexandrum
1627 881 1680 927 (6)

1013 933 1159 967 missus
1177 931 1194 966 1
1207 931 1290 973 402,
1307 932 1361 966 16.
1388 931 1572 966 Caesaris
1587 931 1682 966 ami-

1016 990 1088 1015 eus
1125 989 1147 1015 e
1186 984 1330 1014 senatu
1368 979 1520 1014 eiectus
1552 978 1679 1013 Roma

1014 1027 1122 1073 fugit
1146 1026 1186 1061 II
1211 1027 1296 1069 318,
1314 1026 1392 1062 13-
1407 1025 1464 1061 20.
1507 1026 1560 1061 ad
1587 1024 1682 1062 an-

1015 1085 1147 1111 sarem
1183 1085 1275 1110 cum
1301 1074 1427 1120 copiis
1454 1074 1565 1110 venit
1597 1073 1681 1115 321,

1017 1123 1072 1158 18.
1114 1133 1192 1158 eos.
1222 1121 1385 1158 Caesari
1412 1121 1599 1156 diadema
1627 1122 1682 1157 of-

1015 1172 1094 1206 fert
1118 1170 1201 1212 332,
1218 1170 1272 1204 11.
1324 1179 1413 1205 cum
1441 1169 1591 1205 Caesar
1615 1179 1682 1204 ne-

1016 1221 1189 1260 caretur,
1235 1228 1316 1253 non
1359 1217 1475 1253 adest
1515 1216 1597 1259 334,
1625 1217 1681 1252 11.

1016 1265 1201 1302 Caesaris
1228 1265 1534 1312 percussoribus
1557 1265 1682 1300 filium

1017 1314 1087 1349 dat
1125 1313 1305 1349 obsidem
1344 1313 1497 1355 336,17.
1527 1312 1681 1355 337,11.

1017 1362 1239 1398 orationem
1262 1361 1476 1396 funebrem
1495 1361 1617 1396 habet
1631 1360 1682 1396 de

1017 1408 1191 1446 Caesare
1216 1409 1369 1451 337,18.
1413 1419 1486 1454 pro
1513 1408 1680 1443 arbitrio

1018 1458 1153 1492 omnia
1178 1457 1284 1502 gerit
1308 1456 1390 1498 339,
1404 1456 1437 1491 5.
1477 1457 1564 1491 eius
1590 1466 1682 1491 cou-

1018 1506 1240 1541 troversiae
1256 1515 1347 1539 eum
1362 1503 1585 1540 Octaviano
1600 1503 1682 1546 340,

1016 1553 1074 1590 23.
1113 1552 1195 1595 341,
1223 1553 1277 1587 14.
1306 1553 1362 1587 18.
1413 1562 1569 1587 summa
1595 1552 1682 1586 eius

1016 1603 1181 1647 propter
1214 1600 1468 1635 consulatum
1501 1599 1683 1645 potentia

1015 1649 1097 1691 341,
1112 1648 1169 1684 23.
1197 1647 1455 1683 Brundisium
1477 1650 1682 1693 profectus

1015 1696 1097 1738 342,
1111 1696 1240 1730 5-15.
1279 1696 1316 1731 ei
1342 1698 1484 1731 contra
1511 1694 1558 1730 D.
1585 1694 1681 1730 Bru-

1015 1748 1100 1780 tum
1146 1743 1326 1790 profecto
1374 1743 1523 1779 bellum
1569 1742 1682 1777 Muti-

1015 1802 1141 1827 nense
1167 1792 1339 1827 ini'ertur
1364 1790 1445 1833 342,
1459 1791 1636 1833 16—-350,
1649 1791 1683 1826 8.

1018 1850 1108 1875 cum
1128 1839 1283 1885 Lepido
1310 1843 1350 1874 et
1368 1838 1592 1875 Octaviano
1618 1839 1684 1873 tri-

1015 1888 1149 1923 umvir
1174 1886 1398 1929 350,8-19.
1451 1887 1538 1922 eius
1564 1886 1684 1932 privi-

1016 1945 1139 1980 gnam
1174 1934 1422 1971 Octavianus
1457 1934 1569 1969 dueit
1601 1934 1684 1975 350,

1018 1982 1073 2018 19.
1113 1984 1199 2018 eius
1226 1983 1540 2028 proscriptiones
1565 1981 1647 2024 351,
1663 1982 1683 2017 1

1020 2030 1146 2072 —354,
1162 2031 1217 2065 18.
1244 2029 1367 2065 bellat
1392 2040 1484 2064 eum
1498 2029 1624 2064 Bruto
1643 2033 1683 2065 et

1018 2077 1156 2114 Cassio
1182 2077 1264 2119 355,
1282 2077 1455 2119 15—365,
1470 2077 1525 2112 15.
1557 2076 1574 2112 1
1600 2077 1683 2119 408,

1017 2126 1051 2160 6.
1076 2125 1158 2167 409,
1174 2125 1229 2160 15.
1255 2125 1339 2166 410,
1351 2124 1383 2160 2.
1434 2123 1604 2160 Galliam
1644 2129 1684 2161 et

1018 2172 1197 2209 Africam
1224 2173 1371 2218 accipit
1396 2171 1433 2207 11
1460 2172 1542 2215 367,
1558 2172 1590 2207 3.
1642 2172 1684 2207 in

1018 2220 1154 2256 Asiam
1171 2221 1255 2256 abit
1281 2219 1298 2255 1
1316 2220 1398 2263 410,
1412 2219 1445 2255 2.
1474 2219 1511 2255 ΙΙ
1529 2219 1611 2262 367,
1628 2220 1682 2255 10.

1019 2269 1106 2304 eius
1145 2268 1308 2304 decreta
1350 2267 1401 2304 de
1440 2267 1603 2303 Iudaeis
1645 2271 1685 2303 et

1018 2316 1182 2352 Herode
1199 2315 1449 2351 restituendo
1476 2315 1493 2351 I
1518 2315 1600 2358 410,
1614 2315 1684 2350 5—-

1018 2363 1199 2406 414,3ss.
1250 2364 1303 2399 ad
1344 2373 1435 2399 eum
1473 2362 1685 2399 Samosata

1020 2411 1271 2447 obsidentem
1284 2410 1586 2447 venitHerodes
1601 2411 1682 2453 416,

1018 2459 1052 2494 5.
1102 2458 1352 2504 Antigonum
1378 2462 1496 2494 necat
1530 2458 1613 2500 418,
1626 2458 1684 2494 23.

1019 2506 1221 2543 Herodem
1270 2506 1490 2542 honorifice
1539 2508 1686 2542 tractat

1018 2554 1262 2597 421,3-424,
1273 2554 1327 2589 10.
1351 2555 1438 2589 eius
1454 2554 1683 2599 privignam

1020 2602 1208 2685 fe1iudiat
1220 2601 1468 2684 getavianius
1483 2601 1521 2685 lg
1531 2602 1682 2685 3335}

1034 2659 1163 2685 ⁴uv1a
1198 2659 1222 2685 a
1284 2659 1376 2686 eum
1431 2659 1502 2695 ugi
1559 2665 1563 2670 ν
1627 2676 1636 2691 ,
1676 2675 1683 2684 .

1020 2696 1064 2733 L.
1104 2697 1302 2733 Domitius
1343 2695 1396 2732 ad
1438 2707 1530 2732 eum
1572 2697 1685 2732 venit

1020 2745 1102 2787 369,
1115 2745 1149 2780 4.
1176 2755 1248 2791 per
1272 2749 1439 2780 matrem
1465 2755 1580 2780 suam
1599 2745 1685 2790 agit

1020 2802 1112 2828 cum
1151 2791 1189 2828 S.
1224 2792 1414 2838 Pompeio
1452 2793 1534 2834 369,
1549 2792 1580 2828 7.
1632 2802 1684 2828 ex

1020 2839 1118 2876 Asia
1145 2839 1384 2886 Cleopatrae
1410 2850 1548 2876 amore
1585 2839 1638 2884 (v.
1666 2839 1684 2875 Ι

1019 2887 1102 2929 410,
1119 2887 1176 2930 14)
1209 2891 1352 2933 captus
1376 2887 1460 2923 abit
1485 2888 1526 2923 in
1553 2886 1685 2933 Aeg-y-

1022 2940 1133 2982 ptum
1171 2934 1395 2978 370,9—15.
1445 2945 1536 2971 cum
1571 2935 1685 2971 Octa-

1023 2984 1143 3019 viano
1170 2984 1209 3019 in
1237 2983 1411 3030 gratiam
1443 2983 1547 3019 redit
1576 2992 1685 3022 nova
