2054 3282
479 260 862 302 HIEROSOLYMA.
911 260 1123 302 BELLVM
1147 260 1499 303 BVLGARICVM.
1663 263 1735 303 563

241 383 428 431 σπονδὰς
469 385 541 428 τόν
574 401 618 428 τε
655 386 700 428 ἕν
729 385 1033 441 Ἱεροσολύμοις
1073 385 1190 439 ναόν,
1235 386 1280 427 ἐν
1315 384 1355 440 ᾦ
1389 385 1437 429 τὸ
1473 390 1547 429 τοῦ
1583 388 1734 442 κυρίου

239 456 399 507 μνῆμα,
430 454 717 508 κατηρείπωσε
746 454 818 496 καὶ
846 453 896 496 τὰ
926 455 1016 496 ἐκεῖ
1039 454 1312 509 μοναστήρια.

355 520 408 563 Ὅ
435 521 481 563 δὲ
500 521 691 576 βασιλεὺς
711 525 899 577 συνεχῶς
918 526 968 577 τῇ
988 521 1232 577 Βουλγαρίᾳ
1262 523 1544 578 προσβάλλων
1575 524 1734 566 ἐκάκου
1747 529 1770 565 <2

239 588 392 644 ταύτην
433 589 503 631 καὶ
546 590 742 644 ἐκεράϊζε.
801 589 862 645 μὴ
905 590 1139 645 δυνάμενος
1178 591 1225 632 δέ
1256 607 1301 645 γε
1332 591 1356 633 ὁ
1386 591 1596 647 Σαμουὴλ
1627 593 1770 635 ἀντι-3

202 658 561 711 ὅπαρατάξασθαι
590 663 653 712 τῷ·
682 661 767 700 τῶν
789 658 1014 712 Ῥωμαίων
1044 659 1314 713 στρατεύματι
1344 661 1520 715 τάφροις
1549 660 1623 708 τὰς
1653 662 1733 703 εἰσ-

239 723 369 771 όδους
399 725 639 768 ἀποκλεῖσαι
669 720 787 781 αὐτῷ
816 727 1066 782 ἐπεχείρησε,
1104 726 1177 773 τὰς
1210 727 1450 782 δυσχωρίας
1480 729 1735 784 ἀποφράξας

239 793 486 848 οἰκοδομαῖς
523 793 593 835 καὶ
623 794 818 849 φύλακας
848 795 1069 850 ἐπιστήσας
1099 796 1256 842 αὐταῖς.
1319 795 1421 851 ἧκεν
1452 795 1528 839 οὗν
1559 797 1584 838 ὁ
1614 798 1769 852 βασι-4
1790 803 1826 839 D

237 859 331 907 λεὺς
361 859 486 908 αὖθις
514 861 586 903 καὶ
617 862 810 917 ἐβιάσατο
840 862 919 918 μὲν
949 863 1023 918 τὴν
1043 864 1249 918 πάροδον,
1283 865 1559 920 ἀπεκρούσθη
1583 865 1628 908 δὲ
1648 869 1734 908 τῶν

237 929 444 982 φυλάκων
474 930 791 986 ἀνθισταμένων
822 932 1206 987 ἐρρωμενέστερον
1238 934 1348 989 πλὴν
1379 934 1459 975 οὐκ
1484 935 1638 989 ἀπέστη
1661 938 1768 989 τῆςὸ

179 1003 225 1039 10
239 997 526 1052 ἐγχειρήσεως,
570 996 657 1040 ἀλλ’
695 999 821 1047 αὐτὸς
857 1001 936 1055 μὲν
971 1002 1229 1056 προσέμενεν
1265 1003 1320 1044 ἔτι
1354 1003 1616 1057 πειρώμενος
1657 1006 1731 1045 τοῦ

238 1065 459 1120 ἐρύματος,
504 1067 752 1123 ἕκπέπομφε
797 1068 842 1110 δὲ
885 1073 971 1111 τῶν
1015 1074 1258 1125 στρατηγῶν
1300 1072 1372 1113 ἕνα
1408 1070 1511 1126 μετὰ
1547 1075 1620 1112 τοῦ
1659 1068 1730 1113 ὑπ’

237 1133 364 1176 αὐτὸν
392 1134 602 1190 τάγματος
631 1136 841 1191 ἕτέρωθέν
870 1138 1020 1191 ποθεν,
1053 1139 1091 1180 εἰ
1117 1139 1285 1180 δύναιτο
1305 1139 1535 1194 περιελθεῖν
1557 1139 1627 1181 καὶ
1647 1155 1730 1194 μη-

235 1202 504 1257 χανήσασθαί
530 1220 564 1245 τι
594 1204 703 1259 πρὸς
732 1205 807 1260 τὴν
839 1206 1048 1248 διέλευσιν.
1111 1207 1135 1248 ὁ
1169 1207 1214 1249 δὲ
1235 1205 1288 1249 δι’
1313 1208 1430 1262 ὀρῶν
1460 1208 1532 1250 καὶ
1563 1208 1767 1263 δυσχω-6

236 1272 341 1325 ριῶν
382 1271 552 1314 πολλῶν
589 1273 772 1316 διελθὼν
807 1274 878 1316 καὶ
913 1274 1011 1322 τοὺς
1047 1275 1325 1331 Βουλγάρους
1360 1276 1509 1318 λαθὼν
1546 1277 1731 1330 ἐμπίπτει

177 1345 223 1382 15
236 1338 342 1380 κατὰ
374 1340 511 1382 νώτου
541 1345 627 1388 τοῖς
655 1346 730 1384 τοῦ
769 1342 978 1397 ἐρύματος
1016 1343 1205 1398 φύλαξιν,
1250 1346 1295 1386 οἳ
1326 1333 1388 1399 τῷ·
1423 1343 1578 1398 ἀθρόῳ
1615 1360 1730 1399 περι-

237 1406 342 1454 δεεῖς
377 1409 590 1463 γεγονότες
628 1410 766 1452 οὐκέτι
803 1415 876 1466 τῆς
911 1411 1106 1467 φυλακῆς
1134 1412 1378 1467 ἐφρόντιζον
1407 1416 1481 1454 τοῦ
1513 1416 1729 1467 φραγμοῦ,

235 1473 322 1517 ἀλλ’
356 1476 476 1524 ὅπως
506 1477 624 1520 αὐτοὶ
663 1478 736 1521 τὸν
773 1479 954 1534 ὄλεθρον
992 1480 1259 1534 φυλάξωνται
1294 1481 1389 1535 περὶ
1424 1481 1630 1522 πλείστου
1654 1482 1729 1522 ἐτί-

233 1544 369 1586 θεντο.
429 1545 519 1587 τότε
556 1546 608 1601 δὴ
647 1546 789 1594 ἀδείας
831 1547 878 1590 τὸ
911 1548 1151 1603 Ῥωμαϊκὸν
1189 1550 1454 1604 δραξάμενον
1496 1549 1764 1604 στράτευμαΊ

233 1611 407 1668 ῥήγνυσι
449 1613 522 1655 τὸν
559 1614 761 1670 φραγμὸν
795 1615 868 1678 καὶ
907 1617 1021 1659 δίεισι
1057 1617 1128 1659 καὶ
1168 1617 1311 1660 διώκει
1341 1618 1413 1660 καὶ
1442 1617 1623 1665 πολλοὺς
1652 1618 1820 1673 μὲνΡΙΙ
1830 1621 1943 1659 226A

234 1753 258 1788 3
288 1753 353 1789 ὅσα
382 1753 420 1789 ἔν
452 1754 654 1800 Βουλγαρίᾳ
693 1756 917 1802 (βουλγάροις
943 1757 988 1800 Ε)
1026 1757 1186 1804 ἐποίησεν
1217 1759 1238 1793 ὁ
1265 1758 1429 1805 βασιλεὺς
1458 1759 1641 1798 Βασίλειος
1667 1758 1730 1795 ΟΕ

236 1801 259 1836 9
283 1802 380 1840 ὅπως
405 1801 485 1841 τοὺς
510 1802 696 1848 φραγμοὺς
721 1808 792 1839 τῶν
817 1804 914 1849 ὀρῶν
938 1805 1105 1841 καθεῖλεν
1129 1807 1150 1841 ὁ
1173 1806 1336 1851 βασιλεὺς
1361 1807 1422 1842 καὶ
1439 1807 1489 1846 εἰς
1507 1807 1730 1852 Βουλγαρίαν

235 1848 490 1933 εἰσέρῗλὲέιαὶ
515 1851 626 1892 (ὅπως
650 1850 908 1898 τοὺς-εῖσέβ.
933 1853 994 1888 καὶ
1020 1863 1095 1889 om.
1123 1853 1168 1896 E)
1193 1854 1273 1900 περὶ
1298 1859 1358 1900 τῆς
1384 1855 1540 1900 τελευτῆς
1570 1859 1630 1890 τοῦ
1655 1855 1729 1890 Σα-

234 1909 328 1943 mvn

308 2027 339 2062 1.
354 2026 377 2063 2
401 2026 439 2062 τὸ
452 2032 575 2073 μνῆμα
588 2033 648 2064 τοῦ
660 2034 805 2074 χριστοῦ
821 2029 853 2066 Ο
871 2030 937 2066 Wo
952 2029 1018 2066 lat.
1113 2031 1138 2066 4
1159 2045 1197 2077 γε
1213 2042 1287 2068 om.
1303 2031 1339 2066 D
1437 2033 1459 2067 6
1477 2031 1673 2067 ἀνοκλεῖσαι
1688 2031 1728 2075 C,

308 2084 410 2111 corr.
437 2074 498 2114 Cw
607 2076 800 2122 ἑπεχείρισε
825 2077 855 2113 C
966 2078 1011 2114 10
1035 2078 1256 2123 ἕγχειρίσεως
1282 2079 1317 2114 D
1429 2080 1467 2114 ll
1498 2080 1557 2115 ἕνα
1586 2090 1660 2115 om.
1688 2078 1728 2123 C,

308 2122 401 2158 add.
428 2121 488 2161 Cw
586 2124 632 2159 12
655 2124 941 2169 ἕτερωθίπουθεν
967 2126 1034 2160 Ew
1168 2127 1437 2173 μηχανήσεοθαι
1465 2126 1500 2161 D
1599 2126 1644 2161 14
1669 2126 1729 2161 καὶ

307 2169 432 2206 λαθὼν
456 2170 535 2210 τοὺς
558 2171 778 2218 βουλγάρους
804 2172 914 2219 Ewp,
940 2183 1016 2209 om.

236 2307 520 2354 solymitanum
552 2308 755 2354 templum,
793 2309 835 2344 in
867 2318 947 2355 quo
979 2309 1130 2345 domini
1156 2309 1396 2356 sepulcrum,
1435 2312 1476 2346 et
1510 2310 1615 2346 illius
1651 2310 1727 2346 loci

235 2357 482 2392 monasteria
510 2355 719 2391 destruxit.

355 2403 407 2438 At
432 2413 505 2439 rex
524 2402 757 2449 Bulgariam
777 2403 928 2440 crebris
947 2404 1277 2450 impressionibus
1303 2405 1491 2440 vastabat
1509 2408 1548 2441 et
1566 2405 1727 2451 urebat3
1740 2405 1764 2441 2

236 2451 301 2486 cui
320 2460 409 2486 cum
425 2449 587 2487 Samuel
606 2451 693 2487 acie
711 2452 897 2488 resistere
915 2462 995 2487 non
1016 2456 1161 2498 posset,
1186 2463 1350 2497 operam
1371 2452 1504 2496 dabat,
1532 2457 1576 2488 ut
1594 2452 1727 2488 aditus
1741 2453 1763 2488 3

235 2499 351 2544 regni
379 2499 415 2534 ei
443 2500 559 2534 fossis
586 2498 718 2534 ductis
743 2499 974 2535 occluderet
999 2505 1038 2535 et
1056 2500 1268 2545 angustias
1295 2500 1473 2535 locorum
1492 2500 1664 2536 castellis
1688 2504 1729 2536 et

237 2546 448 2592 praesidiis
487 2551 716 2592 occuparet.
767 2546 853 2582 Rex
886 2551 1020 2582 autem
1052 2548 1196 2582 iterum
1233 2557 1453 2593 aggressus
1485 2548 1524 2583 vi
1558 2558 1629 2593 per
1660 2547 1762 2583 ειη-4

236 2594 394 2639 gustias
429 2595 536 2629 sacta
568 2595 641 2629 etsi
675 2595 824 2629 virtute
857 2594 1212 2640 praesidinriorum
1244 2596 1441 2640 repulsus,
1479 2599 1612 2631 tamen
1641 2595 1762 2630 coe-5

238 2641 315 2686 ptis
350 2651 430 2676 non
458 2641 619 2685 destitit,
658 2641 728 2677 sed
756 2643 975 2687 permansit
1000 2642 1174 2677 subinde
1199 2642 1406 2678 castellum
1433 2646 1604 2686 tentans,
1644 2652 1726 2678 uno

237 2698 289 2723 ex
315 2688 488 2724 ducibus
513 2699 603 2724 cuin
630 2699 704 2724 suo
731 2690 913 2725 exercitu
939 2690 1070 2732 misso,
1096 2690 1128 2724 si
1147 2690 1303 2735 uspiam
1322 2690 1416 2726 alibi
1437 2700 1508 2735 per
1533 2690 1727 2735 ambages

236 2735 463 2781 ingressum
490 2737 648 2783 aperire
676 2740 822 2782 posset.
874 2737 910 2771 Is
937 2747 1007 2782 per
1034 2740 1189 2773 montes
1215 2737 1442 2782 multasque
1475 2737 1763 2772 difficultatem

237 2781 426 2829 Buigaris
459 2783 638 2829 deceptis
671 2785 878 2829 ingressus
910 2795 934 2819 a
966 2789 1081 2829 tergo
1113 2785 1151 2819 in
1180 2784 1463 2830 praesidiarios
1494 2785 1619 2827 irruit,
1658 2785 1726 2829 qui

237 2840 282 2866 re
299 2830 432 2866 subita
451 2832 651 2877 perterriti
670 2842 750 2867 non
779 2833 856 2867 inm
884 2832 934 2867 (le
962 2832 1181 2867 munitione
1209 2832 1371 2876 tuenda,
1398 2832 1468 2867 sed
1488 2831 1539 2868 de
1564 2832 1726 2867 interitu

239 2877 405 2914 vitando
423 2877 676 2914 laborabant.
707 2879 765 2914 Ibi
783 2879 985 2914 Romanus
1004 2880 1207 2914 exereitus
1225 2879 1334 2915 nullo
1354 2879 1591 2926 prohibente
1609 2882 1728 2925 rupta
1741 2879 1762 2915 ‘1

238 2926 461 2963 munitione
478 2927 621 2962 transit
638 2926 852 2972 hostesque
874 2932 1108 2973 persecutus
1123 2927 1267 2963 multos
1282 2926 1438 2971 occidit,
1458 2927 1591 2973 plures
1609 2927 1727 2973 capit,
