2054 3282
382 281 453 320 290
779 279 960 319 ZONAR.
987 278 1117 317 EPIT.
1144 276 1216 316 XV
1243 280 1298 325 11,
1326 276 1477 316 11—22.

382 409 545 450 τοῦντες
576 404 773 458 σταλῆναί
800 418 909 448 τινας
939 400 1039 455 παρ’
1074 401 1214 442 αὐτῶν
1244 400 1341 446 τοὺς
1366 401 1431 442 ἐπὶ
1451 405 1500 456 τῇ
1522 401 1691 455 συνόδῳ
1711 417 1872 455 παρου-

323 478 368 512 12
382 473 615 518 σιάσοντας·
649 471 720 513 καὶ
751 470 866 524 παρὰ
898 470 1068 510 πάντων
1099 469 1336 523 ἐστάλησαν.
1398 469 1716 523 ἀθροισθέντων
1738 469 1783 511 δὲ
1804 469 1874 511 καὶ

332 546 365 580 Ι.)
380 545 464 581 τῶν
500 541 659 581 λοιπῶν
696 539 925 592 ἀρχιερέων
964 538 1031 578 καὶ
1069 541 1273 591 μοναχῶν
1305 538 1348 578 ἒν
1379 537 1537 591 chaiq
1568 542 1641 591 τῆς
1671 537 1875 583 Βιθυνίας

324 617 367 651 13
380 609 450 649 καὶ
482 609 505 649 ὁ
536 608 793 660 πατριάρχης
832 606 982 660 ἐξῆλθε
1021 605 1241 658 Ταράσιος,
1287 605 1358 646 καὶ
1401 606 1572 660 συνέστη
1612 606 1701 647 ἐκεῖ
1733 606 1874 647 οἴκου-

378 676 525 730 μενικὴ
559 675 738 720 σύνοδος
769 674 945 728 ἑβδόμη,
987 674 1057 715 καὶ
1090 674 1292 728 ἐκυρώθη
1325 674 1398 720 τὰς
1429 673 1579 720 σεπτάς
1609 673 1774 720 εἰκόνας
1805 673 1911 715 καὶὸ

378 745 704 797 προσκυνεῖσθαι
734 743 804 783 καὶ
827 743 1090 796 σεβάζεσθαι,
1124 742 1356 795 ἀναθέματι
1389 742 1434 783 δὲ
1464 741 1774 797 κατεκρίθησαν
1805 742 1876 783 καὶ

379 813 419 852 οἳ
443 815 549 864 τρεῖς
571 812 611 851 οἷ
631 815 702 865 τῆς
725 811 768 851 ἐν
790 810 1225 852 ,Κωνσταντινουπόλει
1256 810 1610 863 προεδρεύσαντες
1642 810 1874 865 ἐκκλησίας,

379 880 405 920 ὅ
435 896 475 920 τε
496 880 759 924 Ἀναστάσιος
790 878 907 919 καὶὸ
933 878 1245 924 Κωνσταντῖνος
1275 878 1346 919 καὶ
1376 879 1399 919 ὁ
1422 878 1623 933 Ncmjmg,
1655 878 1726 920 καὶ
1755 878 1876 933 τόμῳ

322 956 363 990 14
379 947 426 988 τὰ
458 952 507 1001 τῇ
539 948 629 1000 ἱερᾷ
663 946 832 1000 συνόδῳ
872 947 1050 994 δόξαντα
1090 947 1389 1001 ἐνεγράφησαν.
1451 947 1497 988 ἐκ
1531 947 1576 988 δὲ
1607 946 1789 993 Νικαίας
1819 947 1876 993 εἰς

378 1015 451 1069 τὴν
488 1019 573 1056 τῶν
610 1015 776 1056 πόλεων
813 1015 1114 1069 βασιλεύουσαν
1153 1016 1458 1069 ἐπιδημήσαντες
1496 1016 1536 1056 οῖ
1577 1020 1649 1070 τῆς
1692 1014 1874 1057 συνόδου
1892 1021 1937 1056 10

378 1084 448 1125 καὶ
480 1084 524 1125 ἐν
554 1087 638 1129 τοῖς
668 1083 886 1137 βασιλείοις
919 1083 1146 1137 γενόμενοι,
1189 1084 1537 1137 προκαθημένων
1574 1083 1643 1125 καὶ
1680 1087 1766 1125 τῶν
1795 1085 1873 1138 βα-

321 1152 637 1205 15σιλευόντων,
670 1152 726 1197 εἰς
758 1152 943 1206 ἐπήκοον
973 1152 1143 1193 πάντων
1174 1152 1245 1192 τὸν
1275 1151 1406 1205 τόμον
1438 1152 1695 1205 ἀνέγνωσαν
1728 1153 1776 1197 ὃς
1804 1151 1874 1192 καὶ

377 1220 493 1274 παρὰ
525 1224 610 1261 τῶν
641 1220 910 1273 κρατούντων
942 1221 1161 1273 κεκύρωτο
1194 1221 1590 1274 ὗποσημηιάίιιείνων
1623 1220 1760 1267 αὐτόν,
1804 1219 1874 1260 καὶ

379 1290 516 1335 οὕτως
553 1289 601 1330 τὰ
639 1289 728 1341 ἱερὰ
767 1289 1047 1343 ἐκτυπώματα
1080 1290 1124 1330 ἒν
1154 1293 1238 1335 τοῖς
1269 1289 1399 1334 θείοις
1431 1293 1546 1334 ναοῖς
1577 1287 1924 1343 ἀνεστήλωντο,1)
1945 1283 2054 1323 ῙῙῘ3Ε

165 1367 319 1404 P11117
330 1367 359 1403 A
379 1358 449 1399 καὶ
481 1358 523 1398 αἱ
554 1357 765 1411 ἐκκλησίαι
797 1358 953 1399 ἅπασαι
984 1359 1158 1412 ἥνωντο.
1891 1358 1934 1394 15

322 1438 366 1473 16
507 1426 568 1468 Τὰ
600 1426 678 1481 μὲν
710 1425 785 1467 οὖν
817 1428 940 1480 μέχρι
975 1427 1098 1468 τοῦδε
1134 1426 1249 1480 παρὰ
1288 1431 1359 1481 τῆς
1397 1426 1635 1481 βασιλίσσης
1677 1425 1748 1468 καὶ
1789 1429 1875 1467 τῶν

322 1506 366 1542 17
380 1495 485 1550 αὐτῇ
514 1496 915 1549 προσῳκειωμένων
945 1494 993 1536 τὰ
1025 1499 1097 1550 τῆς
1127 1495 1334 1550 βασιλείας
1365 1496 1570 1536 ἰθύνοντο,
1632 1495 1714 1549 ἤδη
1738 1495 1783 1536 δὲ
1804 1494 1875 1536 τὸν

381 1642 403 1677 2
427 1641 506 1687 περὶ
532 1647 591 1688 τῆς
616 1642 772 1688 ἑβδόμης
799 1643 846 1684 (ζ’
876 1642 920 1688 C)
946 1643 1097 1678 συνόδου
1124 1643 1187 1679 CE
1316 1643 1357 1678 17
1385 1643 1433 1677 ὅτι
1460 1643 1480 1677 ό
1503 1641 1664 1688 βασιλεὺς
1690 1643 1873 1678 Κωνσταν-

380 1696 472 1729 τῖνος
496 1692 630 1729 νεανίας
655 1692 838 1735 γενόμενος
867 1691 1031 1736 βασιλεὺς
1058 1693 1149 1733 (om.
1175 1691 1220 1734 E)
1246 1691 1295 1729 εἷς
1319 1691 1441 1725 ἑαυτὸν
1471 1691 1533 1731 (εἰς
1558 1691 1649 1725 ἑαυτ.
1676 1693 1801 1735 repet.
1830 1691 1873 1732 F.)

381 1738 444 1784 τὴν
469 1738 643 1782 διοίκησιν
666 1745 871 1783 μεταγαγεῖν
899 1739 1049 1784 (ἀγαγεῖν
1074 1739 1119 1781 Ε)
1145 1739 1327 1783 ἐμελέτησε
1359 1738 1574 1782 (ἑμελὲτησεν
1601 1739 1663 1781 E)'
1686 1738 1874 1782 vyvonm9.¹·:c';

381 1785 421 1822 δὲ
444 1785 540 1831 παρὰ
566 1791 625 1832 τῆς
648 1786 782 1831 μητρὸς
806 1787 946 1832 ἑτύφθη
974 1787 1034 1821 καὶ
1061 1787 1284 1831 δημοσιεύειν
1309 1787 1476 1831 ἐκωλύθη
1506 1786 1652 1831 (ἐτάχθη
1673 1784 1717 1826 Ε)
1745 1784 1807 1821 ΟΕ

454 1929 471 1964 1
500 1933 542 1975 τῇ
568 1939 643 1965 om.
670 1928 707 1964 D
805 1928 828 1964 2
852 1928 913 1964 καὶ
938 1932 1032 1965 ante
1059 1933 1128 1965 τῶν
1155 1939 1230 1965 om.
1257 1928 1292 1963 D
1390 1928 1423 1964 4.
1448 1928 1469 1964 5
1495 1929 1628 1975 ἕβδάιιη
1655 1929 1803 1967 σύνοδος
1828 1929 1874 1964 οἷ-

451 2000 648 2046 κουμενικὴ
677 2000 708 2036 Ο
830 2002 852 2036 6
877 2001 1041 2047 σέβεσθαι
1069 2001 1167 2047 pr
1302 2002 1324 2036 8
1350 2002 1447 2046 τόμῳ
1475 1999 1642 2046 prDi,
1669 1985 1740 2035 τότε
1751 2001 1815 2045 μὲν
1840 1999 1875 2035 Α

452 2049 474 2084 9
499 2048 539 2084 τὰ
564 2055 606 2094 τῇ
623 2050 700 2094 ἱερᾷ
718 2050 858 2094 συνόδῳ
878 2049 960 2092 AR,
987 2049 1027 2084 τὰ
1046 2050 1123 2094 ἱερᾷ
1140 2049 1280 2093 συνόδῳ
1299 2054 1338 2094 τῇ
1358 2049 1427 2093 w*,
1454 2054 1494 2094 τῇ
1512 2050 1588 2093 ἱερᾷ
1608 2049 1748 2093 συνόδῳ
1766 2048 1806 2084 τὰ
1826 2048 1875 2094 p*

498 2097 747 2142 ἀνεγράφησαν
772 2097 804 2131 Ε
957 2097 1001 2132 12
1026 2098 1086 2132 καὶ
1112 2097 1191 2141 ΑΕ,
1218 2098 1342 2132 αὐτίκα
1368 2097 1428 2131 καὶ
1458 2096 1536 2139 CI),
1563 2096 1688 2132 αὐτίκα
1712 2096 1827 2142 Bswp

452 2144 499 2179 14
523 2145 616 2179 οὕτω
643 2143 847 2190 I)EwpDi,
874 2155 912 2180 V.
938 2145 991 2180 ad
1017 2144 1114 2180 XIII
1139 2147 1172 2189 6,
1204 2146 1245 2180 16
1282 2181 1287 2187 ,
1341 2145 1378 2180 ἐν
1405 2155 1479 2179 om.
1507 2143 1541 2178 D
1649 2144 1876 2189 ἀνεστήλοντο

452 2192 500 2238 p*
526 2193 664 2227 invitis
689 2191 798 2227 ARw

322 2332 368 2368 12
381 2333 522 2375 tentes,
552 2333 597 2366 ut
615 2330 667 2366 ab
685 2331 734 2366 iis
751 2331 1016 2375 mitterentur,
1044 2331 1112 2376 qui
1133 2331 1300 2366 concilio
1322 2331 1572 2366 interessent.
1622 2328 1730 2365 Missi
1749 2331 1874 2376 igitur

381 2382 475 2414 sunt
501 2379 553 2413 ab
576 2379 780 2423 omnibus3
806 2379 877 2414 scd
895 2383 934 2414 et
953 2380 1096 2414 ceteris
1115 2378 1371 2424 pontificibus
1390 2382 1429 2413 et
1447 2378 1652 2412 monachis
1672 2377 1872 2421 Nicaeam,

380 2427 422 2461 in
448 2427 591 2462 urbem
617 2426 842 2472 Bithyniae,
869 2427 1130 2472 congregatis
1151 2426 1343 2461 Tarasius
1370 2436 1532 2470 qnoque
1558 2425 1787 2470 patriarcha
1813 2430 1874 2460 est

323 2476 368 2512 13
382 2484 582 2518 egressus,
601 2478 640 2509 et
657 2474 737 2509 illic
755 2475 1058 2510 oecumenicum
1078 2475 1290 2509 concilium
1311 2475 1521 2518 septimum
1538 2477 1598 2507 est
1612 2474 1872 2508 constitutum

382 2531 430 2556 ac
457 2522 663 2557 decretum
683 2522 936 2557 venerabiles
954 2522 1152 2567 imagines
1171 2525 1210 2556 et
1236 2520 1465 2555 adorandas
1493 2525 1532 2555 et
1558 2520 1747 2555 colendas
1773 2531 1872 2564 esse,

383 2573 422 2604 et
447 2572 528 2604 tres
555 2570 813 2604 anathemate
839 2572 933 2604 sunt
959 2570 1097 2613 notati,
1125 2570 1193 2614 qui
1213 2568 1447 2614 Cpolitanae
1474 2568 1668 2603 ecclesiae
1690 2569 1873 2614 praefue-

382 2621 483 2660 rant,
508 2615 758 2661 Anastasius,
786 2616 1083 2661 Constantinus,
1109 2616 1269 2652 Nicetas
1291 2617 1501 2660 sanctique
1527 2615 1684 2650 concilii
1711 2616 1874 2651 decreta

325 2665 370 2700 14
383 2665 423 2698 in
450 2665 758 2699 commentarios
784 2668 878 2700 sunt
903 2664 1042 2699 relata.
1091 2663 1248 2699 Deinde
1275 2664 1343 2708 qui
1371 2663 1581 2698 concilium
1609 2663 1874 2705 celebrarant,

383 2713 423 2746 in
442 2712 583 2747 urbem
606 2713 760 2757 regiam
782 2712 951 2757 profecti
971 2711 1134 2747 decreta
1152 2713 1193 2746 in
1212 2712 1337 2756 regia,
1364 2712 1531 2756 regibus
1551 2711 1875 2755 praesidentibus

326 2760 370 2794 15
384 2762 507 2803 atque
531 2760 716 2794 omnibus
742 2759 1012 2803 audientibus,
1038 2760 1269 2803 recitarunt,
1297 2768 1402 2803 quae
1428 2759 1560 2793 statim
1587 2759 1638 2793 ab
1664 2759 1875 2804 imperato-

384 2806 495 2840 ribus
522 2807 748 2852 approbata
780 2810 820 2842 et
852 2807 1091 2852 subsignata
1124 2810 1228 2847 sunt,
1267 2810 1389 2852 atque
1418 2806 1474 2840 ita
1506 2816 1646 2841 sacrae
1678 2808 1875 2852 imagines

384 2854 541 2899 templis
567 2855 778 2890 restitutae
803 2857 843 2889 et
868 2854 1063 2890 ecclesiae
1088 2855 1306 2889 universae
1330 2854 1480 2888 unitae.

327 2902 371 2936 16
502 2901 708 2936 Hactenus
727 2902 778 2937 ab
794 2903 938 2948 regina
964 2903 1134 2947 eiusque
1148 2902 1414 2937 familiaribus
1440 2911 1611 2946 regnum
1626 2901 1874 2936 administra-

327 2949 370 2987 17
385 2951 469 2986 tum
505 2952 574 2985 est.
625 2948 811 2986 Ceterum
851 2960 923 2986 rex
959 2949 1246 2988 Constantinus
1285 2960 1413 2986 annos
1451 2950 1648 2997 pueritiae
1687 2960 1876 2996 egressus
