2054 3282
541 233 648 278 ZOE'.
698 239 910 279 IOANNIS
935 239 1192 279 SPADONIS
1216 240 1399 279 MORES.
1646 241 1717 279 587

222 361 485 415 θεραπαίνας
515 363 645 418 αὐτῆς
675 363 833 417 διαιρεῖ,
865 363 1008 418 ἑτέρας
1039 363 1077 405 δ’
1099 363 1205 419 αὐτῇ
1229 362 1339 418 πρὸς
1357 364 1588 418 θεραπείαν
1609 363 1717 405 ἀντι-

223 430 456 485 καθίστησι.
517 429 589 472 καὶ
632 430 697 472 ἐπὶ
739 431 899 478 τούτοις
940 430 1014 486 τὴν
1050 435 1336 486 γυναικωνῖτιν
1373 431 1480 487 αὐτῇ
1518 430 1716 485 ἇποφρά-
1733 436 1778 472 10

224 513 340 552 γνυσι
360 498 432 540 καὶ
452 498 648 553 φρουρὰν
667 500 904 554 περιίστησι,
936 499 1008 542 καὶ
1038 500 1178 542 οὐδενὶ
1197 501 1412 553 προσιέναι
1430 499 1557 554 ταύτῃ
1578 514 1717 553 παρα-

223 567 456 622 κεχώρητο,
500 567 539 609 εἷ
575 567 636 621 μὴ
680 566 753 609 τὸν
793 568 1019 622 προσιόντα
1061 569 1087 611 ό
1125 569 1402 624 φρούραρχος
1444 568 1719 623 κατεξήτασεν

187 638 211 675 5
225 635 328 677 ὅθεν
355 637 452 691 ἥκοι
483 636 554 678 καὶ
584 636 692 683 τίνος
724 636 924 691 δεόμενος
952 638 1246 692 παραγένοιτο·
1278 638 1422 680 ἐδεδίει
1443 637 1523 692 γὰρ
1545 637 1719 679 οἴκοθεν

225 704 338 759 ἔχων
372 708 446 746 τοῦ
485 704 608 751 δέους
642 704 716 751 τ’ἀς
746 705 960 759 ἀφορμάς.
1023 707 1080 752 εἷς
1110 709 1237 748 ταῦτα
1270 703 1308 748 δ’
1341 706 1563 760 ἕνάγεσθαι
1592 705 1719 747 πλέον
1734 711 1776 746 11

225 772 250 814 ὁ
271 771 445 827 Μχαὴλ
466 772 620 826 λέγεται
640 772 756 827 παρὰ
778 777 853 815 τοῦ
875 773 1082 828 συγγόνου
1114 774 1243 816 αὐτοῦ
1264 773 1464 816 Ἰωάννου
1495 777 1569 815 τοῦ
1601 774 1718 815 ἐκτο-
1733 778 1762 816 C

223 840 337 894 μίου.
399 839 452 895 ἦν
483 840 563 895 γὰρ
594 841 666 882 καὶ
698 841 831 888 δεινὸς
862 842 886 882 ὁ
917 842 1151 895 ἅνθρωπος
1189 842 1261 884 καὶ
1292 843 1542 897 δραστήριος
1571 841 1643 883 καὶ
1671 840 1719 883 τὸ
1735 846 1779 882 12

0 942 27 987 &⁷
224 907 336 963 ἦθος
377 909 709 964 ὑποκαθήμενος
750 909 822 951 καὶ
865 910 973 963 πρὸς
1016 910 1113 957 τοὺς
1152 911 1474 965 ἐντυγχάνοντας
1510 909 1719 951 ποικιλλό-

0 993 20 1010 »κ
167 982 213 1016 10
223 993 364 1031 μενος,
407 979 688 1032 περισπερχής
729 994 771 1019 τε
814 978 885 1019 καὶ
920 978 1029 1032 πρὸς
1065 979 1304 1033 φροντίδων
1342 979 1473 1033 ὄγκον
1503 978 1721 1032 ἀκάματος

0 1029 29 1089 ἓ
224 1045 296 1087 καὶ
339 1045 439 1087 οὐδὲ
483 1046 804 1100 γαστριζόμενος
841 1046 942 1088 οὐδὲ
980 1046 1076 1101 περὶ
1115 1046 1186 1089 τὸν
1217 1047 1401 1100 ἄκρατον
1430 1046 1721 1102 λιχνευόμενος

0 1094 20 1121 ιζ
227 1113 390 1169 (ἥττητο
421 1113 501 1168 γὰρ
534 1113 667 1167 οἴνου)
701 1119 773 1169 τῆς
802 1115 897 1168 περὶ
927 1114 1000 1161 τὰς
1032 1115 1237 1170 δημοσίας
1269 1115 1490 1170 διοικήσεις
1519 1114 1720 1169 καθυφίει

225 1182 423 1237 σπουδῆς.
495 1181 567 1223 καὶ
602 1182 651 1223 τὰ
694 1183 772 1237 μὲν
815 1181 891 1225 οὖν
932 1183 1026 1237 περὶ
1069 1183 1143 1238 τὴν
1184 1183 1424 1238 βασίλισσαν
1466 1183 1719 1238 ᾠκονόμητο
1737 1187 1779 1223 13

226 1251 397 1292 οὑτωσί·
442 1250 466 1292 ὁ
499 1250 545 1292 δὲ
578 1250 750 1306 ὒΙιχαὴλ
780 1255 852 1306 τῆς
882 1255 967 1293 τῶν
998 1255 1154 1293 κοινῶν
1183 1252 1446 1306 πραγμάτων
1478 1251 1721 1305 οἰκονομίας

167 1322 211 1359 15
225 1319 440 1374 ἀντείχετο.
502 1318 584 1360 εἶτα
616 1324 678 1373 τῷ
706 1320 785 1374 μὲν
821 1321 1091 1374 ἐκραταιοῦτο
1123 1321 1148 1374 ἡ
1180 1320 1317 1367 νόσος,
1360 1321 1413 1374 ἣν
1444 1319 1484 1360 οἱ
1513 1318 1591 1373 μὲν
1622 1318 1719 1360 ἒκά-
1736 1323 1780 1359 14

2 1439 21 1447 Η
225 1388 326 1430 λουν
358 1387 575 1443 δαιμόνιον
604 1389 765 1443 μήνιμα
799 1388 866 1429 διὰ
897 1387 971 1443 τὴν
1002 1389 1218 1442 ἐπιορκίαν
1254 1389 1471 1442 ἐνσκῆψαν
1502 1388 1619 1441 αὐτῷ
1649 1386 1721 1428 καὶ

0 1443 51 1501 {D
72 1460 125 1498 1v
144 1460 213 1497 138
226 1460 459 1512 συμπνῖγον
488 1455 560 1498 τὸν
591 1456 838 1510 ἄνθρωπον,
871 1457 933 1503 ὡς
962 1456 1089 1498 πάλαι
1122 1456 1172 1511 δὴ
1205 1456 1277 1498 τὸν
1297 1455 1457 1510 Σαούλ,
1491 1456 1531 1496 οἱ
1562 1455 1607 1497 δὲ
1637 1470 1719 1509 μα-
1736 1460 1928 1497 W111188

0 1554 38 1642 ἔ
225 1598 249 1634 8
272 1598 346 1638 οἷος
370 1598 414 1644 ἦν
439 1597 478 1634 τὸ
502 1597 593 1644 ἦθος
618 1599 639 1634 δ
662 1603 724 1634 τοῦ
748 1598 923 1645 βασιλέως
950 1598 1095 1645 (μιχαὴλ
1122 1598 1168 1643 Ε)
1194 1597 1349 1643 ἀδελφὸς
1373 1599 1394 1633 ό
1418 1598 1509 1642 (om.
1532 1596 1576 1639 C)
1599 1596 1720 1632 ’Ῑωάν-

1 1652 26 1671 ⁴³
224 1660 287 1692 νης
313 1645 377 1683 CE
474 1651 544 1692 φεῦ
571 1646 603 1682 Ε
701 1645 747 1682 15
771 1646 851 1691 περὶ
876 1651 938 1692 τῆς
962 1647 1068 1682 νόσου
1094 1651 1154 1682 τοῦ
1178 1645 1350 1692 βασιλέως
1375 1645 1524 1691 Μιχαήλ
1551 1644 1615 1681 CE

299 1777 316 1812 1
344 1777 560 1823 θεράπαινας
586 1777 683 1824 Ewp
779 1777 881 1824 αὐτῇ]
908 1776 996 1824 αὐτὴ
1014 1776 1050 1813 Α
1147 1777 1170 1812 2
1194 1778 1453 1823 γυναικωνίτην
1471 1776 1580 1822 Ewp,
1606 1790 1720 1821 γυναι-

295 1826 441 1861 κωνίτιν
466 1824 547 1870 AO,
575 1835 677 1861 corr.
700 1823 758 1861 Di
917 1825 1006 1871 αὐτῇ
1033 1836 1108 1861 om.
1135 1824 1224 1860 DE·
1375 1824 1398 1860 4
1421 1825 1659 1870 κατηξήτασεν
1685 1823 1720 1858 D

295 1873 319 1909 5
344 1871 440 1919 ἥκοι]
467 1874 548 1919 νίκη
576 1872 612 1907 D
709 1873 1046 1919 καὶ-παραγένοιτο
1073 1884 1148 1908 om.
1171 1871 1219 1915 A,
1245 1872 1338 1907 add.
1357 1872 1426 1907 Rw
1459 1870 1524 1916 Di,
1555 1882 1591 1907 v.
1608 1871 1720 1907 I'sell.

297 1919 466 1966 p.55‚29
562 1919 700 1965 ἐδεδίει]
727 1922 763 1955 οἱ
784 1920 823 1956 δὲ
848 1920 906 1956 διὰ
932 1921 1006 1962 (διὰ
1032 1921 1191 1966 punctis
1206 1922 1404 1961 not-atum)
1565 1920 1722 1954 οἴκωθεν

230 1984 233 1986 ·
297 1967 338 2010 Ο,
366 1979 467 2004 corr.
495 1967 555 2006 Cw
653 1968 675 2003 6
700 1969 794 2013 ἔχων
820 1979 896 2004 om.
923 1967 963 2011 C,
991 1968 1120 2014 suppl.
1147 1967 1208 2006 Cw
1306 1968 1329 2002 8
1353 1967 1413 2002 καὶ
1438 1970 1529 2012 post
1553 1966 1618 2012 γὰρ
1646 1977 1720 2001 om.

297 2015 394 2062 Ewp
491 2017 512 2051 ό
535 2016 730 2060 ἄνθρωπος
755 2015 900 2062 AEwp,
930 2016 1123 2060 ἅνθρωπος
1150 2015 1197 2059 Ι),
1224 2015 1245 2047 ό
1268 2014 1357 2060 ἀνὴρ
1383 2014 1417 2049 R
1528 2013 1572 2049 12
1597 2015 1722 2060 ἥττητο

296 2062 362 2108 γὰρ
388 2064 484 2098 οἴνου
510 2063 592 2103 AR,
631 2065 682 2098 ὅτι
715 2062 754 2098 δὲ
786 2064 910 2109 ἥττητο
939 2065 1036 2098 οἴνου
1062 2063 1111 2106 D,
1149 2062 1232 2098 οὐδὲ
1263 2062 1459 2108 ἡττώμενος
1491 2063 1576 2096 οἴνω
1609 2063 1721 2105 (οἴνου

298 2109 841 2195 ἴριρέἐιῗῑωέῧῦἰῗήζζηως
858 2109 1314 2204 ῗζςῗᾞῖἓῆἓιΠὲιῗῖ-Ξὰῗὲ
1341 2110 1392 2145 ὢν
1417 2110 1506 2196 οἴῖἒὲ
1529 2108 1721 2195 ῧῗῖιῗξὲἶέ

328 2185 336 2194 ι
469 2185 477 2194 ο
533 2185 542 2195 0
753 2185 761 2194 ο
1316 2176 1344 2195 W'

298 2205 470 2252 δημοσίας
615 2186 625 2202 ¹
685 2206 730 2241 13
755 2205 816 2242 καὶ
842 2173 917 2242 οῐῖι.
945 2173 1103 2252 Rrv'va’i
1214 2172 1235 2204 η
1258 2210 1316 2250 τῆς
1341 2204 1516 2250 βασιλείας
1543 2202 1583 2248 C,
1619 2170 1720 2240 gorr.

299 2253 361 2292 Cw
484 2253 528 2289 14
552 2258 687 2289 κοινῶν
713 2254 826 2290 exitu
852 2264 998 2290 versus
1025 2264 1099 2289 om.
1126 2252 1162 2288 D
1285 2253 1329 2288 17
1355 2253 1548 2297 συμπνίγον
1573 2249 1721 2297 Apr,

299 2311 400 2338 corr.
426 2299 484 2337 Di
601 2300 760 2348 σαμουὴλ
786 2300 822 2337 D

226 2429 394 2465 Haribus
435 2429 605 2475 aliisque
647 2429 885 2465 substitutis.
947 2428 1134 2474 Denique
1173 2427 1527 2473 gynaeconitidem
1571 2427 1721 2463 claudit
1736 2424 1782 2460 10

225 2477 491 2523 custodiaque
516 2477 697 2513 adhibita
723 2487 748 2512 a
773 2477 933 2512 nemine
960 2477 1142 2522 reginam
1174 2475 1275 2511 adiri
1310 2476 1472 2521 patitur,
1509 2475 1583 2510 nisi
1609 2475 1721 2510 satol-

227 2524 338 2560 litmn
358 2525 565 2571 praefecto
584 2525 850 2571 exposuisset,
876 2524 985 2560 unde
1003 2527 1043 2559 et
1062 2523 1158 2569 quid
1179 2523 1346 2558 veniret.
1388 2522 1487 2558 Nam
1513 2527 1552 2558 et
1578 2527 1721 2568 suopte

226 2572 412 2618 exemplo
428 2572 657 2608 terrebatur
675 2577 713 2608 et
733 2573 869 2608 fratris
888 2571 1051 2607 loannis
1070 2570 1261 2616 spadonis
1279 2570 1453 2616 impulsu
1473 2570 1720 2616 potissimum
1740 2568 1777 2603 11

227 2619 267 2655 id
294 2621 430 2656 facere
463 2619 695 2666 putabatur.
746 2620 822 2661 Qui
858 2618 985 2665 spado
1019 2623 1106 2654 erat
1139 2619 1256 2654 homo
1283 2623 1428 2653 acutus
1454 2624 1492 2653 et
1523 2627 1628 2661 acer,
1656 2616 1782 2653 ob·12

226 2677 345 2703 scuro
363 2668 541 2713 ingenio,
568 2668 706 2703 varius
725 2666 923 2702 adversus
943 2676 1023 2709 eoa,
1051 2666 1291 2711 quibuscum
1311 2665 1473 2710 agebat,
1500 2669 1721 2711 promptus,

226 2714 329 2750 mole
356 2724 544 2751 curarum
572 2718 652 2749 tam
680 2714 917 2757 indefessus,
945 2719 988 2749 ut
1012 2723 1144 2758 neque
1171 2714 1274 2748 inter
1293 2713 1433 2758 epulas
1459 2722 1592 2757 neque
1619 2712 1723 2747 inter

227 2761 447 2808 potandum
487 2763 598 2803 (vino
637 2762 742 2797 enim
785 2765 871 2797 erat
910 2761 1085 2805 deditus)
1128 2762 1343 2806 quicquam
1382 2759 1433 2795 de
1475 2759 1722 2805 reipublicae

225 2809 432 2856 gerendae
455 2809 589 2846 studio
616 2810 846 2845 remitteret.
896 2807 954 2844 Ac
982 2809 1148 2853 reginae
1180 2808 1242 2843 hic
1268 2811 1396 2843 status
1423 2808 1516 2852 suit3
1554 2805 1721 2842 Michaffl
1739 2805 1782 2841 13

226 2866 324 2892 vero
362 2857 633 2892 communium
674 2866 807 2892 rerum
845 2866 943 2891 curn
978 2859 1178 2901 suscepta,
1218 2865 1308 2890 cum
1345 2855 1507 2890 morbus
1542 2854 1630 2889 eius
1667 2854 1722 2889 in·
1739 2853 1780 2889 14

225 2910 497 2951 gravesceret,
534 2914 654 2951 quem
680 2904 747 2939 alii
777 2904 994 2939 vindictam
1021 2904 1197 2939 numinis
1224 2903 1400 2949 periurio
1428 2902 1572 2938 infensi
1604 2902 1722 2938 inter-
