2054 3282
0 225 21 262 *
215 232 481 274 cHosRoEs
498 231 715 273 REGNVM
733 229 1054 272 RECVPERAT.
1104 230 1220 270 EIVS
1239 228 1593 270 VATICINATIO.
1646 230 1714 269 189

214 357 319 401 κατὰ
351 357 448 404 τοὺς
479 358 655 413 ἀστέρας
684 358 890 412 κινήσεως
920 356 1148 397 κάντεῦθεν
1179 356 1389 410 αὖχοῢντα
1423 355 1640 409 γινώσκειν
1664 354 1712 395 τὰ

213 427 428 482 μέλλοντα,
473 426 603 481 φάναι
639 426 708 467 “ει’
738 425 798 480 μὴ
831 424 916 467 ὑπὸ
947 428 1032 467 τῶν
1061 423 1325 479 πραγμάτων
1357 423 1713 478 ἕτυραννούμεθα,

0 496 40 540 Ξ)
58 497 294 538 11129501'22
326 497 378 537 ἂν
409 495 664 550 ἕθάρσησας,
709 494 921 548 στρατηγέ,
965 493 1037 535 τὸν
1070 493 1205 548 μέγαν
1235 491 1405 546 βασιλέα
1437 491 1601 546 βάλλειν
1634 495 1716 537 τοῖς

215 565 478 619 σκώμμασιν.
541 563 601 604 ὅτι
641 562 686 603 ὁὲ
722 566 807 608 τοῖς
849 566 1031 616 παροῦσι
1072 563 1182 616 μέγα
1225 565 1407 615 φρονεῖς,
1451 561 1638 601 ἄκουσον
1680 560 1775 601 τί44

177 639 199 674 5
216 633 319 688 δῆτα
356 637 440 678 τοῖς
476 632 593 678 θεοῖς
629 632 671 677 ἒς
707 631 879 684 ὕστερον
909 631 1187 685 μεμελέτηται.
1249 629 1623 683 ἀντικαταρρεύσει,
1668 627 1714 670 εὖ

215 702 314 754 ἴσθι,
347 701 390 746 ἐς
419 700 516 746 τοὺς
532 699 768 754 Ῥωμαίους
798 700 910 753 ὑμᾶς
942 699 1066 741 δεινά.
1129 700 1260 747 ἕξεται
1292 698 1337 740 δὲ
1367 698 1414 740 τὸ
1438 697 1716 752 Βαβυλώνιον
1727 704 1775 739 45

215 769 350 824 φῦλον
385 773 458 823 τῆς
483 768 724 823 Ῥωμαϊκῆς
760 768 908 822 χώρας
945 767 1104 822 τριττὴν
1142 766 1461 821 κυκλοφορικὴν
1495 765 1714 821 ἑβδομάδα
1728 773 1760 809 Β

215 839 331 880 ἐτῶν.
391 837 495 892 μετὰ
529 836 574 878 ὃὲ
604 840 726 878 τοῦτο
756 837 992 891 πεμπταίαν
1013 836 1232 890 ἑβδομάδα
1256 836 1361 877 ἐτῶν
1377 835 1577 890 Ῥωμαῖοι
1598 834 1714 889 Πέρ-
1728 842 1775 878 46

216 922 293 954 σας
332 905 715 961 ὃσυλαγωγήσετε.”
774 906 936 947 τούτων
974 905 1019 947 δὲ
1058 905 1346 959 ὃιηνυσμένων
1382 904 1456 959 τὴν
1486 905 1716 958 ἀνέσπερον

157 981 202 1016 10
218 977 380 1032 ἡμέραν
410 975 641 1030 ἐνδημῆσαι
672 974 933 1029 ἀνθρώποις.
996 973 1099 1015 ἀλλὰ
1130 977 1257 1014 ταῦτα
1288 973 1367 1026 μὲν
1397 973 1535 1028 ταύτῃ.

331 1043 384 1086 Ὀ
416 1044 461 1085 δὲ
492 1043 770 1098 αὐτοκράτωρ
802 1042 1044 1097 Μαυρίκιος
1073 1042 1145 1084 τὸν
1177 1042 1268 1083 υἱὸν
1301 1041 1530 1083 Θεοδόσιον
1562 1041 1714 1096 ἀνηγό-
1728 1050 1775 1085 47

217 1129 338 1167 ρευσε
375 1112 547 1167 βασιλέα
584 1111 690 1153 κατὰ
721 1111 768 1153 τὸ
799 1111 941 1166 πάσχα
973 1111 1204 1165 στεφθέντα
1236 1110 1319 1151 ὑπὸ
1351 1114 1424 1152 τοῦ
1455 1110 1715 1164 πατριάρχου

211 1181 427 1223 Ἰωάννου.
489 1180 560 1222 καὶ
590 1179 662 1222 τὸν
698 1179 801 1222 ναὸν
836 1183 922 1222 τῶν
960 1180 1092 1234 ἁγίων
1134 1180 1442 1234 τεσσαράκοντα
1485 1179 1717 1234 μαρτύρων
1729 1188 1776 1223 48

217 1249 369 1308 πρῴην
400 1249 610 1304 ἀρχθέντα
646 1249 857 1298 κτίζεσθαι
892 1248 1009 1303 παρὰ
1049 1248 1255 1303 Τιβερίου,
1299 1248 1421 1302 ἀτελῆ
1453 1247 1498 1289 δὲ
1529 1247 1716 1289 καταλει-

164 1319 394 1373 1ἴ)φθέντα,
417 1317 543 1364 αὐτὸς
564 1318 870 1372 ἀνεπλήρωσεν.
910 1318 1076 1372 εἰρήνης
1098 1317 1144 1358 δὲ
1166 1317 1380 1371 γεγονυίας
1400 1316 1508 1371 πρὸς
1529 1315 1715 1371 Πέρσας,
1730 1327 1776 1362 49

218 1387 292 1434 τὰς
330 1387 526 1441 δυνάμεις
562 1387 607 1434 ἐξ
642 1386 754 1440 ἑῴας
785 1386 851 1428 ἐπὶ
881 1386 955 1440 τὴν
992 1384 1168 1440 Θρᾴκην
1209 1386 1435 1439 μετήνεγκε
1477 1385 1548 1426 καὶ
1591 1384 1718 1430 αὐτὸς

218 1516 241 1552 6
266 1517 462 1562 σημείωσαι
487 1516 587 1558 ξένον
612 1515 644 1551 Β
744 1516 786 1550 11
814 1517 862 1551 ὅτι
889 1515 947 1551 τὸν
971 1515 1048 1551 υἱὸν
1068 1516 1089 1550 ὁ
1104 1516 1307 1560 ΛΙαυρίκιος
1334 1517 1386 1557 (v.
1404 1515 1456 1550 ad
1475 1514 1566 1550 XIV
1587 1515 1642 1560 11,
1656 1514 1717 1557 20)

217 1565 346 1611 ἔστεψε
371 1565 530 1610 (ἔστεψεν
559 1563 614 1607 C).
639 1564 719 1609 περὶ
744 1569 804 1599 τοῦ
829 1569 916 1600 ναοῦ
942 1569 1013 1599 τῶν
1039 1564 1149 1609 ἁγίων
1174 1563 1433 1609 τεσσαράκοντα
1460 1563 1508 1608 (μ’
1535 1562 1578 1607 C)
1606 1562 1670 1599 ΟΕ

288 1685 311 1720 4
337 1684 551 1730 σκώμμασιν
576 1683 725 1730 Apr,
751 1684 939 1729 σκώμασιν
964 1683 1046 1728 DE,
1075 1695 1111 1719 v.
1138 1683 1191 1719 ad
1217 1694 1254 1730 p.
1283 1683 1361 1728 188,
1390 1683 1434 1718 16
1537 1683 1559 1719 6
1584 1683 1620 1722 ἐς
1645 1682 1717 1718 AR

289 1732 512 1778 Theophyl.
539 1731 683 1768 Simoc.
710 1743 748 1778 p.
774 1732 855 1777 234,
884 1732 940 1775 12,
965 1733 1014 1771 εἰς
1039 1730 1206 1778 EwpDi‚
1233 1742 1270 1767 v.
1299 1730 1351 1766 ad
1377 1730 1469 1766 XIV
1497 1731 1552 1776 12,
1581 1731 1626 1766 14

337 1784 432 1816 ante
458 1780 554 1818 δεινὰ
580 1780 672 1815 add.
699 1779 740 1815 τὰ
765 1779 868 1826 pr
965 1779 989 1815 8
1011 1779 1099 1825 μετὰ
1116 1779 1154 1815 δὲ
1172 1799 1214 1805 -
1234 1780 1323 1815 ἐτῶν
1342 1790 1417 1815 om.
1434 1778 1463 1815 C
1560 1784 1665 1814 ταῦτα
1685 1778 1716 1813 Β

335 1829 530 1873 πεμπταίαν
556 1827 703 1874 AEwp,
728 1830 905 1873 πεμπτέαν
929 1827 972 1872 Β,
998 1828 1158 1873 πέμπτην
1184 1827 1220 1862 D
1318 1827 1340 1862 9
1367 1827 1500 1862 τούτων
1519 1826 1558 1862 δὲ
1584 1827 1666 1862 des.
1685 1826 1716 1861 Β

290 1876 356 1912 fol.
381 1876 453 1911 360
585 1877 829 1921 ὂιηνυσμένων
854 1877 930 1911 inc.
956 1875 988 1910 B
1014 1876 1082 1911 fol·
1107 1876 1178 1911 354
1310 1875 1343 1910 9.
1374 1875 1418 1910 lO
1442 1875 1504 1920 τὴν
1529 1875 1718 1920 ἀνέσπερον

288 1925 422 1970 ἡμέραν
446 1924 641 1970 ἐνδημῆσαι
667 1924 875 1969 ἀνθρώποις
900 1923 946 1968 A,
985 1923 1047 1969 τὴν
1078 1924 1269 1968 ἀνέσπερον
1299 1923 1433 1969 ἡμέραν
1459 1924 1622 1968 ἐνδημεῖν
1648 1929 1718 1962 τοῖς

288 1972 493 2017 ἀνθρώποις
521 1971 742 2018 'Pheophyh
769 1972 912 2008 Simoc.
940 1983 976 2017 p.
1003 1971 1084 2016 234,
1102 1972 1157 2017 17,
1184 1971 1299 2008 Cedr.
1326 1971 1343 2006 1
1371 1982 1407 2017 p.
1434 1971 1516 2014 (396,
1533 1971 1587 2015 19,
1614 1971 1635 2016 ἡ
1661 1971 1717 2006 ἀν-

288 2021 434 2065 έσπερος
469 2021 584 2065 ἡμέρα
617 2020 805 2065 ἕνόημὴσει
844 2020 1048 2064 ἀνθρώποις
1081 2019 1124 2065 O,
1162 2020 1184 2066 ἡ
1209 2019 1396 2064 ἀνέσπερος
1429 2019 1635 2063 ἀνθρώποις
1666 2019 1717 2054 ε’ν-

289 2068 439 2114 δημήσει
464 2068 579 2113 ἡμέρα
604 2068 700 2113 Ewp
830 2068 875 2103 10
899 2067 986 2103 ἀλλὰ
1013 2078 1088 2103 om.
1116 2067 1148 2103 Ο
1272 2071 1362 2113 post
1386 2067 1451 2111 μὲν
1477 2066 1569 2102 add.
1596 2067 1659 2102 οὖν
1685 2066 1716 2101 O

290 2117 345 2151 11.
374 2115 418 2151 12
443 2115 657 2160 ἀνηγόρευσε
680 2116 823 2162 βασιλέα
849 2115 907 2150 τὸν
932 2115 1007 2151 υἱὸν
1031 2116 1217 2151 θεοδόσιον
1244 2114 1275 2150 O
1423 2115 1469 2150 14
1494 2115 1562 2150 ὑπὸ
1589 2115 1620 2150 O

292 2164 335 2199 15
359 2169 537 2209 γεγονυῖας
564 2163 660 2209 Ewp

217 2293 369 2340 peritus
396 2296 502 2329 esset
528 2295 652 2338 atque
671 2293 900 2328 futurarum
928 2302 1062 2328 rerum
1083 2293 1353 2339 praescientia
1378 2292 1635 2339 gloriaretur,
1662 2292 1718 2328 di-

216 2342 344 2377 xisse:
390 2340 498 2377 “Nisi
537 2341 709 2387 tempori
747 2340 1007 2376 serviendum
1046 2345 1162 2385 esset,
1201 2351 1282 2376 non
1309 2351 1433 2376 ausus
1460 2351 1579 2382 esseS,
1619 2340 1716 2384 dux,

216 2399 411 2436 magnum
437 2399 577 2435 regem
603 2389 755 2424 salibus
782 2389 995 2424 incessere.
1030 2388 1133 2430 Quia
1159 2399 1258 2424 vero
1286 2389 1407 2424 rebus
1435 2389 1716 2434 praesentibus
1729 2391 1776 2426 44

218 2437 435 2481 insolescis,
461 2437 569 2482 audi,
596 2437 693 2482 quid
714 2437 754 2471 in
774 2438 955 2472 futurum
972 2436 1025 2471 dii
1041 2437 1333 2472 constituerint.
1373 2436 1479 2472 Scito
1496 2447 1560 2471 res
1575 2436 1715 2471 adver-

218 2495 284 2520 sas
307 2485 359 2520 ad
379 2495 452 2520 vos
469 2484 672 2520 Romanos
691 2495 779 2520 esse
798 2484 998 2520 redituras
1018 2487 1056 2519 et
1075 2489 1239 2530 gentem
1258 2484 1546 2529 Babylonicum
1568 2484 1712 2530 triplici
1729 2488 1775 2523 45

218 2542 416 2568 annorum
432 2533 662 2578 septenario
678 2533 850 2568 circuitu
865 2531 1087 2567 Romanum
1103 2532 1301 2567 dicionem
1322 2533 1590 2567 obtenturmn.
1619 2531 1716 2567 Post
1729 2536 1776 2571 46

218 2581 314 2616 illud
341 2585 476 2617 autem
504 2591 577 2615 vos
602 2580 773 2616 Romani
812 2581 997 2625 quintum
1029 2580 1302 2626 septenarium
1343 2589 1542 2615 annorum
1571 2579 1716 2615 Persas

218 2630 414 2665 servitute
440 2628 667 2674 premetis.”
715 2627 769 2663 Iis
808 2629 982 2674 peractis
1021 2628 1126 2663 diem
1165 2628 1251 2663 sine
1291 2638 1460 2674 vespere
1488 2627 1716 2663 hominibus

219 2677 463 2712 illucescere.
491 2676 603 2712 Haec
629 2676 707 2712 ille.

338 2724 562 2770 Imperator
574 2728 710 2760 autem
725 2723 943 2759 Mauricius
959 2724 1082 2759 filium
1098 2724 1370 2760 Theodosium
1385 2723 1562 2769 appellat
1576 2733 1714 2770 regem
1729 2727 1775 2762 47

217 2782 392 2818 eumque
412 2771 642 2818 patriarcha
656 2771 830 2808 Ioannes
853 2772 893 2807 iu
920 2773 1113 2817 paschate
1128 2772 1357 2807 diademate
1384 2776 1511 2806 ornat.
1562 2771 1714 2807 Aedem
1730 2775 1776 2809 48

218 2820 492 2866 quadraginta
517 2823 739 2865 martyrum
763 2820 991 2855 incohatam
1017 2820 1170 2866 pridem
1198 2830 1222 2854 a
1241 2819 1403 2854 Tiberio
1431 2820 1603 2855 necdum
1631 2830 1716 2865 per-

220 2872 364 2904 fectam
393 2868 578 2905 absolvit.
628 2869 735 2904 Pace
761 2877 853 2903 cum
879 2867 1012 2903 Persis
1039 2869 1157 2912 facta,
1198 2868 1380 2913 legiones
1407 2878 1458 2903 ex
1486 2868 1650 2904 Oriente
1676 2869 1713 2903 in
1729 2871 1775 2907 45)

218 2916 431 2952 Thraciam
458 2917 666 2954 revocavit
693 2920 732 2952 et
758 2917 843 2963 ipse
857 2915 1083 2963 Byzantina
1110 2922 1218 2952 terra
1245 2926 1435 2961 egressus
1462 2916 1550 2951 loca
1577 2927 1601 2951 a
1628 2916 1714 2952 bar-
