2054 3282
355 207 424 246 206
743 206 924 247 zoNAR.
951 204 1083 246 EPIT.
1110 207 1200 244 XIV
1229 206 1283 253 15,
1313 205 1462 245 18-35.

354 331 462 378 λεως
482 331 554 372 καὶ
575 332 659 379 ἔξω
681 336 754 373 τοῦ
778 331 965 385 ΝΙακροῦ
992 331 1146 384 τείχους
1180 330 1371 384 ηὖλίσατο
1402 330 1504 384 μετὰ
1535 335 1608 386 τῆς
1637 332 1851 387 βασιλικῆς

354 399 616 446 πολυτελείας
646 400 717 441 καὶ
749 400 1010 453 δορυφορίας
1041 398 1113 439 καὶ
1143 399 1374 452 χρημάτων
1403 398 1584 447 πολλῶν,
1615 401 1642 440 ἃ
1673 405 1734 454 τῷ
1756 400 1850 442 Χα-

297 473 341 508 19
356 469 472 521 γάνῳ
511 469 632 522 δῶρα
671 468 871 522 ἐκόμιζεν.
935 467 959 507 ὁ
999 467 1043 507 δὲ
1081 467 1301 520 βάρβαρος
1339 467 1548 520 ἀλογήσας
1584 471 1669 509 τῶν
1706 469 1852 522 ὅρκων

294 542 396 577 2Οτε
438 536 508 577 καὶ
551 540 637 577 τῶν
681 536 911 589 συνθηκῶν
955 535 1129 588 ὥρμησε
1175 534 1246 575 τὸν
1292 535 1461 588 βασιλέα
1510 540 1686 590 συσχεῖν.
1749 537 1851 578 ἀλλὰ

166 610 341 647 Ρ1183Α
354 605 502 645 τούτου
533 604 611 658 μὲν
638 605 716 644 οὐκ
740 604 933 656 ἐπέτυχεν
968 603 1098 656 (ἔφθη
1123 602 1202 656 γὰρ
1226 602 1433 656 διαδράς),
1465 603 1539 657 τὴν
1564 605 1704 658 μέντοι
1734 606 1888 659 βασι-5

355 673 472 726 λικὴν
505 672 745 725 ἀποσκευὴν
776 671 846 712 καὶ
877 671 951 725 τὴν
984 671 1259 724 δορυφορίαν,
1305 671 1406 712 ἀλλὰ
1446 671 1531 726 μὴν
1567 672 1638 713 καὶ
1668 671 1716 712 τά
1748 674 1851 727 χρή-

353 756 465 794 ματα
509 740 580 782 καὶ
626 740 910 793 δορυαλώτων
953 739 1140 793 χιλιάδας
1182 738 1338 784 πολλὰς
1381 739 1487 780 κατὰ
1530 744 1669 781 πᾶσαν
1712 741 1854 783 ἄδειαν

295 816 338 851 21
355 809 539 863 εἰληφὼς
574 809 837 861 ὑπέστρεψεν.
902 807 1026 853 αὖθις
1058 806 1134 848 οὖν
1163 808 1186 848 ὁ
1204 807 1450 862 Ἡράκλειος
1480 809 1702 863 πρεσβείαν
1733 810 1853 851 ἔθετο

355 877 463 931 πρὸς
495 877 634 930 αὐτόν,
668 877 911 930 ἕπεγκαλῶν
933 877 1049 929 αὐτῷ
1082 876 1268 917 ἀπιστίαν
1287 874 1370 917 ’καὶ
1400 876 1507 930 πρὸς
1539 878 1706 932 εἰρήνην
1727 878 1854 920 αὐτὸν

295 954 340 988 22
355 945 653 999 ἐφελκόμενος·
686 945 710 986 ὁ
734 945 779 986 δὲ
801 945 1027 986 σπένδεται.
1090 945 1160 986 καὶ
1182 945 1206 986 ὁ
1231 945 1422 999 βασιλεὺς
1451 950 1523 1000 τῆς
1553 947 1854 1001 βασιλευούσης
1869 954 1913 988 10

355 1014 522 1067 ἀπάρας
542 1018 627 1055 τῶν
647 1014 813 1055 πόλεων
836 1014 1007 1068 ἀφίκετο
1030 1014 1085 1059 εἷς
1107 1013 1375 1068 Καισάρειαν,
1398 1015 1502 1056 ἔνθα
1525 1015 1596 1055 καὶ
1618 1016 1641 1056 ὁ
1664 1014 1852 1069 Κρίσπος

294 1091 340 1125 23
354 1082 406 1137 ἧν
449 1086 710 1136 στρατηγῶν·
758 1081 809 1123 οὗ
853 1086 1077 1128 νοσοῦντος
1114 1084 1139 1136 ἢ
1178 1086 1299 1123 τοῦτο
1339 1084 1707 1137 προσποιουμένου
1743 1085 1852 1138 πρὸς

170 1159 340 1196 WIIIGS
354 1150 480 1192 αὐτὸν
513 1144 634 1205 ἀπῄει
666 1151 690 1191 ὁ
722 1151 925 1205 βασιλεύς,
959 1151 1290 1205 ἐπισκεψόμενος
1315 1152 1385 1192 καὶ
1405 1152 1738 1206 βουλευσόμενος
1757 1154 1851 1208 περὶ

293 1228 340 1263 24
352 1223 438 1261 τῶν
468 1221 702 1274 πρακτέων.
765 1220 788 1260 ὁ
822 1219 867 1260 δὲ
899 1219 1025 1260 αὐτὸν
1057 1219 1276 1274 ὀλιγώρως
1308 1220 1482 1274 ἐδέχετο,
1525 1222 1630 1275 μήτε
1659 1237 1849 1276 προσυπ-

308 1292 492 1332 Βαντῶν
528 1289 632 1342 μήτε
670 1288 757 1343 μὴν
794 1293 865 1342 τῆς
902 1288 1042 1342 κλίνης
1074 1289 1389 1342 ἐξανιστάμενος
1424 1290 1504 1330 κᾶν
1547 1294 1634 1335 ταῖς
1676 1290 1910 1344 ὁμιλίαις15

293 1366 339 1401 25
353 1357 711 1411 ἀλαζονικώτερόν
754 1373 848 1402 πως
893 1357 1187 1410 διατιθέμενος.
1245 1357 1492 1410 (Ηράκλειος
1532 1358 1576 1399 δὲ
1614 1359 1737 1399 συνίει
1772 1359 1850 1412 μὲν

352 1426 398 1467 τὸ
431 1426 647 1480 γινόμενον
678 1426 749 1467 καὶ
779 1426 1181 1479 καταφροιόιῗηιιενος
1212 1427 1381 1480 ἤχθετο,
1414 1427 1654 1479 ὑπεκρίνετο
1687 1427 1732 1468 δὲ
1751 1425 1847 1482 μήτ’

353 1569 376 1602 8
401 1569 451 1602 ὅτι
477 1568 657 1603 ἐσπείσατο
682 1569 702 1602 ὁ
726 1569 890 1613 Χαγάνος
917 1567 979 1603 CE
1134 1568 1177 1602 1⁴2
1201 1568 1278 1613 περὶ
1306 1569 1474 1612 Κρίσπου7
1502 1569 1560 1603 καὶ
1587 1570 1682 1607 ὅπως
1708 1569 1846 1614 διετέθη

352 1615 441 1661 πρὸς
467 1615 524 1651 τὸν
545 1616 757 1660 Ἡράκλειον
784 1615 846 1652 CE

426 1747 455 1782 1.
471 1747 494 1782 2
511 1747 675 1792 ηὐλίσατο
694 1751 785 1793 post
803 1748 1020 1793 δορυφορίας
1039 1747 1070 1783 Ο
1149 1749 1181 1783 2.
1196 1748 1218 1782 3
1236 1748 1296 1782 καὶ
1313 1748 1477 1793 χρήματα
1495 1748 1534 1783 δὲ
1549 1748 1659 1784 πολλὰ
1676 1749 1736 1783 καὶ
1755 1751 1845 1791 (om.

427 1794 508 1838 CD)
535 1801 586 1840 τῷ
611 1796 757 1840 χαγάνῳ
783 1796 944 1840 ἐκόμιζεν
971 1795 1002 1831 O
1124 1795 1147 1830 4
1173 1802 1313 1840 συγχεῖν
1339 1795 1386 1840 D,
1414 1806 1514 1831 corr.
1542 1796 1610 1835 Dw
1731 1796 1753 1831 5
1779 1797 1845 1832 οὐκ

422 1843 586 1888 ἐπέτυχεν
612 1843 757 1889 AEwp,
785 1843 1024 1888 διημάρτηκεν
1052 1843 1082 1878 Ο
1247 1846 1336 1888 post
1362 1843 1426 1888 γὰρ
1454 1844 1544 1878 add.
1572 1845 1593 1878 ὁ
1615 1843 1846 1889 αὐτοκράτωρ

426 1890 523 1936 pr
621 1891 886 1935 διαδιδράσκων
905 1891 935 1926 E
1025 1891 1046 1926 6
1072 1891 1274 1936 ἀποσκευὴν
1291 1890 1337 1935 Α,
1364 1893 1500 1926 ἅπασαν
1517 1892 1719 1938 ἀποσκευὴν
1739 1894 1844 1938 Ewp‚

424 1938 624 1984 ἀποσκευὴν
642 1940 778 1973 ἅπασαν
797 1938 828 1974 Ο
920 1940 940 1975 7
967 1939 1192 1983 δοριαλώτων
1206 1937 1272 1983 Di,
1303 1950 1338 1974 V.
1358 1939 1409 1973 ad
1428 1939 1524 1974 XIII
1542 1940 1573 1984 8,
1589 1941 1611 1975 3
1699 1941 1721 1975 8
1746 1941 1845 1975 ἔθετο

422 1986 571 2032 Apr,
597 1987 755 2031 ἔπεμψεν
781 1986 816 2021 D
932 1987 977 2021 12
1002 1987 1123 2022 τούτου
1151 1986 1179 2022 C
1295 1987 1338 2022 13
1363 1990 1457 2022 ante
1482 1988 1542 2022 καὶ
1569 1988 1659 2022 add.
1687 2002 1721 2022 τε
1748 1988 1844 2033 pr

424 2034 470 2069 14
495 2039 729 2079 προυπαντῶν
753 2034 849 2080 Ewp
950 2035 993 2069 16
1018 2035 1239 2079 διακειζιιενος
1260 2035 1355 2080 Ewp
1453 2036 1570 2080 σι’νήει
1597 2035 1682 2081 w²³⁶p
1710 2037 1845 2071 invitis

422 2082 504 2127 AR,
524 2093 560 2117 V.
575 2082 645 2117 XV
661 2082 717 2126 29,
739 2083 783 2116 12
882 2083 1012 2127 lss-p.
1023 2083 1103 2127 207,
1122 2085 1151 2117 ].
1171 2084 1276 2117 συνίει
1293 2110 1300 2117 ,
1318 2110 1324 2117 .
1339 2082 1377 2116 τὸ
1394 2084 1573 2127 γινόμενον
1591 2083 1651 2118 καὶ
1668 2097 1845 2129 καταφρο-

422 2130 592 2175 νούμενος
609 2130 750 2175 ἤχθετο,
776 2131 979 2174 ὑπεκρίνετο
999 2130 1037 2165 δὲ
1056 2131 1137 2176 μήτ’
1165 2131 1341 2175 ἄχθεσθαι
1367 2130 1454 2176 κτλ.]
1487 2131 1545 2166 De
1575 2132 1632 2166 his
1660 2132 1845 2167 elliasmis

424 2189 460 2213 v.
489 2178 541 2213 ad
566 2178 662 2213 XIII
689 2178 720 2222 2,
749 2180 770 2213 6

353 2315 392 2347 et
419 2312 612 2347 comitatu
642 2315 774 2346 castra
802 2312 936 2357 posuit
962 2312 1178 2357 multisque
1206 2312 1439 2347 muneribus
1456 2311 1649 2356 chagano
1678 2312 1845 2347 offeren-

293 2359 338 2395 19
353 2359 424 2395 dis.
474 2358 527 2394 At
553 2359 753 2394 barbarus
779 2363 913 2404 spreto
940 2360 1203 2394 iureiurando
1244 2364 1282 2395 et
1312 2360 1476 2395 foedere
1503 2370 1641 2404 regem
1669 2370 1844 2405 eompre-

293 2408 340 2442 20
352 2407 530 2442 bendere
549 2407 712 2442 studuit.
764 2406 843 2443 Sed
866 2417 914 2442 eo
942 2411 1091 2442 conatu
1117 2409 1333 2442 frustratus
1359 2407 1466 2451 (nam
1493 2408 1570 2442 iani
1599 2409 1843 2452 aufugerat),

353 2455 510 2500 regium
538 2458 672 2490 tamen
699 2455 1008 2490 instrumentum
1035 2459 1075 2490 et
1101 2456 1344 2499 comitatum,
1377 2456 1587 2500 pecuniam
1617 2465 1778 2500 quoque
1805 2460 1845 2490 et

351 2503 477 2537 multa
505 2503 758 2548 captivorum
784 2503 893 2537 milia
933 2504 1059 2538 otiose
1098 2503 1263 2547 diripuit
1290 2503 1533 2547 domumque
1561 2507 1619 2537 est
1645 2513 1844 2538 reversus.

293 2550 337 2585 21
352 2549 564 2585 Heraclius
590 2551 715 2596 igitur
742 2550 876 2585 denuo
903 2550 1049 2596 legatis
1081 2550 1132 2585 ad
1170 2550 1279 2584 illum
1308 2551 1434 2585 missis
1473 2550 1522 2584 de
1564 2551 1650 2585 eius
1677 2551 1845 2595 perfidia

293 2597 338 2632 22
353 2598 614 2642 conqueritur
645 2608 870 2643 pacemque
896 2598 947 2632 ab
975 2608 1022 2633 eo
1049 2598 1184 2633 studet
1221 2599 1448 2643 impetrare.
1499 2598 1586 2639 Qua
1625 2599 1733 2633 faeta
1772 2608 1844 2633 rex

351 2645 467 2690 regia
482 2646 582 2681 urbe
598 2646 805 2691 digressus
820 2645 1071 2689 Caesaream,
1097 2645 1168 2680 ubi
1183 2644 1346 2691 Crispus
1374 2645 1456 2680 dux
1473 2645 1631 2690 agebat,
1661 2647 1845 2691 pervenit

292 2693 339 2728 23
352 2702 526 2737 eumque
552 2693 616 2729 vel
644 2697 923 2738 aegrotantem
957 2693 1022 2728 vel
1060 2693 1244 2728 morbum
1276 2693 1526 2728 simulantem
1556 2694 1756 2737 convenit,
1795 2693 1845 2728 de

292 2740 340 2775 24
352 2740 473 2774 rebus
492 2741 683 2785 gerendis
709 2751 799 2775 cum
827 2751 874 2776 eo
891 2741 1199 2776 deliberaturus.
1250 2740 1330 2776 Sed
1356 2741 1407 2776 ab
1435 2751 1482 2775 eo
1498 2741 1753 2785 negligenter
1779 2751 1845 2776 ex-

353 2787 516 2832 cipitur3
549 2799 641 2823 nam
669 2798 802 2833 neque
842 2788 1004 2824 obviam
1032 2798 1271 2834 progressus
1297 2791 1356 2823 est
1382 2798 1514 2832 neque
1542 2799 1562 2822 e
1590 2788 1734 2823 lectulo
1761 2799 1844 2823 sur-

292 2835 338 2870 25
352 2835 467 2879 rexit,
494 2836 535 2870 in
563 2836 770 2881 colloquiis
797 2836 918 2871 etiam
937 2836 1286 2881 arrogantioribus
1302 2836 1437 2871 verbis
1463 2846 1572 2871 usus.
1621 2835 1843 2879 Heraclius,

353 2883 425 2917 etsi
454 2883 550 2928 quid
577 2883 640 2918 ille
668 2886 810 2930 ageret
836 2883 1099 2930 intellegebat
1126 2886 1164 2918 ot
1191 2885 1251 2919 sui
1279 2886 1550 2930 eontmnptum
1578 2884 1717 2928 iniquo
1745 2884 1843 2919 fere-
