2054 3282
515 227 618 269 LEO
644 227 819 270 MINOR.
869 226 1014 269 ZENO.
1062 225 1373 269 BASILISCVS.
1626 228 1696 269 129

195 353 344 409 ὀρθῶς
376 354 648 409 διακείμενος.
711 359 784 409 τῆς
815 353 895 409 γὰρ
927 353 1147 409 Εὐτυχοῦς
1177 354 1249 396 καὶ
1271 354 1508 410 Διοσκόρου
1538 359 1735 410 μετεῖχεὸ

194 423 267 465 καὶ
305 421 428 470 οὗτος
466 424 679 478 αἱρέσεως,
723 423 839 478 παρὰ
879 427 952 478 τῆς
991 428 1172 479 γαμετῆς
1209 425 1267 470 εἷς
1301 424 1454 479 ταύτην
1490 424 1697 479 προβιβα-

195 492 324 546 σθείς,
357 492 428 533 καὶ
459 491 628 546 σφόδρα
660 492 734 538 τὰς
761 495 846 533 τῶν
869 492 1125 546 ὀρθοδόξων
1146 493 1367 548 ἐκκλησίας
1388 493 1595 547 ἐκάκωσε,
1628 493 1700 534 καὶ

194 560 269 615 τὴν
300 561 344 602 ἐν
374 560 622 615 Χαλκηδόνι
653 561 834 602 σύνοδον
872 567 1110 615 τυραννικῷ
1149 562 1360 616 γράμματι
1399 562 1562 615 ἄκυρον
1597 561 1700 603 εἶναι

159 629 422 672 ὅτεθέσπικε.
485 629 556 670 καὶ
586 629 658 670 τὸν
686 629 948 683 πατριάρχην
968 633 1041 684 τῆς
1062 630 1159 675 νέας
1175 629 1343 684 Ῥώμης
1359 629 1557 671 Ἀκάκιον
1577 633 1736 671 τοῦτοθ

195 698 467 753 ψηφίσασθαι
506 698 743 744 συνοδικῶς
780 698 980 752 ἐβιάζετο.
1043 697 1145 739 ἀλλὰ
1184 697 1231 739 τὸ
1263 698 1504 752 ὀρθόδοξον
1534 698 1701 752 πλῆθος
1715 704 1761 739 10

195 771 268 822 τῆς
309 766 476 812 πόλεως
519 765 723 807 συνελθὸν
766 767 823 812 εἰς
865 766 940 821 τὴν
977 766 1200 822 ἐκκλησίαν
1238 767 1309 808 καὶ
1345 766 1417 809 τὸν
1449 766 1701 808 Βασιλίσκον

197 835 487 890 ἐκακηγόρησε
508 835 579 876 καὶ
599 835 674 889 τὴν
695 835 740 876 ἐν
760 834 1006 890 Χαλκηδόνι
1038 835 1219 876 σύνοδον
1250 835 1370 888 ἁγίαν
1402 835 1581 877 ἐκάλεσε.
1632 835 1699 877 διὰ
1716 843 1756 878 11

196 907 324 946 ταῦτα
355 904 492 945 τοίνυν
519 904 543 945 ὁ
565 903 817 950 Βασιλίσκος
846 903 962 958 παρὰ
995 908 1068 945 τοῦ
1102 904 1242 959 δήμου
1275 904 1347 946 καὶ
1377 909 1450 959 τῆς
1482 904 1745 959 γερουσίαςΒ

137 978 183 1014 10
196 973 411 1028 μεμίσητο.

307 1040 503 1096 Ἔπεμψε
535 1040 580 1083 δὲ
611 1040 718 1082 κατὰ
741 1041 947 1096 Ζηνωνος
975 1040 1079 1096 μετὰ
1106 1041 1330 1096 δυνάμεως
1345 1041 1477 1083 ’Ἰλλον
1498 1041 1569 1083 καὶ
1594 1041 1699 1096 Τρο-
1716 1049 1760 1085 12

197 1109 398 1152 κοῢνδον
427 1111 471 1151 οἲ
487 1109 732 1156 ἐπελθόντες
754 1109 1031 1165 ἐπολιόρκουν
1053 1110 1193 1151 αὐτόν.
1257 1110 1316 1151 ὅτι
1339 1110 1385 1151 δὲ
1405 1110 1538 1152 πολλὰ
1561 1111 1701 1156 αὐτοῖς
1716 1119 1760 1154 13

41 1183 184 1220 111256
198 1179 223 1220 ὖ
255 1178 505 1225 Βασιλίσκος
536 1179 883 1233 ἐπαγγειλάμενος
915 1179 994 1220 οὐκ
1027 1179 1216 1225 ἐπιτελεῖς
1246 1178 1319 1225 τὰς
1349 1179 1594 1233 ὑποσχέσεις
1626 1195 1699 1220 πε-

22 1246 30 1250 ’
197 1248 359 1302 ποίητο,
403 1247 474 1288 καὶ
511 1263 536 1302 η
576 1247 806 1302 σύγκλητος
845 1247 891 1289 δὲ
929 1248 1170 1302 βαρυνομει
1172 1263 1197 1302 η
1235 1246 1308 1288 τὸν
1342 1247 1595 1289 Βασιλίσκον
1633 1247 1700 1288 διὰ

139 1322 184 1357 15
199 1316 273 1371 τὴν
315 1317 467 1358 κακίαν
510 1317 639 1357 αὐτοῦ
683 1317 844 1370 ἔγραψε
887 1321 972 1362 τοῖς
1015 1317 1247 1371 ειρημένοις
1292 1315 1467 1370 ἀνδρασι
1510 1316 1559 1357 τὰ
1598 1316 1700 1370 παρ’

201 1385 360 1426 ἐκείνου
393 1385 606 1439 δρώμενα,
650 1386 908 1439 προσέθεντο
939 1390 1001 1439 τῷ
1034 1384 1215 1439 Ζήνωνι,
1259 1384 1330 1426 καὶ
1370 1384 1458 1426 ἀντὶ
1487 1385 1703 1439 πολεμίων

200 1453 311 1508 φίλοι
342 1453 460 1507 αὐτῷ
492 1453 683 1507 γεγόνασι
714 1453 784 1494 καὶ
821 1454 1049 1507 συνέριθοι·
1089 1453 1160 1494 καὶ
1190 1453 1387 1508 λαβόντες
1418 1453 1546 1496 αὐτὸν
1577 1453 1701 1494 ἐπαν-

18 1335 47 1380 ’ᾖξ’

198 1607 245 1691 ²191
271 1609 321 1643 ὅτι
341 1608 385 1692 δι’
405 1606 502 1653 παρὰ
527 1607 746 1643 Βασιλίσκου
770 1608 994 1654 πεμφθέντες
1021 1607 1111 1643 κατὰ
1136 1613 1197 1643 τοῦ
1224 1607 1392 1653 Ζήνωνος
1419 1607 1515 1652 αὐτῷ
1540 1607 1703 1653 προσετέ-

227 1669 316 1701 ησαν

271 1799 296 1834 4
319 1800 512 1846 χαλκηδόνι
539 1799 659 1842 ARw‚
685 1800 879 1846 καλχηδόνι
907 1799 950 1842 Β,
976 1800 1078 1846 Χαλχ
1082 1801 1181 1845 ηδόνι
1210 1799 1268 1846 p*‚
1296 1811 1333 1836 V.
1360 1799 1452 1836 XIV
1477 1800 1510 1843 2,
1527 1800 1582 1836 10.
1609 1800 1642 1846 3,
1668 1801 1702 1835 8.

275 1848 330 1883 18.
356 1847 390 1890 5,
417 1849 438 1884 7
595 1847 618 1883 5
642 1847 841 1893 τεθὲσπικε]
868 1849 1099 1884 κατεθέσπισε
1126 1848 1157 1883 Ε
1317 1849 1338 1884 ’ἶ
1365 1847 1550 1883 συνελθὼν
1578 1849 1608 1883 Ε

276 1896 299 1931 8
323 1896 518 1941 χαλκηδόνι
545 1894 681 1941 Apr
713 1897 764 1937 (v.
792 1906 850 1931 vs.
876 1896 914 1938 4)
1060 1897 1082 1930 9
1109 1899 1199 1942 post
1223 1897 1318 1941 παρά
1345 1896 1437 1932 add.
1463 1910 1499 1930 τε
1525 1895 1623 1957 pr

278 1944 319 1978 11
346 1944 485 1989 ἔπεμψε
510 1943 549 1978 δὲ
574 1943 663 1979 κατὰ
691 1943 810 1989 ζήνων
811 1958 849 1983 ος
876 1943 882 1987 1
908 1943 995 1989 μετὰ
1021 1944 1204 1989 διηάμεως
1231 1910 1293 1989 A?
1310 1945 1330 1978 ὁ
1355 1943 1395 1978 δὲ
1419 1943 1508 1979 κατὰ
1535 1945 1586 1989 ζη
1592 1958 1705 1983 νωνος

274 1991 490 2032 ἐξαπέστειλε
513 1991 601 2036 μετὰ
629 1991 827 2037 ἀξιομάχου
854 1992 1040 2037 δυνάμεως
1070 1992 1112 2036 Ε,
1155 1993 1176 2026 ὁ
1199 1991 1238 2026 δὲ
1267 1991 1357 2027 κατὰ
1383 1992 1540 2037 ζήνωνος
1566 1993 1705 2038 ἔπεμψε

275 2039 340 2074 σὺν
365 2039 555 2084 δυνάμεσιν
585 2038 682 2086 pr
792 2040 853 2075 καὶ
878 2041 1092 2084 τροκοῦνόον
1117 2038 1189 2074 AR
1215 2040 1251 2082 (“
1261 2041 1316 2075 ita
1337 2039 1442 2075 mSS.’
1446 2039 1470 2075 ’τ
1497 2040 1602 2084 Duc)
1629 2051 1704 2086 wp,

275 2087 517 2132 ἀτροκοῦνδον
542 2087 590 2131 D,
617 2098 654 2122 v.
681 2087 862 2133 Theoph.
890 2088 905 2122 I
937 2099 973 2134 p.
1003 2088 1082 2130 120,
1100 2088 1147 2123 30
1159 2098 1210 2123 SS.
1310 2088 1354 2123 12
1379 2088 1589 2127 ἀπελθόντες
1607 2088 1704 2134 pr

277 2135 323 2169 13
348 2139 444 2170 ante
470 2135 537 2170 οὐκ
563 2135 655 2170 add.
682 2135 742 2170 καὶ
768 2135 804 2170 D
904 2135 949 2170 14
973 2136 1197 2181 βαρυνομένη
1226 2147 1305 2169 me*
1331 2135 1390 2171 τόν
1416 2135 1445 2172 C
1545 2136 1589 2171 15
1614 2137 1705 2182 εἶρη-
1761 2135 1773 2144 “

273 2183 392 2227 μένοις
418 2193 493 2218 om.
521 2181 550 2218 C

206 2346 340 2382 neque
366 2339 517 2372 rectam
547 2335 784 2382 religionem
813 2336 1070 2381 sequebatur.
1122 2336 1221 2372 Nam
1256 2336 1308 2372 ad
1337 2339 1486 2372 sectam
1514 2337 1744 2383 Eutychisss

208 2387 248 2420 et
273 2383 458 2419 Dioscori
485 2384 537 2419 ab
563 2394 693 2419 uxore
719 2384 915 2429 impulsus
942 2387 981 2419 et
1013 2385 1331 2420 orthodoxorum
1363 2385 1554 2420 ecclesias
1585 2387 1709 2422 maxi-

207 2433 280 2468 mis
306 2432 420 2467 malis
446 2432 580 2467 affecit
606 2436 645 2467 ct
672 2432 885 2467 concilium
900 2431 1213 2468 Clialcodoniunl
1237 2432 1368 2467 edicto
1388 2434 1602 2477 tyrannico
1624 2434 1708 2469 irri-

208 2483 291 2515 tum
325 2490 413 2515 esse
446 2480 560 2515 iussit
590 2483 629 2514 et
656 2480 926 2525 patriarcham
953 2490 1087 2515 novae
1115 2479 1266 2515 Romae
1293 2479 1486 2516 Acacium
1514 2481 1591 2516 hoc
1617 2483 1743 2518 con-9

209 2527 286 2562 cilii
315 2527 477 2563 decreto
511 2527 756 2563 constituere
790 2528 975 2573 cogebat.
1026 2527 1105 2563 Sed
1139 2528 1457 2563 orthodoxorum
1491 2529 1707 2565 multitudo
1722 2531 1768 2566 10

207 2575 367 2611 urbana
400 2585 621 2621 congressa
654 2575 693 2610 in
728 2575 937 2610 ecclesiam
963 2579 1001 2611 et
1028 2575 1220 2611 Basilisco
1247 2575 1456 2611 maledixit
1483 2581 1522 2612 et
1549 2575 1709 2612 Chalce-

209 2622 375 2659 (lonium
414 2623 624 2658 concilium
666 2623 890 2658 nominavit
928 2627 1124 2658 sanctum.
1181 2623 1454 2665 Quamobrem
1491 2623 1766 2661 Basiliscusll

208 2671 359 2717 populo
386 2677 426 2706 et
452 2671 611 2706 senatui
638 2670 730 2706 odio
758 2675 856 2706 erat.

328 2718 479 2755 Contra
505 2717 707 2753 Zenonem
739 2718 845 2753 misit
877 2729 967 2754 cum
1001 2719 1182 2755 exercitu
1215 2718 1329 2754 Illum
1363 2723 1402 2754 et
1428 2718 1769 2766 Trocundum31‘2

209 2775 327 2812 quem
362 2766 546 2812 aggressi
583 2776 672 2800 cum
709 2766 941 2802 obsiderent
976 2777 1051 2802 nec
1083 2766 1311 2811 Basiliscus,
1351 2777 1456 2812 quae
1490 2768 1616 2803 multa
1651 2770 1709 2804 eis
1725 2770 1768 2804 13

211 2814 409 2860 pollicitus
442 2817 540 2857 erat,
580 2817 803 2859 praestaret
837 2819 877 2849 ot
909 2818 1074 2850 senatus
1102 2814 1294 2850 Basilisco
1328 2815 1379 2849 ol)
1406 2816 1625 2861 nequitiam
1654 2818 1710 2851 in-

210 2864 336 2898 festus
362 2862 448 2897 cius
475 2861 658 2896 facinora
686 2861 736 2895 ad
766 2862 873 2896 viros
901 2863 989 2898 illos
1015 2863 1252 2908 scripsisset,
1279 2863 1330 2898 ad
1351 2862 1551 2899 Zenonem
1573 2874 1616 2899 se
1642 2865 1709 2899 ad-

210 2910 431 2945 iunxorunt
466 2912 504 2944 et
536 2918 586 2944 ex
621 2908 802 2944 hostibus
839 2911 928 2945 sacti
964 2910 1081 2947 amici
1115 2913 1155 2946 et
1181 2911 1278 2945 socii
1305 2920 1388 2946 una
1416 2921 1504 2946 cnm
1534 2923 1581 2946 oo
1610 2912 1708 2947 rodi-

282 2982 438 3009 Zonurae
459 2980 611 3015 Epitome
633 2979 692 3008 111.
1471 2972 1493 3006 9
