2054 3282
333 231 403 268 646
683 231 864 269 ZONAR.
892 231 1022 267 EPlT.
1048 231 1159 268 XVII
1185 231 1242 276 27,
1270 230 1419 276 10-28,
1445 231 1478 267 2.

334 354 636 409 αὐτοκράτορα,
669 354 740 395 καὶ
771 353 910 408 ἐπῄνει
940 353 1036 399 τοὺς
1067 353 1226 407 ἄνδρας
1256 357 1328 408 τῆς
1360 353 1591 399 διαθέσεως
1622 353 1693 395 καὶ
1717 369 1825 407 γνω-

277 422 444 476 11ρίσαι
473 427 535 476 τῷ
565 421 727 476 βασιλεῖ
753 422 901 466 εὔνους
933 421 1050 474 αὐτῷ
1079 421 1292 475 τυγχάνειν
1325 421 1545 475 διώμνυτο.
1608 421 1632 462 ὁ
1652 421 1730 475 μὲν
1752 420 1828 463 οὗν

335 490 447 532 οὕτω
478 490 617 545 μετῄει
647 488 744 535 τοὺς
774 489 979 538 πλείονας,
1012 488 1083 530 καὶ
1112 490 1151 530 οἱ
1172 489 1318 543 ἐκείνῳ
1341 490 1675 543 συνομοσάμενοι
1696 490 1827 544 ῥᾷστα

278 563 322 598 12
334 558 380 600 τὸ
411 559 625 613 βούλευμα
658 559 794 611 ᾤοντο
827 558 1019 611 γενέσθαι
1051 557 1263 612 ἀνύσιμον.
1325 558 1376 599 οὗ
1397 557 1531 611 μόνον
1553 557 1632 611 γὰρ
1664 559 1689 612 ἡ
1721 556 1829 611 πρὸς

335 626 406 668 τὸν
426 626 641 681 βασιλικὸν
662 626 934 667 κοιτωνίσκον
955 626 1145 679 πάροδος
1167 626 1313 680 ἐκείνῳ
1336 627 1478 672 ἄνετος
1499 625 1562 680 ἦν,
1588 627 1668 668 κᾶν
1689 627 1829 681 ἔτυχεν
1842 630 1864 666 5

335 695 564 736 ὑπνώττων
596 694 620 735 ὁ
651 693 842 749 βασιλεὺς
873 695 953 735 κᾶν
983 699 1033 749 τῇ
1063 694 1240 748 βασιλίδι
1272 694 1473 742 συνίαυεν,
1518 694 1620 735 ἀλλὰ
1657 694 1728 735 καὶ
1757 693 2042 740 zd9D1V178

277 768 322 804 13
334 766 420 804 τῶν
451 763 707 817 ἀπορρήτων
738 763 916 804 εἰσόδων
947 763 1056 809 κλεῖς
1088 763 1394 817 ἕμπεπίστευτο.
1455 763 1526 804 καὶ
1557 763 1671 817 ἤχθη
1699 764 1751 804 ἂν
1772 763 1829 809 εἷς

337 832 460 885 ἔργον
498 830 544 872 τὸ
585 831 835 886 διαβούλιον,
880 833 917 873 εἰ
949 832 1008 886 μή
1049 848 1106 877 τις
1146 832 1262 885 αὐτῷ
1292 836 1352 885 τῷ
1383 832 1544 885 βασιλεῖ
1569 832 1828 886 κατεμήνυσε

279 906 322 940 14
336 903 421 941 τῶν
441 901 791 955 κοινωνησάντων
812 904 885 942 τοῦ
915 901 1165 954 σκέμματος.
1227 900 1317 954 ἥλω
1338 900 1475 941 τοίνυν
1496 901 1559 941 ἐπ’
1583 900 1828 955 αὐτοφώρῳ

121 972 321 1009 P11260A
336 968 407 1010 καὶ
427 968 473 1010 τὸ
496 970 617 1023 ξίφος
639 968 740 1010 αὐτὸ
772 969 963 1023 κατέχων
995 967 1033 1023 ᾧ
1063 968 1134 1010 τὸν
1166 969 1455 1022 αὐτοκράτορα
1488 969 1653 1023 ἔμελλεν
1683 969 1828 1010 αὐτίκα
1849 974 1890 1008 10

279 1042 323 1078 15
339 1037 678 1092 διαχειρίσασθαι.
741 1035 827 1078 ἀλλ’
862 1038 886 1078 ὁ
916 1037 995 1091 μὲν
1027 1036 1093 1078 διὰ
1125 1036 1173 1078 τὸ
1210 1041 1283 1078 τοῦ
1321 1041 1574 1091 κρατοῦντος
1611 1038 1832 1092 ἀβέλτερον

338 1106 462 1148 οὐδὲν
492 1107 646 1161 ὑπέστη
686 1105 870 1160 ἀνιαρόν,
917 1107 956 1146 οἱ
988 1106 1033 1147 δὲ
1063 1110 1135 1161 τῆς
1167 1106 1390 1161 ἐπιβουλῆς
1421 1106 1567 1160 ἐκείνῳ
1599 1106 1833 1161 συνίστορες

339 1176 419 1217 οὐκ
451 1176 617 1229 ἔμειναν
649 1175 914 1229 ἄτιμώρητοι.

280 1249 325 1284 16
464 1242 599 1290 Οὗτος
621 1243 644 1285 ὁ
665 1243 857 1298 βασιλεὺς
878 1243 1093 1298 φιλότιμος
1123 1243 1261 1285 δοκεῖν
1293 1244 1454 1285 ἐθέλων
1484 1242 1555 1285 καὶ
1586 1243 1833 1298 ἐλευθέριος,

337 1312 397 1367 μὴ
429 1311 583 1367 μετιὼν
616 1312 661 1354 δὲ
692 1311 765 1367 τὴν
797 1311 947 1367 ἀρετὴν
985 1313 1046 1358 ὡς
1087 1313 1224 1367 ἐχρῆν,
1270 1313 1326 1358 εἷς
1362 1313 1515 1354 κακίαν
1550 1311 1702 1367 ταύτην
1737 1327 1832 1367 μετ·
1849 1319 1894 1355 15

280 1387 325 1422 17
340 1382 524 1436 ήνεγκεν.
587 1381 675 1422 ἀντὶ
704 1380 783 1435 γὰρ
814 1381 1171 1435 μεγαλοπρεπείας
1202 1382 1258 1427 εἰς
1290 1381 1471 1423 ἀσωτίαν
1501 1381 1833 1435 μετακεκύλιστο,

340 1451 434 1491 οὔτε
472 1450 533 1496 οἷς
572 1449 654 1491 ἔδει
684 1450 886 1504 παρέχων
916 1449 964 1490 τὰ
999 1450 1178 1504 δημόσια
1210 1452 1404 1505 χρήματα
1437 1451 1531 1492 οὔτε
1563 1450 1721 1504 ὅσαπερ
1753 1450 1835 1492 ἔδει

282 1524 326 1559 18
341 1516 437 1561 οὔθ’
472 1518 539 1560 ὅτε
569 1519 719 1573 χρεών.
782 1518 852 1560 καὶ
889 1518 963 1573 τὴν
998 1518 1135 1573 μονὴν
1166 1519 1239 1574 τὴν
1270 1522 1354 1561 τῶν
1385 1518 1634 1574 ΝΙαγγάνων
1666 1519 1833 1560 οἰκοδο-

341 1658 386 1693 14
423 1658 473 1693 ὅτι
505 1657 548 1693 οὐ
579 1656 669 1693 κατὰ
698 1657 801 1703 λόγον
831 1657 1030 1693 ἀναλίσκων
1061 1657 1102 1694 τὰ
1135 1658 1329 1699 (κατέλιπεν
1353 1657 1582 1693 ἀναλίσκοντα
1608 1658 1652 1700 Ε)
1683 1658 1835 1703 δημόσια

339 1705 501 1752 χρήματα
527 1706 576 1745 εἰς
602 1706 735 1751 πόρους
760 1705 899 1740 ἀπεῖδεν
926 1706 1017 1750 (0111.
1044 1706 1088 1749 Ε)
1115 1706 1182 1741 οὐκ
1209 1706 1341 1751 εὐαγεῖς
1367 1707 1387 1741 ὁ
1411 1706 1630 1751 ΙΙΙονομάχος
1655 1704 1717 1742 CE

413 1834 432 1869 1
460 1839 627 1879 γνωρῖσαι
655 1834 741 1878 (sic)
767 1833 813 1877 A,
840 1844 877 1869 v.
906 1834 958 1869 ad
984 1834 1095 1870 XVII
1121 1834 1179 1878 28,
1208 1835 1261 1870 16.
1288 1834 1419 1870 XVIII
1447 1834 1477 1878 1,
1505 1834 1527 1869 8
1629 1834 1652 1868 3
1677 1846 1836 1878 συνωμο-

412 1882 554 1927 σάμενοι
582 1881 613 1918 Ο
724 1881 748 1916 4
772 1881 807 1926 ἦ]
837 1883 874 1916 οἱ
895 1881 931 1915 D
1037 1882 1059 1917 5
1084 1883 1214 1921 ἄνετως
1243 1881 1291 1928 p²³⁴
1401 1882 1423 1917 6
1449 1885 1540 1927 post
1563 1882 1631 1916 κᾶν
1657 1881 1749 1917 add.
1774 1882 1835 1917 καὶ

412 1930 547 1975 DEwp
657 1930 680 1965 8
705 1929 800 1964 αὐτῶ
825 1928 942 1973 ACD,
969 1929 1052 1965 αὐτὸ
1080 1930 1113 1964 R
1138 1929 1183 1974 (E
1210 1940 1311 1965 corr.
1339 1940 1389 1965 ex
1416 1929 1526 1973 αὐτῶ)
1555 1927 1676 1974 wpDi
1785 1935 1835 1974 τῷ

414 1988 489 2013 0111.
509 1977 538 2014 C
636 1978 658 2013 9
685 1977 874 2022 αὖτοφόρῳ
901 1977 948 2022 ρ*
1046 1977 1091 2012 12
1117 1978 1156 2012 δέ
1180 1992 1239 2023 της
1259 1977 1293 2012 D
1385 1977 1429 2012 14
1454 1977 1514 2012 καὶ
1541 1987 1616 2012 om.
1638 1976 1677 2021 C,
1704 1977 1834 2022 suppl.

414 2024 475 2063 Cw
597 2025 642 2061 15
669 2028 758 2070 post
784 2024 823 2059 δὲ
849 2024 940 2059 add.
967 2024 1030 2060 σὺν
1056 2025 1226 2070 ἐπιστήμη
1254 2024 1412 2070 BC(Wp)
1536 2024 1580 2059 16
1605 2024 1670 2069 γὰρ
1697 2035 1771 2060 om.
1798 2024 1834 2059 D

461 2073 631 2109 domzelar
657 2072 727 2108 DE
862 2073 906 2108 17
932 2074 996 2108 ὅσα
1020 2073 1162 2119 παρέδει
1190 2073 1220 2108 Ε
1357 2074 1402 2108 18
1429 2075 1518 2119 post
1542 2071 1656 2118 μονὴν
1682 2072 1773 2108 add.
1799 2071 1837 2108 δὲ

413 2120 572 2167 prDi

286 2239 328 2275 11
345 2251 433 2277 esse
458 2241 758 2287 patefacturum
783 2241 956 2276 iurabat.
1008 2238 1106 2275 Cum
1134 2242 1268 2275 aute-m
1295 2240 1353 2274 sic
1388 2240 1601 2285 plerosque
1633 2242 1836 2283 tractaret,

286 2287 331 2323 12
345 2289 432 2325 eius
467 2289 667 2324 coniurati
700 2299 785 2324 rem
818 2288 1007 2323 facillime
1032 2297 1151 2333 posse
1186 2287 1327 2322 confici
1362 2288 1645 2332 opinabantur.
1695 2287 1837 2332 Neque

345 2337 451 2372 enim
476 2337 518 2371 in
543 2337 703 2382 regium
730 2339 888 2371 tantum
921 2335 1163 2379 cubiculum,
1201 2335 1287 2380 ipso
1315 2335 1538 2370 dormiente
1564 2338 1635 2369 aut
1662 2344 1753 2369 cum
1778 2345 1837 2370 re-

345 2385 444 2430 gina
471 2384 658 2428 cubante,
682 2384 835 2420 homini
861 2383 1027 2429 patebat
1045 2382 1190 2426 aditus,
1216 2382 1288 2418 sed
1315 2387 1353 2418 et
1380 2383 1627 2417 occultorum
1653 2382 1836 2417 adituum

287 2429 332 2464 13
346 2432 481 2467 claves
514 2431 692 2467 creditae
724 2434 849 2466 erant.
901 2431 1035 2472 Quare
1064 2430 1225 2465 omnino
1253 2440 1301 2465 ea
1336 2440 1441 2474 quae
1467 2430 1593 2465 voluit
1620 2432 1837 2465 exsecutus

286 2476 331 2512 14
345 2480 496 2523 fuisset,
529 2480 605 2514 nisi
620 2486 656 2514 ‘a
682 2478 857 2524 quodam
884 2488 935 2514 ex
962 2478 1133 2514 consciis
1158 2478 1234 2522 ipsi
1260 2479 1348 2523 regi
1375 2477 1530 2513 delatus
1556 2478 1597 2512 in
1623 2477 1835 2512 manifesto

345 2527 496 2563 scelere
515 2527 790 2573 deprehensus
810 2530 924 2570 esset,
950 2526 1131 2571 gladium
1149 2525 1280 2570 ipsum
1307 2525 1439 2560 adhuc
1465 2528 1634 2567 tentans,
1663 2534 1742 2569 quo
1769 2525 1836 2559 im-

287 2572 331 2608 15
345 2577 574 2620 peratorem
601 2575 733 2609 statim
760 2584 1028 2620 percussurus
1047 2575 1144 2609 erat.
1195 2571 1380 2607 Ceterum
1399 2573 1485 2617 ipse
1511 2573 1561 2607 ob
1580 2573 1688 2617 regis
1713 2572 1836 2606 stulti-

345 2623 442 2658 tiam
480 2632 634 2668 poenas
671 2632 754 2658 non
793 2621 913 2666 dedit,
956 2621 1194 2656 insidiarum
1234 2621 1403 2655 consciis
1440 2623 1597 2655 tantum
1639 2619 1835 2665 supplicio

345 2669 511 2705 affectis.

287 2716 333 2751 16
465 2717 542 2752 Hic
571 2727 646 2753 rex
681 2727 772 2752 cum
806 2727 850 2753 se
882 2717 1105 2762 benignum
1140 2726 1188 2751 ac
1225 2715 1429 2751 liberalem
1465 2714 1666 2759 perhiberi
1704 2714 1836 2758 vellet,

288 2765 332 2800 17
345 2766 387 2800 in
424 2775 472 2800 eo
506 2769 642 2800 tamen
675 2775 810 2810 neque
844 2767 971 2800 artem
1002 2774 1138 2809 neque
1167 2763 1330 2799 modum
1363 2762 1583 2805 adhiberet,
1627 2772 1651 2796 a
1687 2762 1836 2797 virtute

345 2813 673 2858 magnificentiae
691 2813 732 2847 in
750 2813 892 2848 vitium
911 2812 1158 2857 profusionis
1177 2814 1236 2847 est
1254 2810 1486 2854 devolutus3
1509 2809 1711 2854 publicam
1730 2809 1836 2844 enim

347 2861 562 2904 pecuniam
593 2861 649 2894 ita
682 2860 987 2905 dilargiebatur,
1025 2862 1070 2894 ut
1100 2869 1234 2904 neque
1267 2858 1424 2903 quibus,
1463 2866 1597 2902 neque
1629 2859 1836 2901 quantum,

290 2906 334 2941 18
347 2917 481 2952 neque
507 2907 670 2953 quando
698 2910 806 2943 esset
830 2906 1101 2950 tribuendum,
1134 2907 1379 2943 observaret.
1428 2904 1529 2941 Nam
1557 2914 1646 2939 cum
1673 2903 1835 2949 Manga-
