2054 3282
347 248 418 294 322
746 249 926 293 zoNAR.
954 254 1084 291 ΕΡΙΤ.
1111 253 1183 290 XV
1210 248 1266 298 19,
1293 248 1442 291 16—28.

347 378 444 425 τοὺς
479 379 574 432 περὶ
612 377 738 419 αὐτὸν
769 377 906 430 λόγοις
937 376 1193 430 παραθήξας
1222 375 1548 429 παρακλητικοῖς
1578 377 1649 418 καὶ
1679 393 1842 434 παρορ-

346 448 486 501 μήσας
517 448 573 492 εἷς
603 446 788 499 πόλεμον
820 445 1091 497 ἐπεισέφρησε
1121 443 1227 484 κατὰ
1259 444 1493 498 βαρβάρων
1523 445 1625 498 μετὰ
1654 447 1843 499 γενναίου

291 519 334 554 17
347 519 489 568 ψυχῆς
526 514 864 567 παραστήματος,
909 511 979 552 καὶ
1018 515 1067 565 τῇ
1107 511 1249 564 ἀθρόᾳ
1291 512 1502 566 μεταβολῇ
1551 513 1707 567 δείματι
1748 514 1845 561 τοὺς

347 582 572 635 πολεμίους
611 580 778 634 ἐνέβαλε
808 584 989 632 πανικῷ,
1034 578 1105 619 καὶ
1136 579 1344 633 ἀνῄρηντο
1375 579 1452 633 μὲν
1482 580 1660 635 πλείους,
1705 582 1844 637 ᾐχμα-

292 649 518 690 18λώτιστο
552 649 597 689 δὲ
628 648 698 688 καὶ
729 648 894 701 πλῆθος
925 647 1043 688 πολύ.
1105 651 1260 701 μικροῦ
1290 648 1335 689 δὲ
1357 648 1428 689 καὶ
1449 648 1575 695 αὐτὸς
1595 650 1620 691 ὁ
1641 649 1880 706 Κροῦμος5

349 717 531 771 ἀνῄρητο
563 718 614 756 ἂν
645 716 816 769 βληθεὶς
847 715 917 756 καὶ
947 719 1021 755 τοῦ
1053 716 1181 756 ἵππου
1219 716 1517 770 ε’κπεπτωκώς,
1562 718 1600 758 εἴ
1633 718 1693 773 μὴ
1730 735 1844 774 περι-

349 786 511 830 στάντες
549 784 675 825 αὒτόν
715 785 754 824 οἱ
790 784 884 837 περὶ
924 783 1050 825 αὐτὸν
1081 784 1152 824 καὶ
1184 785 1478 838 συνησπικότες
1509 787 1566 831 εἷς
1596 787 1723 829 ἵππον
1753 788 1846 829 ἀνέ-

291 859 335 893 19
348 853 478 906 λαβον
510 853 663 905 ἕτερον,
695 852 766 892 καὶ
798 853 935 897 οὕτως
966 853 1099 905 ᾤχετο
1135 853 1336 906 ἀποδράς.
1399 854 1590 895 ἐντεῦθεν
1611 855 1636 896 ὅ
1656 855 1848 909 βασιλεὺς

349 921 663 974 τροπαιοφόρος
694 920 896 974 κατέλαβε
928 920 976 960 τὰ
1009 921 1192 974 βασίλεια
1224 922 1295 962 καὶ
1325 922 1436 964 λείαν
1467 923 1585 976 ἄγων
1614 924 1772 979 πολλὴν
1797 925 1848 966 οὗ

350 988 459 1029 πολὺ
490 987 536 1029 τὸ
569 989 612 1028 ἓν
642 989 762 1042 μέσῳ
794 988 864 1029 καὶ
894 993 966 1042 τῆς
997 988 1102 1029 κατὰ
1135 993 1220 1030 τῶν
1245 990 1486 1044 σεβασμίων
1507 991 1684 1034 εἰκόνων
1704 992 1848 1047 λύττης
1861 1009 1908 1046 10

306 1058 589 1111 Οάπήρξατο·
625 1056 727 1097 ὅθεν
761 1055 805 1097 δὲ
836 1060 885 1110 τῇ
916 1057 1045 1110 μανίᾳ
1075 1057 1201 1112 ταύτῃ
1236 1059 1378 1112 γέγονε
1409 1059 1589 1114 κάτοχος
1621 1061 1766 1102 αὐτίκα
1794 1061 1846 1115 δὴ

350 1126 612 1180 διηγήσομαι.

290 1201 336 1235 20
475 1194 547 1247 Τῷ
578 1194 659 1248 ἤδη
693 1194 861 1248 ῥηθέντι
891 1209 965 1248 μοι
1000 1200 1193 1249 μοναχῴ,
1241 1196 1288 1241 ὃς
1318 1195 1412 1250 περὶ
1443 1197 1592 1238 ἑαυτοῦ
1624 1197 1686 1244 ὡς
1714 1197 1850 1252 μέλλει

355 1267 427 1318 τῆς
458 1263 665 1317 βασιλείας
696 1263 864 1304 ἔσεσθαι
896 1263 1099 1317 ἐγκρατὴς
1129 1267 1432 1318 προηγόρευσε,
1471 1270 1543 1320 τῆς
1572 1266 1851 1320 προρρήσεως

352 1330 570 1376 ἀποτιννὺς
612 1332 805 1385 ἀμοιβήν)
851 1331 971 1385 δῶρα
1004 1332 1204 1385 ἐκπέμπει
1228 1333 1303 1393 ,διά
1334 1349 1442 1379 τινος
1472 1337 1557 1375 τῶν
1589 1331 1851 1377 οἷκειοτάτων
1865 1351 1911 1386 15

290 1406 333 1440 21
351 1401 483 1454 αὐτῷ.
546 1400 570 1440 ὁ
603 1400 648 1441 δὲ
678 1399 890 1453 πεμφθεὶς
921 1400 1000 1440 οὐκ
1033 1400 1179 1454 ἐκείνῳ
1212 1401 1397 1455 ἐνέτυχεν
1439 1401 1570 1456 (ἔφθη
1603 1402 1683 1456 γὰρ
1715 1403 1740 1444 ὅ
1769 1418 1848 1457 μο-

351 1468 481 1522 ναχὸς
513 1468 670 1513 ἐκεῖνος
700 1467 774 1522 τὴν
814 1467 930 1522 ζωὴν
966 1468 1284 1523 μεταθέμενος),
1329 1470 1468 1523 ἕτερον
1506 1468 1542 1511 δ’
1576 1471 1770 1525 εὑρηκὼς
1799 1475 1850 1526 τῇ

352 1537 512 1578 ἐκείνου
554 1537 742 1590 κατοικίᾳ
782 1537 1083 1591 σκηνούμενον,
1128 1537 1190 1583 ὡς
1229 1538 1386 1592 ἐκείνῳ,
1429 1539 1489 1593 μὴ
1529 1540 1749 1593 γινώσκων
1778 1539 1850 1581 τὸν

291 1611 337 1645 22
351 1605 498 1659 ἄνδρα,
542 1605 679 1659 τούτῳ
722 1605 1037 1658 προσεληλύθει.
1101 1605 1125 1646 ὁ
1163 1606 1210 1647 δέ
1255 1605 1323 1660 (ἦν
1363 1606 1442 1661 γὰρ
1479 1607 1528 1647 τὰ
1566 1611 1652 1650 τῶν
1689 1610 1848 1651 εἶκονο-

349 1746 374 1781 4
399 1746 441 1781 οὗ
466 1746 595 1792 γράφει
624 1746 758 1791 (γράφη
788 1746 832 1789 Ε)
858 1746 896 1781 τὸ
918 1752 1059 1792 πανικῷ
1087 1747 1241 1792 ἀλλαχοῦ
1268 1748 1298 1782 Ε
1442 1748 1487 1783 13
1512 1750 1608 1788 ὅπως
1634 1749 1655 1783 ὁ
1674 1749 1850 1796 Ἀρμένιος

351 1794 528 1839 (ἆρμένιος
555 1793 600 1836 C)
626 1794 731 1829 Λέων
759 1795 860 1829 ἔθετο
885 1800 926 1839 τῇ
951 1799 1021 1829 τῶν
1046 1795 1295 1840 εἷκονομάχων
1321 1796 1449 1841 αἱρέσει
1478 1795 1541 1832 ΟΕ

424 1925 441 1959 1
468 1925 746 1970 παρακλητικοῒς
771 1925 981 1970 παραθήξας
1008 1924 1039 1960 Ο
1196 1926 1218 1961 2
1245 1930 1336 1972 post
1361 1926 1451 1963 κατὰ
1477 1927 1568 1962 add.
1595 1932 1666 1963 τῶν
1691 1927 1850 1974 prDi

421 1973 442 2007 4
467 1978 610 2017 πανικῷ
638 1984 713 2008 om.
740 1972 771 2008 Ο
894 1974 914 2008 7
941 1973 1110 2018 ἀνέλαβον
1136 1972 1183 2016 A,
1209 1974 1239 2008 B
1268 1985 1369 2010 corr.
1398 1985 1448 2010 ex
1475 1975 1654 2021 ἀνέβαλον,
1680 1976 1849 2022 ἀνέβαλον

436 2019 580 2066 ‚hvai
677 2021 698 2055 9
725 2022 962 2066 τροπαιφόρος
988 2021 1072 2065 W*p
1099 2022 1236 2057 invitis
1262 2021 1333 2056 AR
1432 2023 1476 2057 10
1500 2023 1611 2068 ἁγίων
1638 2023 1669 2059 Ο
1692 2024 1760 2060 Wo
1782 2024 1847 2059 lat.

422 2068 464 2102 11
486 2068 537 2103 ad
555 2074 596 2113 τῇ
621 2068 687 2104 Wo
706 2069 942 2103 asteriscum
967 2069 1057 2103 add.
1077 2070 1117 2103 in
1136 2069 1167 2103 Ε
1243 2070 1287 2104 13
1304 2070 1409 2105 αὐτοῦ
1427 2070 1525 2116 pr
1600 2071 1662 2116 ὡς]
1681 2072 1730 2106 ὅτι
1751 2071 1848 2117 pr

422 2115 467 2150 14
491 2116 633 2150 ἔσεσθαι
656 2121 716 2161 τῆς
732 2116 907 2161 βασιλείας
934 2115 968 2150 D
1069 2117 1113 2152 15
1138 2117 1290 2163 ἀμοιβάς
1317 2117 1347 2152 Β
1447 2118 1492 2153 18
1517 2120 1678 2164 κοτοικίᾳ
1703 2117 1849 2164 W*pDi

421 2164 556 2198 invitis
583 2162 654 2198 AR
751 2163 801 2202 ὡς
827 2164 962 2199 ἐκεῖνον
987 2163 1018 2197 Β
1116 2165 1304 2209 γινώσκειν
1331 2165 1361 2200 Ε
1460 2165 1504 2200 19
1532 2167 1792 2212 προςελήλυθεν
1816 2167 1848 2202 Ε

291 2303 334 2339 17
349 2306 457 2339 tatur
470 2307 593 2349 atque
606 2304 771 2350 impellit
786 2307 825 2340 et
842 2305 1040 2340 barbaros
1058 2305 1215 2340 fortiter
1234 2304 1486 2350 aggreditur,
1505 2308 1544 2340 et
1563 2305 1696 2341 hostes
1714 2305 1849 2341 subita

349 2353 615 2387 conversione
641 2353 953 2398 perterrefactos
978 2353 1156 2387 maxima
1182 2363 1233 2388 ex
1259 2355 1374 2398 parte
1409 2353 1540 2388 caedit
1575 2362 1848 2398 magnamque

289 2399 334 2434 18
347 2399 643 2435 multitudinem
663 2401 780 2445 capit.
824 2399 908 2435 Nee
925 2400 1094 2435 multum
1119 2401 1233 2443 afuit,
1260 2399 1355 2444 quin
1377 2401 1463 2445 ipse
1488 2399 1658 2436 Crumus
1679 2400 1847 2435 vulnere

348 2450 515 2491 accepto
535 2457 640 2492 equo
660 2447 848 2493 delapsus
868 2448 1130 2491 occideretur,
1157 2449 1233 2482 nisi
1259 2447 1449 2482 satellites
1469 2447 1700 2493 conglobati
1724 2448 1847 2483 scutis

290 2494 334 2528 19
349 2499 529 2539 protecto
558 2499 597 2530 et
623 2495 738 2530 alteri
766 2505 870 2540 equo
897 2496 1082 2540 imposito
1110 2496 1251 2540 fugam
1286 2495 1550 2540 aperuissent.
1600 2494 1689 2530 Rex
1721 2495 1848 2540 igitur

347 2543 599 2587 triumphans
625 2553 858 2588 magnaque
885 2542 1037 2588 praeda
1063 2546 1180 2588 parta
1206 2543 1360 2588 regiam
1387 2543 1596 2588 ingressus
1621 2553 1704 2577 non
1721 2542 1846 2577 multo

348 2592 438 2633 post
462 2590 658 2624 insaniam
687 2593 827 2625 contra
853 2590 1106 2625 venerabiles
1131 2590 1329 2636 imagines
1361 2592 1420 2624 est
1451 2590 1700 2635 auspicatus3
1737 2590 1847 2626 unde

348 2646 445 2671 vero
472 2637 513 2671 in
540 2647 630 2672 eum
658 2638 836 2673 furorem
862 2637 1059 2682 inciderit,
1085 2638 1163 2671 iam
1191 2647 1403 2682 exponam.

288 2681 334 2717 20
466 2684 511 2718 Ei
537 2686 746 2728 monacho,
774 2695 797 2719 a
818 2695 897 2730 quo
916 2684 1045 2720 Leoni
1071 2685 1282 2730 imperium
1309 2684 1559 2730 praedictum
1579 2685 1704 2720 fuisse
1722 2695 1846 2730 supra

349 2733 621 2776 exposuimus,
649 2733 822 2777 gratiam
849 2732 1050 2768 relaturus
1077 2742 1149 2778 per
1174 2732 1378 2777 quendam
1401 2743 1451 2767 ex
1470 2733 1618 2767 intimis
1637 2732 1719 2767 suis
1738 2732 1845 2768 dona

288 2778 327 2811 21
348 2779 462 2813 misit.
514 2779 551 2814 Is
578 2790 658 2814 non
686 2780 726 2814 in
751 2781 882 2825 ipsum
916 2780 1067 2824 incidit,
1100 2780 1250 2825 quippe
1283 2780 1363 2813 iam
1397 2782 1616 2824 mortuum3
1656 2779 1727 2814 sed
1754 2790 1843 2814 cum

349 2825 469 2859 alium
495 2827 718 2861 invenisset
744 2828 799 2862 ibi
825 2827 1085 2872 habitantem,
1121 2827 1173 2862 ad
1204 2827 1325 2871 illum,
1361 2829 1407 2861 ut
1433 2837 1550 2872 quem
1583 2837 1663 2862 non
1697 2830 1843 2871 nosset,

288 2871 334 2906 22
349 2874 527 2907 accessit.
557 2873 626 2908 Ille
643 2885 740 2909 vero
762 2876 864 2915 (erat
879 2876 984 2910 enim
1005 2878 1264 2920 oppugnator
1282 2875 1504 2919 imaginum
1524 2875 1691 2919 eiusque
1710 2877 1845 2909 sectae

349 2923 629 2965 propugnator
646 2922 881 2966 acerrimus)
898 2932 1030 2967 neque
1049 2931 1218 2958 munera
1236 2923 1393 2967 accepit
1412 2924 1451 2957 et
1470 2931 1530 2966 eo,
1557 2931 1581 2956 a
1607 2932 1687 2967 quo
1705 2922 1845 2963 affere,
