2020 3230
362 243 432 280 858

409 365 485 400 tios
511 365 753 410 aggreditur
779 365 858 408 123,
873 365 904 400 7.
939 363 1073 400 Croto-

410 423 499 447 nem
516 413 606 448 dolo
623 414 730 458 capit
755 413 835 456 123,
850 412 1026 454 10—-124,
1039 411 1071 446 4.

409 460 696 495 Nicomachum
724 461 848 495 vincit
876 460 953 503 124,
968 460 1001 494 4.
1049 470 1072 494 a

411 507 478 552 [0.]
507 508 690 543 Fabricio
730 512 770 543 et
805 508 861 552 [Q.
887 507 1070 551 Aemilio]

409 555 548 601 Pappo
624 555 760 600 [Papo]
837 556 1072 590 censoribus

410 604 594 648 quamvis
610 603 845 638 dictatorius
872 607 910 638 et
929 603 1072 638 iterum

410 651 548 685 consul
591 654 735 686 senatu
772 654 957 686 movetur
993 650 1072 693 125,

438 745 470 780 3.
510 745 549 781 C.
578 745 673 790 [Cn]
703 745 910 782 Cornelius
938 745 1070 791 Scipio

410 792 559 837 [Asina]
612 804 689 829 cos.
741 794 897 839 collega
947 793 1071 828 Duilii

407 841 634 876 Poenorum
651 841 742 876 dolo
759 843 915 886 capitur
934 841 972 876 11
992 841 1070 885 140,

410 889 535 923 1—13.
565 888 713 931 146,14.
741 889 846 924 idem
874 900 951 924 cos.
980 900 1071 924 cum

407 935 453 970 A.
467 935 588 972 Atilio
607 936 852 972 Panormum
868 938 974 982 capit
993 938 1069 981 151,

430 1031 464 1066 4.
498 1031 541 1066 L.
571 1031 806 1077 [Cornelius]
835 1031 967 1078 Scipio
996 1032 1071 1068 col—

407 1079 500 1124 lega
536 1079 577 1115 C.
604 1079 793 1125 [Aquillii]
822 1080 939 1123 Flori,
980 1080 1071 1116 Cor-

408 1127 531 1161 sicam
558 1128 710 1173 subigit
737 1128 775 1162 II
799 1128 946 1171 142,12.
974 1128 1070 1163 Poe-

407 1185 548 1210 norum
578 1175 745 1211 classem
773 1176 825 1210 ad
843 1175 1070 1211 Sardiniam

406 1223 524 1267 fugat
550 1222 699 1267 142,16.
732 1223 887 1259 Olbiam
914 1224 1071 1258 invadit

408 1269 556 1314 142,18.
596 1271 761 1306 Romam
788 1272 893 1307 redit
920 1271 1070 1315 142,19.

419 1317 452 1352 5.
467 1317 510 1352 L.
528 1317 763 1363 [Cornelius]
779 1319 975 1354 Lentulus
991 1330 1069 1354 cos.

407 1375 498 1400 cum
525 1365 649 1401 Gallis
675 1370 832 1412 pugnat
858 1367 896 1401 Π
923 1367 1001 1411 165,
1017 1368 1049 1402 8.

422 1413 455 1447 6.
469 1413 510 1448 P.
528 1413 762 1459 [Cornelius]
779 1414 974 1450 Lentulus
990 1425 1068 1450 cos.

407 1465 548 1496 contra
575 1461 711 1498 Gallos
746 1463 889 1497 missus
925 1462 963 1496 Π
991 1462 1069 1506 165,

409 1508 462 1543 14.
513 1510 598 1544 eius
625 1520 763 1556 pugna
796 1520 884 1545 cum
912 1510 1070 1556 Liguri-

406 1556 482 1591 bus
510 1557 588 1601 166,
602 1558 634 1593 7.

442 1604 474 1639 7.
516 1604 556 1639 Ρ.
597 1604 805 1641 Cornelius
845 1605 1068 1650 [Lentulus]

406 1655 568 1733 praetor
595 1656 735 1688 contra
754 1653 903 1689 Sardos
926 1654 1069 1688 missus

430 1747 462 1782 8.
490 1746 558 1782 Cn.
581 1747 816 1793 [Cornelius]
835 1747 968 1794 Scipio
990 1759 1070 1784 cos.

406 1794 600 1830 Insubres
627 1797 751 1831 vincit
777 1796 814 1830 II
844 1797 922 1840 174,
943 1796 1068 1831 1—12.

430 1842 462 1877 9.
487 1842 529 1877 P.
546 1842 755 1879 Cornelius
771 1843 917 1889 [Scipio
930 1844 1068 1889 Asina]

408 1900 486 1925 cos.
513 1890 635 1926 Istros
661 1892 787 1926 vincit
812 1891 850 1926 II
879 1892 1028 1934 174,13.

445 1938 499 1972 10.
542 1938 585 1973 L.
626 1938 833 1975 Cornelius
872 1939 1069 1975 Lentulus

406 1985 554 2020 bellum
598 1993 737 2021 contra
773 1987 932 2022 Poenos
975 1987 1070 2022 dicit

407 2043 494 2068 esse
521 2033 820 2069 decernendum
847 2035 884 2069 II
911 2035 991 2079 179,
1006 2035 1037 2070 8.

443 2081 497 2116 11.
537 2081 578 2116 Ρ.
606 2081 841 2127 [Cornelius]
869 2081 1001 2128 Scipio
1029 2082 1068 2118 O.

406 2127 482 2172 (12)
507 2130 633 2164 frater
658 2140 737 2165 cos.
764 2130 803 2164 II
825 2130 903 2174 182,
918 2131 950 2164 2.
979 2141 1068 2165 con-

405 2176 588 2221 greditur
618 2188 707 2212 cum
733 2177 962 2213 Hannibale
988 2178 1067 2222 183,

405 2224 438 2258 3.
465 2224 640 2268 21—184,
657 2225 712 2260 15.
749 2226 854 2271 fugit
883 2226 1067 2270 184,16-

406 2270 485 2315 185,
502 2271 556 2306 10.
587 2273 628 2307 in
654 2273 850 2317 Hispania
877 2284 1069 2319 prospere

406 2319 492 2363 agit
519 2319 667 2363 195,17.
695 2320 940 2364 207,3—208,
957 2321 989 2356 9.
1030 2322 1069 2355 fi-

406 2366 482 2401 lius
510 2368 595 2402 eius
622 2368 700 2411 200,
716 2368 748 2402 5.
793 2372 962 2404 necatur
987 2369 1068 2411 211,

406 2413 428 2448 2
466 2433 509 2438 —
536 2414 573 2448 II
601 2415 749 2459 185,17.

431 2461 485 2495 12.
505 2461 544 2497 C.
562 2461 644 2506 [Cn.
659 2474 695 2497 v.
712 2463 752 2497 II
765 2463 910 2502 207.14.
938 2463 1017 2507 208,
1032 2463 1066 2509 6]

407 2508 643 2554 [Cornelius]
672 2509 804 2556 Scipio
835 2511 967 2546 Publii
994 2512 1068 2556 (11)

406 2556 531 2591 frater
565 2558 606 2591 in
632 2558 867 2603 Hispaniam
900 2559 1069 2594 mittitur

407 2603 446 2637 ΙΙ
466 2604 543 2648 183,
558 2604 614 2639 21.
641 2616 832 2651 magnam
848 2606 1069 2651 Hispaniae

407 2655 560 2695 partem
601 2654 708 2697 capit
747 2653 826 2697 187,
850 2654 977 2688 6-12.
1027 2655 1068 2688 in

406 2698 602 2744 Hispania
638 2711 830 2745 prospere
866 2702 951 2746 agit
990 2701 1068 2745 195,

408 2745 580 2789 14—-196,
593 2747 645 2782 10.
670 2747 750 2791 207,
760 2748 911 2791 3-208,
923 2749 954 2783 9.
983 2750 1069 2784 eius

407 2793 511 2828 filiae
526 2794 596 2829 dos
611 2795 773 2839 publica
795 2795 914 2831 datur
940 2795 1021 2840 208,
1035 2797 1068 2831 6.

405 2845 573 2876 necatur
598 2841 678 2886 211,
693 2842 726 2877 2.

434 2888 485 2922 13.
506 2888 714 2924 Cornelius
728 2890 942 2935 Δολοβέλλας
957 2901 1069 2936 prae-

407 2939 469 2975 tor
494 2936 535 2971 in
562 2934 696 2972 Sicilia
722 2937 759 2971 ΙΙ
785 2937 864 2982 213,
882 2938 911 2974 l.

1012 243 1212 289 Κορνήλιοι.

1145 382 1188 387 -
1216 362 1270 398 14.
1299 362 1508 399 Cornelius
1526 363 1722 400 Lentulus
1744 374 1854 409 prae-

1191 414 1253 445 tor
1279 410 1506 446 Poenorum
1540 411 1699 447 obsides
1731 412 1856 447 vincit

1191 458 1228 492 II
1254 458 1334 502 250,
1350 459 1382 494 7.

1144 525 1187 530 -
1224 506 1279 541 15.
1320 506 1387 551 [C.]
1417 506 1626 543 Cornelius
1652 507 1855 553 Cethegus

1193 564 1270 589 cos.
1299 554 1435 590 Gallos
1463 556 1587 590 vincit
1614 555 1652 590 II
1677 555 1758 600 250,
1775 555 1828 591 14.

1144 621 1187 625 —
1217 602 1270 637 16.
1295 602 1336 636 Ρ.
1354 601 1588 647 [Cornelius]
1605 602 1738 649 Scipio
1753 602 1856 638 Afri-

1192 659 1316 685 canus
1337 649 1489 695 [maior]
1513 654 1667 696 patrem
1686 651 1760 695 (11)
1778 662 1855 688 ser-

1191 701 1260 732 vat
1287 697 1327 732 II
1353 698 1502 742 184,10.
1541 699 1620 742 200,
1635 699 1667 734 5.
1702 699 1783 744 217,
1798 699 1854 734 10.

1192 744 1410 780 Canusium
1428 747 1532 791 fugit
1551 746 1630 790 200,
1645 746 1772 782 5—12.
1798 747 1854 781 ul-

1191 796 1251 828 tro
1270 794 1311 827 in
1329 793 1567 839 Hispaniam
1594 795 1678 830 abit
1702 794 1854 839 217,10.

1191 840 1475 885 Carthaginem
1487 841 1639 877 Novam
1657 843 1764 888 capit
1774 842 1854 886 220,

1192 888 1246 923 12.
1299 889 1465 924 militum
1492 890 1707 925 tumultum
1739 891 1855 926 sedat

1189 936 1269 980 220,
1290 937 1344 972 17.
1387 937 1533 973 multas
1558 937 1780 983 Hispaniae
1806 938 1855 973 ci-

1189 985 1335 1019 vitates
1374 985 1449 1019 sibi
1488 986 1675 1021 conciliat
1715 985 1795 1030 221,
1819 985 1853 1020 4.

1188 1031 1485 1068 Hasdrubalem
1528 1034 1654 1068 vincit
1694 1033 1774 1077 221,
1799 1033 1854 1068 12.

1190 1080 1277 1115 eius
1295 1083 1442 1115 natura
1468 1080 1549 1125 221,
1564 1081 1620 1116 16.
1647 1081 1698 1116 ab
1715 1081 1855 1126 Hispa-

1189 1129 1257 1209 {¹ss5
1285 1138 1612 1211 {SXussaffiSL
1627 1129 1855 1221 af‘ssffsslassff

1188 1226 1288 1268 gnat
1304 1227 1445 1258 contra
1458 1224 1754 1260 Hasdrubalem
1769 1223 1854 1260 Gis-

1187 1271 1854 1361 {33¹3ffissssffiaegssiss¹13¹0223fissssus

1188 1367 1268 1410 221,
1286 1367 1339 1402 16.
1367 1367 1448 1411 223,
1464 1367 1497 1401 2.
1525 1378 1616 1402 eum
1631 1366 1797 1413 Syphax
1812 1368 1853 1402 in

1188 1413 1319 1459 Libya
1356 1425 1445 1449 cum
1480 1415 1736 1450 Hasdrubale
1775 1419 1854 1451 stu-

1190 1462 1257 1497 det
1282 1463 1545 1498 reconciliare
1582 1463 1742 1507 227,8s.
1794 1462 1854 1497 Ili-

1189 1510 1483 1555 tergitanorum
1497 1511 1639 1545 urbem
1650 1511 1758 1556 capit
1771 1510 1853 1555 227,

1190 1557 1246 1592 16.
1273 1557 1557 1603 Carthaginem
1574 1558 1730 1594 Novam
1748 1558 1853 1594 redit

1188 1605 1268 1648 228,
1291 1605 1322 1639 6.
1376 1606 1577 1641 exercitus
1615 1606 1854 1641 seditionem

1189 1653 1303 1688 sedat
1340 1653 1419 1696 228,
1436 1653 1608 1697 12—229,
1624 1654 1656 1689 7.
1707 1653 1854 1688 Indibi-

1188 1701 1254 1735 lim
1281 1704 1320 1736 et
1338 1700 1599 1736 Mandonium
1621 1702 1747 1736 vincit
1771 1701 1852 1745 230,

1188 1748 1220 1783 5.
1271 1752 1394 1783 totam
1427 1749 1665 1794 Hispaniam
1700 1749 1854 1794 subigit

1187 1796 1267 1840 231,
1282 1796 1338 1831 20.
1365 1797 1576 1841 imperium
1593 1797 1757 1841 deponit·
1770 1796 1852 1842 232,

1188 1844 1220 1878 6.
1249 1854 1328 1878 cos.
1344 1844 1423 1887 232,
1441 1845 1484 1879 18
1494 1844 1614 1888 -233,
1632 1843 1684 1879 14.
1711 1844 1852 1879 Locris

1188 1892 1338 1936 potitur
1352 1891 1431 1934 233,
1449 1891 1622 1935 14-234‚
1637 1891 1670 1926 2.
1695 1892 1736 1926 in
1752 1891 1854 1927 Afri-

1189 1949 1275 1973 cam
1291 1940 1434 1974 transit
1457 1939 1538 1983 235,
1552 1940 1586 1976 3.
1611 1939 1852 1975 Hannonem

1189 1987 1313 2021 vincit
1332 1990 1371 2022 et
1390 1988 1497 2033 capit
1522 1987 1602 2031 235,
1617 1988 1649 2023 6.
1675 1987 1853 2022 Hasdru-

1188 2034 1318 2069 balem
1335 2038 1373 2070 et
1387 2034 1613 2080 Syphacem
1628 2035 1752 2070 vincit
1770 2035 1850 2079 236,

1187 2082 1339 2126 8—237,
1356 2083 1387 2117 1.
1415 2083 1465 2117 ab
1490 2083 1681 2127 Hispanis
1707 2083 1854 2128 accipit

1189 2129 1471 2166 detrimentum
1509 2130 1588 2174 237,
1611 2130 1641 2165 1.
1693 2133 1853 2166 ceterae

1189 2187 1353 2223 pugnae
1380 2179 1466 2213 eius
1491 2177 1709 2213 Africanae
1735 2178 1852 2222 237,6

1189 2225 1315 2268 —238,
1333 2226 1366 2260 3.
1418 2225 1659 2269 Sophonidis
1696 2226 1850 2261 factum

1188 2273 1410 2308 admiratur
1454 2273 1534 2317 239,
1562 2274 1616 2309 18.
1669 2284 1761 2308 cum
1803 2283 1850 2309 eo

1187 2320 1312 2355 Poeni
1332 2321 1381 2356 de
1406 2331 1507 2365 pace
1533 2324 1662 2367 agunt
1687 2321 1766 2364 240,
1781 2321 1849 2356 3—

1188 2368 1243 2403 20.
1271 2368 1539 2404 Hannibalem
1561 2369 1686 2404 vincit
1711 2368 1790 2412 241,
1807 2369 1851 2402 15

1189 2415 1316 2460 —244,
1330 2416 1362 2450 6.
1391 2416 1675 2462 Carthaginem
1695 2415 1851 2451 obsidet

1187 2463 1268 2507 244,
1282 2464 1313 2498 7.
1361 2464 1464 2499 bello
1491 2463 1757 2499 Hannibalico
1785 2474 1851 2499 ex-

1187 2514 1277 2546 acto
1305 2510 1520 2546 Africanus
1555 2512 1684 2546 dictus
1722 2511 1802 2554 245,
1817 2512 1850 2546 7.

1187 2558 1340 2602 264,15.
1391 2561 1432 2594 in
1458 2558 1596 2594 Africa
1622 2559 1775 2594 iudicat
1800 2559 1850 2594 de

1188 2608 1473 2641 controversiis
1523 2606 1757 2641 Masinissae
1812 2610 1851 2641 et

1186 2653 1414 2689 Poenorum
1464 2654 1545 2698 257,
1572 2653 1627 2688 14.
1691 2654 1850 2699 legatus

1187 2701 1295 2746 apud
1324 2701 1565 2736 Antiochum
1590 2701 1671 2743 257,
1687 2700 1741 2735 19.
1768 2711 1850 2736 una

1188 2759 1278 2783 cum
1305 2750 1430 2784 fratre
1456 2748 1699 2783 Antiochum
1725 2749 1850 2783 vincit

1187 2796 1458 2840 261,21—264,
1474 2797 1528 2831 19.
1581 2797 1622 2830 in
1655 2796 1850 2831 iudicium

1187 2844 1388 2879 abductus
1413 2843 1492 2887 264,
1507 2843 1565 2878 20.
1603 2843 1758 2878 Literni
1783 2853 1850 2879 ex·

1187 2891 1250 2926 sul
1277 2892 1360 2927 obit
1386 2891 1466 2935 265,
1480 2891 1513 2926 2.
1539 2891 1618 2933 267,
1634 2891 1690 2926 22.
1718 2892 1804 2926 eius
1823 2892 1848 2925 f.

1187 2938 1339 2983 262,14.
1366 2940 1453 2974 eius
1478 2949 1606 2986 nepos
1630 2939 1781 2984 289,11.
