2054 3282
294 221 595 262 COPRONYMI
620 220 770 260 MORS.
819 220 891 259 DE
916 218 1155 260 CORPORE
1181 217 1219 258 S.
1245 216 1561 258 EVPHEMIAE.
1627 215 1696 256 281

198 346 224 390 ὅ
255 345 431 393 δείλαιος
462 344 665 400 ἐπειράθη
698 343 770 387 καὶ
799 343 950 400 βιαίως
980 343 1068 386 ἐκεῖ
1094 342 1167 387 τὸν
1197 343 1292 399 βίον
1324 343 1593 398 κατέστρεψε,
1637 358 1698 398 χι-

205 414 351 462 λιάδας
379 418 466 457 τῶν
496 413 751 468 ὀρθοόόξων
780 412 938 460 πολλὰς
968 412 1143 467 ἀνελών,
1174 411 1246 455 καὶ
1265 411 1440 467 μάλιστα
1460 415 1699 466 μοναστῶν,

202 483 275 527 καὶ
303 483 353 526 τὰ
384 483 546 526 τούτων
576 482 807 537 ἀσκητήρια
838 481 888 523 τὰ
918 481 997 536 μὲν
1026 481 1163 536 πυρὸς
1185 482 1367 536 θέμενος
1386 480 1699 535 παρανάλωμα,

200 552 250 594 τὰ
283 552 329 595 δὲ
359 551 572 605 καθελών,
603 550 653 592 τὰ
686 549 731 592 δὲ
762 551 987 605 κοινώσας,
1020 551 1166 605 ὥσπερ
1191 549 1262 593 καὶ
1283 549 1357 605 τὴν
1377 553 1451 592 τοῦ
1475 549 1699 604 Δαλμάτου
1715 548 1760 584 18

161 621 426 675 5λεγομένην
466 619 619 674 μονήν,
663 618 842 673 ἀρχαίαν
879 617 1011 660 οὖσαν
1049 619 1120 660 καὶ
1156 622 1242 660 τῶν
1279 619 1324 661 ἒν
1355 619 1698 661 Κωνσταντινου-

196 689 314 732 πόλει
356 688 643 743 πρεσβυτέραν
684 691 849 740 πασῶν,
894 685 970 741 ἀφ’
1011 686 1062 743 ἦς
1098 687 1309 734 ἀπελάσας
1344 686 1441 734 τοὺς
1482 685 1701 742 μοναχοὺς

197 760 463 812 στρατιωτῶν
507 755 637 811 αὐτὴν
674 756 878 810 πεποίηκε
915 756 1191 810 καταγώγιον.
1254 757 1306 798 οὗ
1343 755 1479 811 μόνον
1516 755 1562 798 δὲ
1592 754 1699 798 κατὰ
1715 755 1760 792 19
1785 755 1818 791 Β

196 830 282 868 τῶν
319 826 494 875 ζώντων
530 825 757 879 ἐλύπησεν,
803 823 906 866 ἀλλὰ
942 824 1014 866 καὶ
1050 825 1107 871 εἷς
1136 824 1234 871 τοὺς
1263 829 1338 866 τοῦ
1370 824 1557 879 Χριστοῦ
1587 825 1699 880 μάρ-

41 901 326 949 111355τυρας
365 893 438 936 καὶ
473 893 571 940 τοὺς
607 893 746 940 ἄλλως
783 894 901 948 αὐτῷ
931 893 1286 948 εὐαρεστήσαντας
1317 894 1588 948 ἐμπαροινῶν
1619 893 1700 936 οὐκ

139 973 186 1008 10
199 963 390 1017 ἐπαύετο,
422 962 557 1018 μηδὲν
589 961 742 1008 αὐτοὺς
773 961 981 1004 δύνασθαι
1011 962 1147 1016 λέγων
1174 962 1246 1004 καὶ
1267 962 1439 1017 συκίνην
1460 962 1701 1017 ἒκικουρίαν

196 1032 271 1080 τὰς
305 1032 468 1074 τούτων
507 1031 730 1086 πρεσβείας
760 1031 992 1073 ἀποκαλῶν
1022 1031 1093 1073 καὶ
1123 1031 1172 1073 τὰ
1203 1031 1365 1073 τούτων
1396 1032 1492 1085 ἅγια
1523 1031 1699 1085 λείψανα

197 1100 247 1143 τὰ
277 1101 356 1156 μὲν
387 1101 547 1156 ἀτίμως
577 1100 864 1155 καταχωννύς,
907 1099 956 1142 τὰ
990 1100 1035 1142 δὲ
1065 1104 1202 1142 ποιῶν
1238 1100 1490 1155 ὑποβρύχια,
1535 1101 1621 1142 ἔνια
1654 1099 1700 1142 ὁὲ

196 1169 268 1212 καὶ
289 1170 557 1224 ἀποτεφρῶν,
587 1169 732 1223 ὥσπερ
753 1169 824 1211 καὶ
845 1168 891 1210 τὸ
913 1173 985 1224 τῆς
1005 1170 1289 1224 πανευφήμου
1310 1169 1526 1224 μάρτυρος
1547 1168 1699 1224 Εὐφη-

195 1239 296 1293 μίας
333 1239 452 1292 ἅγιον
490 1241 628 1293 σῶμα.
692 1237 814 1279 διττοὶ
852 1237 898 1280 ὄὲ
933 1238 1028 1292 περὶ
1066 1238 1215 1279 τούτου
1255 1239 1455 1293 φέρονται
1493 1237 1628 1292 λόγοι·
1675 1237 1761 1280 620

140 1316 184 1353 15
196 1306 275 1362 μὲν
307 1306 387 1362 γὰρ
418 1307 702 1361 πυρίκαυστον
734 1305 836 1348 αὐτὸ
867 1306 973 1361 λέγει
1005 1306 1125 1355 δόξαι
1155 1307 1414 1361 ποιήσασθαι
1444 1305 1517 1348 τὸν
1545 1305 1700 1361 μιαρὸν

198 1376 358 1418 ἐκεῖνον
391 1375 704 1430 Κοπρώνυμον,
749 1375 881 1422 κύνας
917 1375 990 1418 καὶ
1034 1376 1161 1422 ὄνους
1197 1376 1315 1430 αὐτῷ
1352 1376 1700 1431 συνεμπρήσαντα

199 1523 218 1559 l
251 1523 307 1560 οἷα
337 1522 428 1559 κατὰ
459 1528 530 1559 τῶν
564 1528 734 1569 μοναχῶν
765 1523 825 1559 καὶ
858 1528 930 1559 τῶν
963 1525 1212 1570 μοναστηρίων
1244 1524 1305 1559 καὶ
1338 1523 1428 1560 κατὰ
1459 1528 1530 1559 τῶν
1563 1529 1700 1559 σεπτῶν

196 1572 379 1618 λειψάνων
407 1576 478 1606 τῶν
503 1571 613 1617 ἁγίων
638 1572 660 1607 ὁ
682 1571 880 1617 πάντολμος
904 1571 1030 1617 ἐτόλμα
1057 1572 1120 1608 CE
1219 1571 1264 1607 14
1287 1572 1367 1616 περὶ
1390 1577 1449 1607 τοῦ
1467 1573 1565 1617 ἱεροῦ
1581 1572 1701 1618 λειψά-

195 1633 259 1655 νου
284 1625 345 1665 τῆς
369 1619 605 1665 πανευφήμου
630 1620 811 1664 μάρτυρος
836 1619 1030 1666 Εὐφημιάς
1057 1619 1119 1656 ΟΕ
1146 1619 1212 1662 (de
1231 1620 1318 1656 cod.
1338 1619 1426 1656 Vat.
1447 1620 1515 1656 135
1541 1631 1578 1656 v.
1594 1620 1706 1656 1³⁵-W

197 1667 295 1714 Byz.
322 1665 519 1704 Zeitschr.
546 1678 580 1703 a.
610 1667 702 1703 1892
729 1678 767 1714 p.
792 1667 878 1712 236)

266 1805 289 1841 3
316 1805 466 1850 θέμενος
493 1816 569 1841 om.
594 1804 626 1840 B
723 1805 747 1841 4
772 1811 833 1841 τοῦ
860 1816 935 1842 om.
958 1805 990 1841 Β
1088 1806 1111 1842 6
1135 1806 1392 1853 πρεσβευτὲραν
1417 1806 1454 1841 D
1549 1808 1699 1853 πρεσβυ-

267 1852 381 1898 τέραν]
409 1852 471 1888 De
498 1853 776 1899 comparativo
803 1865 842 1889 v.
870 1854 922 1889 ad
948 1853 1046 1889 XIII
1071 1855 1104 1898 3,
1129 1855 1151 1890 6
1272 1855 1295 1890 8
1320 1858 1411 1901 post
1436 1854 1581 1895 ζώντων
1606 1854 1698 1890 add.

265 1905 408 1946 χριστοῦ
434 1901 574 1936 δούλων
599 1901 697 1948 pr
830 1907 892 1938 τοῦ
916 1908 1065 1947 χριστοῦ
1092 1901 1172 1946 AE,
1199 1903 1320 1942 θείους
1346 1902 1389 1944 Ο,
1415 1902 1537 1941 θειοὺς
1562 1901 1649 1948 w*p

265 1948 288 1983 9
313 1949 439 1988 ἄλλους
466 1948 593 1985 CDDi
714 1949 811 1995 αὐτῷ
837 1960 912 1985 om.
942 1949 1039 1994 pr
1155 1954 1250 1985 ant-e
1276 1950 1502 1995 ἐμπαροινῶν
1529 1950 1620 1985 add.
1648 1956 1699 1995 τῷ

266 1997 342 2042 θεῷ
370 1995 468 2042 pr
569 1997 614 2032 10
637 1996 812 2033 ἐπαύσατο
838 1997 869 2033 Ο
982 1997 1038 2033 14.
1068 1998 1112 2034 15
1137 1999 1159 2034 ὁ
1183 1997 1248 2043 μὲν
1272 1998 1338 2044 γὰρ
1364 1997 1412 2043 D,
1438 1999 1459 2033 ὁ
1484 2008 1697 2044 perperam

267 2043 398 2080 deleto
424 2044 570 2079 Iterum
597 2045 738 2080 inserit
764 2048 854 2091 post
879 2044 945 2091 γὰρ
973 2045 1042 2084 Dw
1195 2046 1239 2081 15
1264 2046 1503 2091 πυρίκαυστον
1528 2043 1698 2091 prDi,

264 2092 482 2136 πυρίκαστον
507 2090 542 2127 Α
639 2092 749 2138 λέγειν
775 2093 986 2139 typotheta
1013 2093 1124 2139 apud
1150 2092 1208 2129 Di
1305 2095 1410 2129 inter
1431 2094 1519 2139 λέγει
1539 2097 1577 2129 et
1596 2094 1696 2134 δόξαι

268 2139 375 2175 duae
402 2142 537 2175 tresve
563 2139 722 2176 litterae
749 2144 986 2186 comparent
1011 2142 1053 2176 in
1079 2141 1121 2186 E,
1161 2151 1334 2188 quarum
1366 2141 1507 2178 ultima
1534 2141 1698 2177 videtur

267 2197 356 2223 esse
382 2200 424 2232 ω,
452 2190 612 2224 ceterae
637 2197 720 2224 non
748 2187 1028 2234 dlepieiuntur.

193 2329 336 2366 offensi
375 2331 550 2366 numinis
579 2331 699 2366 miser
725 2331 848 2367 sensit
886 2334 1009 2377 atque
1047 2332 1127 2367 illie
1152 2333 1276 2367 vitam
1317 2333 1515 2368 violenter
1555 2332 1695 2377 finivit,

192 2377 361 2413 sublatis
399 2378 534 2413 multis
566 2378 888 2414 orthodoxorum
917 2379 1088 2422 milibus,
1127 2380 1417 2416 monachorum
1445 2381 1694 2426 praesertim,

194 2435 367 2470 quorum
382 2427 629 2462 monasteria
653 2427 799 2472 partim
818 2426 1007 2471 incendit,
1035 2428 1177 2473 partim
1195 2427 1408 2471 destruxit,
1435 2428 1579 2474 partim
1608 2438 1695 2473 pro·

194 2473 362 2517 sanavit,
388 2476 434 2508 ut
466 2475 505 2509 et
531 2473 706 2509 Dalmati
739 2475 1029 2510 monasterium
1069 2478 1271 2511 vetustum
1305 2479 1344 2511 et
1371 2476 1559 2519 omnium,
1588 2486 1694 2520 quae
1711 2471 1755 2506 18

194 2519 306 2566 Cpoli
333 2523 438 2565 suut,
473 2522 808 2567 antiquissimum,
840 2522 947 2567 quod
976 2523 1100 2567 pulsis
1127 2523 1335 2558 monachis
1361 2524 1528 2559 militum
1556 2523 1694 2558 dever-

195 2568 345 2603 sorium
366 2569 472 2604 fecit.
499 2568 640 2615 Neque
659 2580 757 2605 vero
778 2570 963 2605 viventes
980 2574 1136 2605 tantum
1152 2571 1390 2616 exagitavit,
1410 2571 1480 2607 sed
1496 2574 1536 2606 et
1550 2570 1694 2607 Christi
1711 2567 1755 2603 19

195 2616 442 2660 martyribus
467 2621 506 2652 et
533 2617 609 2652 deo
637 2617 753 2653 aliter
778 2618 906 2663 gratis
933 2618 1128 2654 insultare
1154 2629 1235 2653 non
1264 2618 1494 2662 desistebat,
1522 2629 1624 2664 quos
1638 2619 1695 2654 ni-

194 2662 246 2698 hil
267 2674 384 2709 posse
399 2665 607 2700 asserebat
623 2675 878 2710 quorumque
893 2666 1202 2701 intercessiones
1217 2666 1431 2702 ficulneum
1449 2666 1694 2712 praesidium

193 2710 442 2757 appellabat3
469 2722 608 2747 eorum
636 2715 771 2748 autem
799 2712 991 2758 reliquias
1018 2714 1161 2758 partim
1191 2724 1261 2759 per
1276 2714 1558 2749 coutumeliam
1586 2717 1694 2749 terra

194 2758 404 2802 obruebat,
444 2760 590 2804 partim
630 2760 906 2805 demergebat,
945 2761 1156 2806 partimin
1184 2762 1359 2798 cinerem
1386 2761 1611 2807 redigebat,
1649 2765 1695 2797 ut

193 2810 233 2841 et
257 2806 463 2851 gloriosae
488 2807 677 2853 martyris
698 2807 944 2853 Euphemiae
958 2813 1140 2844 sanctum
1170 2819 1328 2855 corpus,
1356 2809 1406 2844 de
1433 2820 1514 2854 quo
1542 2809 1691 2855 duplex
1707 2806 1756 2843 20

192 2863 330 2888 rumor
356 2856 434 2899 θεῖς
466 2865 559 2890 nain
592 2855 659 2890 alii
687 2857 821 2890 ferunt
852 2857 1052 2891 nefarium
1081 2856 1189 2891 illuni
1217 2855 1517 2903 Copronyinum
1543 2857 1584 2892 in
1612 2857 1694 2892 ani-

192 2910 256 2938 mo
285 2900 475 2939 habuisse
501 2902 542 2939 id
561 2912 754 2948 cremare,
784 2903 954 2941 canibus
981 2907 1020 2940 et
1040 2904 1163 2942 asinis
1182 2914 1266 2942 una
1285 2904 1570 2942 comburendis
1590 2905 1694 2941 cine-
