1968 3302
135 32 162 43 ,¹
145 0 172 22 ¹:43

503 235 749 281 1VL1Ast
774 234 1053 280 APOSTATA
1079 232 1396 279 IMPERATO'R.
1655 233 1702 277 63

201 367 273 410 καὶ
295 367 528 410 ἀποκλαίου
551 382 628 408 σου
650 370 735 408 τῶν
757 366 963 421 ὀμμάτων
983 365 1057 420 τὴν
1077 365 1307 420 πήρωσιν”
1333 363 1401 419 (ἦν
1423 363 1503 418 γὰρ
1525 363 1704 418 πάσχων

201 437 354 491 ταύτην
375 437 420 484 ἐξ
441 435 704 490 ἐπιχύσεως).
768 436 792 476 ὁ
825 435 871 476 δὲ
901 435 1164 489 “εὖχαριστῶ
1195 439 1258 488 τῷ
1289 433 1450 487 σωτῆρί
1476 449 1562 486 μοι’
1595 430 1702 486 Χρι-
1717 435 1764 471 29
1791 434 1820 471 C

203 506 325 559 στῷ”
357 505 667 559 ἀντεπήνεγκεν,
700 505 790 544 “ὁ’τι
821 520 908 558 μου
939 503 1294 558 προεμηθεύσατο
1314 502 1373 556 μὴ
1399 501 1498 542 ἰδεῖν
1519 501 1565 543 τὸ
1588 501 1703 542 ἀναι-

205 575 274 620 δές
305 590 382 615 σου
413 573 484 614 καὶ
515 573 788 627 ἀσεβέστατον
818 572 1097 626 πρόσωπον.”

168 649 190 685 5
330 642 444 683 Kar&
475 641 661 695 Περσῶν
701 641 746 682 δὲ
784 641 858 695 τὴν
902 640 1093 694 στρατιὰν
1136 641 1309 694 κινήσας
1352 640 1605 694 κατήντησεν
1649 638 1706 684 εἷς
1718 641 1766 678 30

208 711 372 766 Ταρσὸν
403 716 475 766 τῆς
505 710 694 756 Κιλικίας
724 710 843 751 πόλιν
875 710 1073 764 ἐπιφανῆ·
1113 710 1218 751 ἔνθα
1251 709 1465 763 γενομένῳ
1491 707 1706 762 Ἀρτέμιος
1719 710 1763 745 31

203 780 445 835 προσῆλθεν
476 780 499 821 ὁ
531 783 604 820 τοῦ
630 779 882 833 Ἀσκληπιοῦ
915 778 1048 832 ἱερεύς
1077 802 1120 806 -
1150 777 1201 832 ἦν
1223 777 1302 831 γὰρ
1326 778 1370 819 ἐν
1391 777 1539 831 Αἰγαῖς
1573 775 1707 830 (πόλις

206 849 252 891 δὲ
288 849 359 891 καὶ
398 847 517 890 αὗται
555 852 628 901 τῆς
666 846 871 900 Κιλικίας)
919 847 1162 901 περίφημον
1199 845 1452 901 Ἀσκληπιοῦ
1500 845 1612 899 ἱερόν
1653 868 1702 874 —

205 918 276 960 καὶ
306 919 456 972 ᾔτησεν
487 916 614 957 αὐτὸν
644 915 741 962 τοὺς
772 915 929 969 κίονας,
963 917 1039 962 οὓς
1069 917 1211 970 ἔτυχεν
1243 915 1505 969 ἀφελόμενος
1537 914 1584 956 ἐκ
1610 913 1706 955 τού-

148 994 192 1028 10
206 1003 279 1028 του
310 991 384 1028 τοῦ
416 987 530 1039 ἱεροῦ
563 985 587 1026 ὁ
619 984 835 1039 ἀρχιερεὺς
865 989 939 1026 τοῦ
971 985 1075 1026 λαοῦ
1107 988 1194 1026 τῶν
1225 986 1475 1038 χριστιανῶν
1500 983 1572 1024 καὶ
1594 983 1706 1024 ἐποι-

206 1056 454 1110 κοδομήσας
485 1055 625 1100 αὐτοῖς
657 1055 809 1095 οἰκεῖον
840 1053 957 1107 ναόν,
989 1054 1327 1107 ἀποκαταστῆναι
1356 1051 1482 1098 αὖθις
1512 1057 1574 1106 τῷ
1605 1053 1709 1106 ἱερῷ

27 1175 29 1177 ¹
205 1129 278 1167 τοῦ
320 1124 586 1178 Ἀσκληπιοῦ.
667 1123 738 1164 καὶ
785 1123 808 1164 ὁ
855 1123 1104 1177 παραβάτης
1150 1121 1299 1163 αὐτίκα
1346 1124 1468 1163 τοῦτο
1516 1121 1710 1174 γενέσθαι
1722 1123 1768 1159 32

12 1175 40 1256 Ξ
205 1194 434 1248 προσέταξε
466 1192 671 1238 δαπάναις
701 1195 774 1233 τοῦ
807 1191 1052 1233 ἐπισκόπου.
1114 1190 1235 1245 μόλις
1267 1189 1343 1232 οὖν
1366 1191 1406 1231 οἱ
1423 1189 1618 1244 εΈλληνες
1639 1189 1710 1231 καὶ
1723 1193 1769 1228 33
1790 1191 1825 1226 D

14 1253 37 1284 ⁹⁵³
206 1263 352 1309 πόνοις
381 1262 550 1307 πολλοῖς
579 1261 650 1302 καὶ
682 1260 928 1314 ἀναλώμασι
959 1259 1160 1306 πλείστοις
1191 1260 1263 1301 ἕνα
1295 1262 1381 1300 τῶν
1412 1258 1570 1300 κιόνων
1598 1259 1709 1300 καθ-

153 1341 194 1376 15
209 1331 367 1378 ελόντες
397 1330 469 1372 καὶ
498 1331 622 1384 μέχρι
650 1334 722 1384 τῆς
753 1329 877 1383 φλιᾶς
907 1333 980 1383 τῆς
1010 1328 1144 1383 πύλης
1175 1332 1248 1383 τῆς
1279 1326 1503 1382 ἐκκλησίας
1531 1327 1606 1369 σὺν
1626 1344 1709 1382 μη-

207 1401 444 1456 χανήμασιν
475 1398 713 1453 ἀγαγόντες,
746 1398 818 1439 καὶ
848 1398 993 1452 χρόνῳ
1025 1402 1170 1452 συχνῷ
1190 1397 1424 1452 περαιτέρω
1446 1400 1712 1450 προενεγκεῖν

207 1470 366 1511 ἐκεῖνον
397 1469 477 1510 οὐκ
510 1467 806 1522 ἠδυνήθησαν·
841 1466 912 1508 καὶ
943 1465 1238 1512 καταλιπόντες
1269 1465 1397 1507 αὐτὸν
1423 1465 1711 1520 ἀνεχώρησαν.

205 1542 280 1580 τοῦ
319 1538 365 1579 δὲ
396 1536 625 1578 Ἰουλιανοῦ
664 1535 872 1582 θανόντος
911 1533 1037 1582 αὖθις
1080 1534 1208 1576 αὐτὸν
1249 1534 1273 1576 ὁ
1311 1534 1541 1581 ἐπίσκοπος
1584 1535 1711 1590 ἀνορ-
1725 1537 1773 1573 34

206 1607 359 1653 θώσας
389 1606 522 1661 ῥᾷστα
554 1605 612 1651 εἷς
642 1604 714 1646 τὸν
744 1604 874 1646 τόπον
905 1604 977 1646 τὸν
1009 1605 1160 1646 ἑαυτοῦ
1194 1603 1441 1659 ἐπανήγαγε.

10 718 41 806 ι

12 790 42 827 2³³}

13 828 43 869 g:

18 891 45 932 22&—

6 1374 34 1422 ε

36 1494 38 1498 ,

211 1725 228 1760 1
256 1725 450 1771 σημείωσαι
478 1722 546 1759 ΑΕ

283 1847 300 1882 1
328 1851 391 1881 σοῦ
419 1843 575 1891 prDi
642 1846 674 1880 3.
694 1843 716 1879 4
742 1858 806 1879 σοι·
835 1843 871 1878 τὸ
896 1844 1084 1888 πρόςωπον
1109 1842 1146 1878 τὸ
1171 1842 1417 1878 ἀναιδέστατον
1442 1842 1503 1878 καὶ
1528 1841 1712 1888 ἀσεβέστα-

282 1908 340 1929 τον
367 1894 407 1938 Β,
434 1899 498 1929 σοῢ
519 1893 557 1928 τὸ
575 1893 820 1928 ἀναιδέστατον
838 1892 898 1928 καὶ
916 1892 1145 1937 ἀσεβέστατον
1162 1892 1351 1936 πρόςωπον
1377 1890 1421 1936 R,
1449 1905 1513 1926 σου
1540 1892 1620 1932 (σοῦ
1635 1893 1713 1936 wp)

283 1942 321 1978 τὸ
346 1942 576 1987 ἀσεβέστατον
600 1941 661 1976 καὶ
689 1941 935 1976 ἀναιδέστατον
960 1941 1150 1984 πρόςωπον
1176 1939 1278 1985 pr
1393 1939 1416 1974 5
1440 1939 1600 1984 στρατίαν
1627 1939 1713 1983 (Sic)

282 1990 351 2025 Ab]
447 1990 469 2024 6
492 1989 627 2034 θαρσὸν
655 1989 684 2024 E
795 1988 815 2023 7
839 1989 956 2026 πόλεις
983 1987 1014 2022 Β
1118 1987 1140 2023 8
1163 1989 1367 2033 περίφημος
1398 1986 1500 2033 pr
1528 1986 1715 2028 (relatum

283 2038 335 2074 ad
360 2037 473 2082 πόλις)
571 2037 593 2072 9
617 2035 748 2082 ἔτυχεν]
775 2037 900 2081 ἔλαχεν
922 2035 970 2080 D,
998 2046 1100 2071 corr.
1117 2035 1185 2073 Dw
1284 2036 1327 2070 11
1354 2035 1451 2070 οἰκεῖ
1470 2034 1554 2070 ναὸν
1578 2033 1624 2079 A,
1647 2034 1653 2079 Ι
1675 2048 1716 2069 ον

282 2086 366 2122 ναὸν
393 2086 539 2121 omisso
565 2086 661 2120 οἰκεῖ
682 2084 711 2120 C
820 2085 1104 2130 ἀποκαταστῆσαι
1132 2081 1346 2129 BSprDi
1454 2083 1498 2118 15
1525 2083 1640 2128 φλυᾶς
1667 2081 1714 2127 D,

285 2145 386 2170 corr.
415 2133 482 2171 Dw
583 2133 627 2168 16
655 2133 882 2178 ἀναγαγόντες
908 2132 939 2167 Ε
1037 2137 1158 2177 συχνῷ
1187 2130 1233 2175 A,
1260 2131 1381 2176 πολλῷ
1409 2130 1508 2177 pr
1610 2144 1715 2176 προς-

285 2187 438 2227 ενεγκεῒν
467 2181 498 2216 Ε
596 2181 640 2216 17
666 2181 802 2215 ἐκεῖνον
830 2190 905 2216 om.
933 2179 964 2214 Β
1064 2180 1108 2214 18
1134 2180 1155 2213 ὁ
1181 2190 1255 2215 om.
1284 2179 1314 2214 Ε

214 2313 362 2349 scopus
380 2302 595 2338 laborabat
613 2300 881 2346 lippitudine).
932 2299 1035 2335 Tum
1059 2300 1124 2335 ille
1145 2299 1343 2346 “Magnas
1363 2310 1442 2344 ago
1462 2299 1618 2344 gratias
1637 2308 1715 2334 ser·
1730 2295 1776 2332 29

8 2360 33 2398 ᾖ
214 2351 347 2387 vatori
373 2360 463 2386 meo
487 2349 672 2385 Cln·isto''
698 2349 755 2384 ait
776 2348 921 2394 “quod
947 2349 1004 2383 ita
1029 2348 1125 2382 milri
1148 2347 1361 2392 consuluit,
1389 2350 1434 2382 ut
1452 2357 1535 2382 non
1554 2346 1716 2382 videam

217 2410 260 2435 os
286 2403 400 2435 tuum
428 2397 641 2444 impudens
668 2400 708 2432 et
733 2396 1053 2442 impiissimum''.

335 2446 484 2482 Contra
500 2445 643 2480 Persas
659 2445 841 2480 exercitu
860 2447 968 2479 moto
988 2444 1098 2478 venit
1117 2443 1300 2486 Tarsum,
1328 2443 1367 2478 in
1389 2441 1552 2478 Ciliciae
1573 2442 1715 2477 urbem
1730 2440 1778 2476 30

216 2494 426 2539 illustrem3
467 2503 586 2539 quem
619 2493 673 2527 ibi
709 2495 939 2527 versantem
967 2490 1170 2526 Artemius
1203 2491 1302 2526 adiit
1328 2489 1561 2535 Aesculapii
1588 2489 1775 2525 sacer-31

217 2543 290 2577 dos
317 2562 359 2567 -
388 2546 474 2577 erat
501 2542 605 2577 enim
626 2540 762 2586 Aegis,
789 2540 828 2575 in
855 2539 1017 2575 Ciliciae
1044 2539 1223 2574 eiusdem
1251 2539 1365 2582 urbe,
1393 2538 1553 2573 celebre
1567 2536 1718 2573 Aescu-

218 2591 312 2636 lapii
340 2590 533 2635 templum
560 2608 602 2614 —
631 2598 806 2633 eumque
834 2588 1007 2633 rogavit,
1038 2591 1083 2622 ut
1111 2587 1334 2630 columnae,
1367 2596 1468 2631 quas
1495 2585 1718 2621 abstulerat

219 2639 295 2673 boc
327 2648 378 2673 ex
411 2647 528 2672 sacro
561 2637 727 2671 antistes
761 2635 1026 2671 multitudinis
1054 2635 1371 2670 Christianorum
1403 2634 1535 2679 iisque
1567 2633 1719 2669 inaedi-

221 2686 415 2721 ficaverat
441 2695 557 2721 suum
584 2684 788 2730 templum,
814 2684 1125 2719 restituerentur
1152 2692 1291 2718 rursus
1310 2682 1458 2726 templo
1474 2680 1718 2727 Aesculapii.

222 2733 356 2779 Atque
382 2736 569 2779 apostata
595 2732 700 2767 illico
727 2731 767 2766 id
794 2732 879 2766 ficri
913 2732 1027 2766 iussit
1060 2731 1287 2776 sumptibus
1320 2730 1510 2775 episcopi.
1560 2727 1789 2774 Pagani3‘2.
1817 2727 1862 2762 33

222 2782 358 2827 igitur,
398 2790 488 2816 eum
517 2781 586 2815 vix
613 2783 653 2815 et
680 2779 886 2815 laboribus
911 2779 1045 2814 multis
1081 2783 1120 2814 et
1151 2778 1342 2823 impensis
1376 2777 1562 2812 maximis
1595 2786 1718 2812 unam

223 2829 451 2864 columnam
479 2828 702 2863 detractam
727 2837 858 2873 usque
884 2827 937 2862 ad
965 2831 1118 2873 postem
1146 2830 1288 2871 portae
1315 2825 1510 2861 ecclesiae
1530 2835 1621 2860 eum
1639 2834 1719 2860 ma-

224 2877 351 2913 chinis
377 2876 600 2921 duxissent,
626 2886 678 2911 ne
705 2875 828 2922 longo
856 2875 1017 2921 quidem
1045 2878 1226 2920 tempore
1250 2873 1356 2909 illam
1374 2873 1545 2909 ulterius
1564 2882 1720 2919 promo-

225 2936 320 2963 vere
348 2927 586 2972 potuerunt3
611 2924 749 2971 itaque
776 2933 825 2960 ea
848 2923 987 2960 relicta
1005 2925 1273 2959 recesserunt.
1323 2920 1481 2958 Iuliano
1501 2930 1599 2958 vero
1618 2930 1719 2958 mor·
1733 2918 1780 2957 34

4 2581 36 2622 ³33}

19 2617 30 2626 a

6 2624 36 2672 ἤι
