2054 3282
373 259 444 297 514
778 257 959 297 ZONAR.
986 257 1117 295 ΕΡΙΤ.
1144 256 1235 295 XVI
1261 259 1317 304 28,
1343 258 1471 296 2-13.

372 381 443 423 καὶ
475 382 616 436 γέγονε
647 381 765 436 λιμὸς
799 380 980 435 ἰσχυρός,
1025 381 1073 421 ὃν
1105 381 1161 426 εἷς
1193 381 1346 422 οἰκεῖον
1377 381 1530 435 κέρδος
1561 382 1585 422 ὁ
1617 382 1919 439 ΝικηφόροςῙ)
1938 390 2052 429 IV88

371 451 609 505 μετήνεγκε,
652 450 904 504 τι,ι.ιιούλκῶν
944 448 1015 489 τὸν
1052 452 1162 489 σῖτον
1200 448 1271 490 καὶ
1306 449 1462 490 πολλοῦ
1494 453 1639 491 τοῦτον
1670 451 1869 493 ἀποδιδό-

163 522 277 558 WIII
292 522 358 556 165
370 534 498 572 μενος
527 522 612 564 τοῖς
642 518 901 572 λιμώττουσι,
934 516 1044 572 μηδὲ
1066 517 1303 571 φροντίζων
1334 517 1393 558 ὅτι
1426 517 1774 573 δημοκατάρατος
1803 519 1868 575 ἦν,

372 586 458 627 ἀλλ’
492 587 638 640 αὐχῶν
668 586 827 640 μᾶλλον
859 585 920 631 ὡς
952 586 1181 639 εὐεργετῶν
1211 585 1257 626 τὸ
1289 586 1492 640 ὑπήκοον,
1538 587 1598 627 ὅτι
1638 587 1716 629 δύο
1753 589 1868 643 μεδί-

336 659 358 693 3
370 670 503 708 μνους
534 653 763 707 ἐπίπρασκε
790 658 851 707 τῷ
872 654 1106 708 νομίσματι,
1140 653 1211 694 καὶ
1231 657 1358 695 ταῦτα
1379 655 1645 709 παράδειγμα
1668 656 1780 710 ἔχων
1799 656 1871 698 τὸν
1884 664 1906 699 5

372 721 603 763 ΙΙῙακεδόνα
631 722 862 775 Βασίλειον,
896 723 1018 763 οὔπω
1051 723 1161 763 πάνυ
1193 721 1346 777 πρῴην
1375 723 1734 777 μεγαλοπρέπειαν]
1763 724 1871 779 πρὸς

334 790 561 844 4τοιαύτην
592 790 751 831 ἔνδειαν
783 790 1082 844 ἐνδειξάμενον.
1146 790 1268 845 (ὶπῄει
1300 791 1379 844 γάρ
1411 807 1510 832 ποτε
1542 791 1566 832 ὁ
1595 792 1870 846 αὐτοκράτωρ

371 859 538 912 ἐκεῖνος,
585 859 749 913 συνήθη
790 859 1042 913 ποιούμενος
1078 859 1267 913 πρόοδον
1298 860 1354 905 εἶς
1384 859 1455 901 τὸν
1485 863 1570 901 τῶν
1602 860 1733 914 ἁγίων
1764 861 1869 902 ἀπο-

327 926 530 968 Οστόλων
572 926 687 976 ναόν,
733 928 807 968 καί
845 943 956 973 τινας
998 930 1083 968 τῶν
1124 932 1197 982 τῆς
1237 927 1402 974 πόλεως
1440 929 1598 982 ἄνδρας
1634 929 1872 984 ὕπόσεμνον

371 995 608 1041 δεικνύντας
646 996 890 1050 κατάστημα
929 996 1194 1050 θεασάμενος
1224 997 1614 1050 σκυθρωπάζοντας
1643 998 1766 1051 ἤρετο
1797 996 1870 1051 τὴν
1887 1005 1930 1040 10

334 1063 499 1105 5αἷτίαν
529 1068 602 1118 τῆς
634 1064 1005 1119 σκυθραωότητος.
1069 1065 1109 1105 οἳ
1141 1065 1188 1106 δέ
1217 1065 1318 1106 “καὶ
1348 1068 1442 1111 πῶς
1475 1066 1553 1106 οὐκ
1585 1067 1637 1107 ἂν
1668 1067 1868 1120 σκυθρω-

368 1132 609 1186 πάζοιμεν”
646 1133 810 1187 ἔφασαν
849 1133 1072 1181 “δέσποτα,
1118 1133 1404 1188 ἐπηρτημένον
1440 1135 1539 1188 ἡμῖν
1577 1133 1758 1187 ὁρῶντες
1800 1134 1871 1175 τὸν

369 1201 570 1254 θάνατον,
606 1201 720 1255 οἵγε
753 1201 831 1243 δύο
862 1201 1091 1256 μεδίμνους
1123 1202 1235 1243 σίτου
1267 1202 1324 1248 εἷς
1352 1202 1534 1256 νόμισμα
1556 1206 1742 1257 χρυσοῦν
1763 1203 1868 1251 ἔξω-

334 1269 626 1323 6νούμεθα,·”
656 1273 778 1310 τοῦτο
811 1270 998 1316 ἀκούσας
1030 1270 1186 1316 ἐκεῖνος
1217 1270 1428 1325 ἀνῴμωξε
1458 1270 1529 1312 καὶ
1559 1275 1644 1317 τοῖς
1666 1270 1745 1325 μὲν
1765 1272 1868 1326 χρή-

369 1352 470 1391 μασι
493 1337 567 1392 τὴν
589 1338 820 1393 κατήφειαν
846 1338 977 1391 ἔλυσε,
1008 1342 1092 1384 τοῖς
1116 1339 1160 1380 δὲ
1181 1338 1254 1385 τὰς
1273 1338 1484 1385 πολιτικὰς
1505 1340 1870 1394 ἒγκεχειρισμένοις
1884 1348 1928 1382 15

373 1405 508 1460 ἀρχὰς
540 1406 835 1461 ἒλοιδορήσατό
867 1422 908 1447 τε
939 1407 1009 1448 καὶ
1048 1407 1300 1462 ἐπηράσατο,
1345 1408 1404 1449 ὅτι
1446 1408 1505 1462 μὴ
1551 1407 1678 1449 αὐτὸν
1712 1407 1761 1449 τὰ
1798 1413 1870 1463 τῆς

335 1474 532 1520 Ίένδείας
563 1475 776 1523 ἐδίδαξαν·
810 1474 881 1516 καὶ
912 1475 1042 1520 εὐθὺς
1072 1475 1169 1522 τοὺς
1199 1475 1437 1530 βασιλικοὺς
1463 1479 1638 1522 σιτῶνας
1659 1477 1871 1532 ἀνοιγῆναι

370 1603 392 1639 5
418 1605 453 1639 τί
473 1604 635 1649 ἐποίησεν
661 1605 682 1638 ὁ
705 1603 889 1640 Μακεδὼν
914 1605 1096 1644 Βασίλειος
1122 1606 1292 1645 σιτοδείας
1317 1606 1371 1641 ἐπὶ
1402 1611 1472 1642 τῶν
1503 1606 1647 1652 ἡμερῶν
1678 1606 1784 1642 αὐτοῦ
1813 1620 1868 1652 γε-

369 1652 519 1697 νομένης
546 1652 608 1688 CE

443 1771 461 1806 1
488 1770 589 1817 λιμός
617 1782 718 1807 corr.
747 1782 797 1807 ex
823 1771 930 1817 λομὸς
958 1772 1101 1813 (voluit
1125 1772 1260 1818 λοιμὸς)
1287 1772 1323 1809 Α
1443 1773 1465 1808 '2
1491 1774 1732 1819 ταμειουλκῶν
1757 1773 1866 1821 Ewp‚

441 1820 668 1864 ταμιουλκῶν
695 1830 746 1855 ex
773 1821 989 1865 τιμιουλκῶν
1014 1824 1143 1856 mutat
1170 1821 1200 1856 B
1339 1822 1362 1857 3
1388 1825 1479 1867 post
1503 1822 1547 1868 ἦν
1572 1823 1665 1857 add.
1691 1822 1781 1858 κατὰ
1808 1823 1866 1858 τὸν

442 1867 647 1912 σολομῶντα
674 1867 879 1912 [proverb.
906 1867 963 1902 XI
989 1867 1047 1912 26]
1074 1871 1394 1914 παροιμιαζόμενον
1421 1870 1517 1915 pr
1628 1870 1662 1905 4.
1687 1870 1710 1905 5
1734 1870 1865 1915 μᾶλλον

442 1914 736 1959 ὦς-ἔπίπρασκε
763 1926 838 1950 om.
868 1915 896 1949 Ε
1017 1916 1039 1950 5
1065 1916 1128 1961 τῷ]
1156 1917 1195 1951 τὸ
1220 1918 1251 1952 Ε
1372 1917 1394 1952 6
1420 1916 1463 1952 οὗ
1487 1917 1524 1952 τὸ
1548 1922 1617 1952 πᾶν
1642 1917 1664 1963 ἡ
1690 1917 1738 1962 D,
1763 1918 1864 1953 οὕπω

440 1962 532 1997 πάνυ
560 1973 662 1998 corr.
689 1962 757 2001 Dw
892 1963 1192 2008 μεγαλοπρέπειαν
1219 1975 1292 2000 om.
1321 1964 1362 2008 C,
1385 1965 1661 2010 μεγαλοπρέπεια
1687 1964 1735 2010 D,
1762 1975 1863 2001 corr.

440 2009 510 2048 Dw
638 2010 659 2045 7
684 2010 807 2052 ἕνδειξ.
834 2011 970 2045 ἔνδειαν
996 2011 1092 2057 Ewp
1226 2013 1248 2047 9
1274 2017 1343 2047 τῶν
1370 2023 1444 2047 om.
1473 2012 1508 2047 D
1644 2013 1685 2047 11
1713 2013 1764 2058 οἷ]
1790 2014 1811 2048 ὁ
1835 2013 1864 2050 C

489 2057 549 2093 καὶ
577 2068 651 2093 om.
679 2057 714 2092 D
813 2058 855 2093 ἂν
879 2057 922 2093 οὐ
947 2056 983 2092 D
1082 2060 1127 2094 12
1152 2060 1288 2105 ἔφησαν
1315 2060 1346 2095 O
1446 2060 1490 2095 13
1516 2064 1610 2096 ante
1638 2074 1676 2106 γε
1701 2061 1792 2096 add.
1819 2061 1864 2105 δή

441 2104 538 2151 Ewp
661 2105 852 2150 ὠνούμεθα
877 2107 1029 2151 χρύσεον
1058 2106 1088 2142 O
1222 2108 1265 2142 14
1291 2113 1395 2143 ταῦτα
1421 2107 1452 2142 Β
1572 2109 1705 2147 ἐκεῖνος
1731 2119 1806 2143 om.
1834 2109 1864 2143 E

442 2153 487 2188 15
513 2153 707 2198 κατάφειαν
732 2154 763 2188 Ε
860 2154 1179 2199 ε’γκεχωρισμὲιάις
1205 2155 1236 2190 Ε
1335 2156 1379 2191 16
1404 2155 1464 2190 καὶ
1488 2155 1687 2201 ἐπηράσατο
1704 2156 1764 2191 καὶ
1780 2156 1864 2191 ἕλοι-

441 2200 616 2246 δορὴσατο
644 2200 675 2236 Ο

367 2307 476 2344 fame
504 2308 766 2344 vehementer
790 2308 1030 2354 laboratum,
1070 2320 1190 2355 quam
1218 2310 1468 2356 Nicephorus
1492 2311 1533 2345 in
1560 2321 1677 2346 suum
1706 2310 1863 2347 lucrum

369 2356 570 2391 convertit
608 2356 797 2392 frumenti
829 2357 959 2402 pretio
995 2361 1114 2393 aucto
1149 2362 1187 2394 et
1220 2358 1489 2393 esurientibus
1517 2369 1666 2404 mag-no
1699 2369 1862 2394 venum-

369 2402 475 2447 dato,
514 2413 596 2438 non
629 2407 824 2449 reputans
856 2414 900 2440 se
925 2405 1096 2450 publicis
1131 2406 1478 2441 exsecrationibus
1511 2406 1729 2441 obnoxium
1763 2416 1862 2449 esse,

367 2450 438 2485 sed
463 2450 757 2496 benignitatem
785 2453 919 2497 potius
945 2461 1060 2487 suam
1079 2463 1178 2499 erga
1196 2453 1398 2488 subiectos
1417 2454 1582 2497 iactans,
1611 2453 1719 2498 quod
1745 2454 1862 2489 binos

330 2495 588 2533 3medimnos
616 2509 741 2534 aureo
768 2499 975 2544 venderet,
1003 2501 1187 2545 quamvis
1215 2500 1442 2546 exemplum
1468 2500 1604 2535 Basilii
1630 2501 1861 2536 Macedonis

366 2545 544 2589 haberet,
588 2546 654 2592 qui
682 2547 722 2581 in
750 2546 819 2582 tali
846 2548 1017 2592 penuria
1043 2558 1090 2583 se·
1112 2548 1326 2594 magnifice
1352 2558 1434 2583 non
1459 2549 1516 2582 ita
1545 2548 1635 2583 olim
1666 2552 1860 2594 gesserat.

329 2590 352 2625 4
365 2591 465 2628 Nam
493 2603 583 2628 cum
602 2593 667 2629 isse
685 2594 904 2639 imperator
922 2595 1140 2640 aliquando
1161 2595 1210 2631 de
1230 2605 1340 2631 more
1360 2594 1396 2631 S.
1417 2596 1691 2641 apostolorum
1719 2596 1859 2631 aedem

365 2640 535 2676 intraret
574 2643 614 2676 et
651 2642 760 2677 cives
800 2642 997 2687 quosdam
1035 2643 1249 2688 gravitatis
1288 2643 1438 2688 aliquid
1477 2653 1575 2688 prae
1607 2653 1650 2678 se
1685 2644 1861 2680 ferentes

329 2685 541 2723 5maestos
568 2689 856 2734 conspexisset,
896 2700 1059 2725 causam
1092 2690 1277 2725 tristitiae
1308 2691 1524 2735 quaesivit3
1561 2694 1645 2726 tum
1671 2691 1727 2726 illi
1751 2690 1860 2726 “Do-

365 2734 504 2770 mine'’
540 2735 729 2781 inquiunt
767 2737 867 2782 “qui
903 2747 986 2772 non
1024 2738 1156 2773 tristes
1200 2747 1355 2781 sumus,
1406 2748 1496 2772 cum
1538 2741 1706 2774 mortem
1743 2738 1860 2774 nobis

365 2782 579 2818 instantem
614 2783 835 2829 videamus,
874 2785 1021 2829 quibus
1058 2786 1142 2820 bini
1176 2785 1365 2820 frumenti
1404 2785 1592 2820 medimni
1631 2796 1754 2821 aureo
1781 2786 1860 2821 sint

330 2828 582 2864 Gemendi?”
607 2830 762 2872 Quibus
788 2832 852 2867 ille
879 2832 1026 2867 auditis
1052 2833 1250 2879 ingemuit
1276 2835 1315 2868 et
1333 2833 1505 2878 pecunia
1524 2833 1679 2868 illorum
1700 2834 1859 2868 tristitia

366 2885 538 2912 excussa
565 2878 702 2913 civiles
720 2880 981 2924 mag-istratus
1001 2882 1059 2914 est
1078 2882 1322 2924 exsecratus,
1351 2880 1460 2925 quod
1478 2881 1530 2915 ab
1548 2881 1595 2915 iis
1620 2881 1669 2915 de
1688 2881 1858 2926 penuria

331 2922 445 2961 711011
467 2925 598 2960 factus
617 2928 720 2961 esset
735 2927 891 2972 certior,
911 2937 958 2962 ac
974 2928 1104 2963 statim
1124 2928 1247 2974 regiis
1265 2928 1466 2974 granariis
1480 2927 1629 2975 apertis
1649 2927 1858 2964 duodenos
