2066 3230
372 223 655 262 NICEPHORI
680 225 828 264 MORS.
878 225 1106 266 ALEXIVS
1130 226 1444 266 SALVTATVR
1468 226 1584 266 REX.
1651 230 1722 268 727

44 306 71 405 ἰ
230 345 527 399 παρεσάλευον.
588 348 613 389 ὃ
643 347 807 401 γνόντες
837 346 951 390 οὗτοι
980 348 1052 391 καὶ
1081 350 1142 405 μή
1178 366 1213 391 τι
1247 349 1421 392 πάθωσι
1456 351 1719 406 πτοηθέντες,
1733 356 1756 392 3

42 391 71 482 ξ’,
232 413 295 460 ὥς
333 414 380 457 δὲ
418 414 556 470 λόγος,
598 415 671 458 καὶ
705 416 832 458 πάλαι
866 414 968 471 παρ’
1000 418 1163 465 ἑαυτοῖς
1190 417 1263 461 τὸν
1291 422 1365 474 τῆς
1392 418 1602 473 βασιλείας
1630 420 1720 475 τρέ-

40 477 69 565 Ξ
231 497 381 535 φοντες
416 484 567 538 ἔρωτα,
611 484 683 526 καὶ
718 485 856 531 ἄλλοις
892 485 955 532 οἷς
991 486 1207 540 ἐθάρρουν
1242 486 1290 529 τὸ
1319 487 1535 542 βούλευμα
1567 503 1720 530 κοινω-

40 589 54 605 u
231 550 416 605 σάμενοι,
449 552 629 607 ἐξῆλθον
658 557 731 608 τῆς
759 553 925 600 πόλεως
954 554 1025 595 καὶ
1054 553 1130 609 τὴν
1148 555 1268 596 πόλιν
1282 555 1504 609 Ἀδριανοῢ
1535 557 1720 612 κατειλη-

37 612 57 677 Ξ
193 622 217 659 5
230 618 356 674 φότες
386 620 444 667 εἷς
474 620 647 668 ἑαυτοὺς
676 620 723 663 τὸ
749 621 1042 676 στρατιωτικὸν
1063 622 1232 677 ξύμπαν
1252 622 1404 678 σχεδὸν
1424 624 1719 667 ἐπεσπάσαντο.

36 695 53 739 1}
229 687 301 729 καὶ
321 688 616 743 ἀναγορεύεται
638 689 830 744 βασιλεὺς
851 690 876 731 ὁ
897 690 1089 745 Ἀλέξιος,
1122 694 1196 733 τοῦ
1226 692 1420 746 μείζονος
1447 693 1756 748 προτιμηθεὶς4

32 750 53 819 J
229 756 431 811 ἀδελφοῦ,
475 757 535 799 ὅτι
571 773 613 799 τε
647 759 915 812 προσέκειντο
950 759 1087 813 τούτῳ
1127 761 1168 802 οἶ
1197 764 1439 814 στρατιῶται
1468 761 1628 815 μᾶλλον
1658 762 1764 809 ὡςΒ

229 827 602 880 στρατηγικωτέρῳ
637 826 709 868 καὶ
747 827 808 868 ὅτι
845 827 1011 883 σπουδῇ
1041 844 1083 870 τε
1113 828 1185 870 καὶ
1215 829 1459 883 ὑποσχέσεσι
1488 828 1605 884 παρὰ
1634 833 1721 872 τῶν

30 898 51 948 ξι
229 893 324 947 περὶ
354 893 482 936 αὐτὸν
510 894 889 950 μεθειλκύσθησαν.
950 896 1087 943 οὕτως
1117 895 1194 939 οὖν
1221 897 1477 952 ἀναρρηθεὶς
1497 898 1523 939 ὁ
1541 898 1755 947 Ἀλέξιοςῦ

28 960 49 1005 ,3¹
173 965 220 1002 10
230 962 302 1004 καὶ
331 966 406 1004 τοῦ
430 962 641 1005 Ἰσαακίου
676 963 736 1018 μὴ
773 964 885 1005 πάνυ
922 980 957 1006 τι
992 963 1101 1019 πρὸς
1138 964 1212 1020 τὴν
1247 965 1475 1020 ἀνάρρησιν
1515 966 1718 1021 δυσχερά·

24 1011 49 1138 Ξ»
229 1046 389 1084 ναντος,
433 1030 508 1086 τὴν
537 1032 727 1083 βασιλίδα
757 1032 1067 1087 καταλαμβάνει
1097 1032 1168 1075 καὶ
1197 1032 1307 1087 πρὸς
1334 1034 1579 1088 πολιορκίαν
1608 1034 1718 1089 ἡτοί-

226 1111 383 1154 μαστο·
417 1100 442 1141 ὁ
464 1100 510 1142 δὲ
531 1100 809 1161 Βοτανειάτης
828 1104 914 1147 τοῖς
933 1101 1101 1156 τείχεσιν
1131 1102 1326 1157 ἐπέστησε
1356 1102 1560 1156 φύλακας.
1611 1102 1754 1157 ἦσαν6

20 1203 43 1207 ,,
229 1167 275 1210 δὲ
304 1169 403 1222 περί
434 1184 521 1211 τινα
557 1169 722 1223 πύργον
755 1168 865 1223 πρὸς
901 1174 951 1224 τῇ
988 1170 1098 1225 πύλῃ
1136 1175 1209 1225 τῆς
1244 1170 1421 1225 πόλεως,
1465 1173 1491 1226 ἣ
1523 1170 1717 1226 Χαρσίου

71 1238 126 1276 IV
143 1239 214 1276 233
227 1236 419 1291 καλεῖται,
449 1237 730 1292 φυλάσσοντες
750 1237 949 1291 Νέμιτζοι
973 1237 1116 1292 (ἔθνος
1138 1238 1176 1280 δ’
1200 1240 1240 1281 οἱ
1261 1238 1458 1293 Νέμιτζοι
1481 1239 1717 1294 Κελτικόν)·

20 1317 24 1326 ·“
168 1310 213 1346 15
227 1303 341 1347 οὗτοι
378 1305 520 1360 λάθρᾳ
555 1309 640 1352 τοῖς
674 1306 769 1359 περὶ
807 1305 904 1352 τοὺς
935 1305 1191 1361 Κομνηνοὺς
1225 1306 1594 1362 ἕκοινολογήσαντο
1623 1308 1719 1362 περὶ

225 1374 458 1428 προδοσίας
477 1378 551 1429 τῆς
570 1373 746 1420 πόλεως.
808 1374 947 1416 ἔωθεν
967 1373 1044 1416 οὖν
1073 1374 1180 1416 κατὰ
1210 1375 1285 1430 τὴν
1313 1375 1498 1430 μεγάλην
1527 1376 1718 1431 πέμπτην
1731 1380 1753 1417 7
1779 1380 1808 1418 C

224 1446 298 1499 τῆς
338 1442 580 1498 ἑβδομάδος
621 1446 695 1484 τοῦ
733 1443 943 1497 σωτηρίου
980 1442 1151 1489 πάθους
1185 1446 1259 1485 τοῦ
1296 1448 1487 1499 σωτῆρος
1522 1445 1648 1499 ἡμῶν
1677 1445 1719 1486 οἱ

223 1510 303 1567 μὲν
331 1511 426 1566 περὶ
455 1510 553 1558 τοὺς
576 1510 831 1566 Κομνηνοὺς
860 1515 922 1565 τῷ
951 1508 1042 1553 κατ’
1075 1510 1244 1565 ἀντικρὺ
1274 1515 1347 1554 τοῦ
1378 1511 1494 1566 παρὰ
1525 1516 1610 1555 τῶν
1632 1512 1716 1555 Νε-

180 1630 186 1635 ’
225 1627 248 1664 6
272 1627 495 1674 ἀναγόρευσις
519 1632 580 1664 τοῦ
604 1627 778 1674 βασιλέως
802 1632 914 1672 κυροῦ
942 1629 994 1670 (V.
1021 1637 1178 1674 argum.
1206 1627 1259 1663 ad
1285 1638 1322 1674 p.
1342 1627 1423 1673 712,
1447 1627 1485 1669 4)
1507 1627 1656 1671 Ἀλεξίου
1681 1626 1717 1665 Α

298 1746 317 1781 1
343 1746 366 1780 ἃ
392 1743 448 1781 Di
473 1745 610 1780 invitis
635 1743 771 1791 Apr
867 1744 1000 1780 πάθοσι
1027 1744 1123 1791 Ewp
1220 1743 1243 1780 5
1268 1744 1407 1789 σύμπαν
1433 1743 1476 1788 B,
1503 1754 1540 1780 v.
1555 1744 1607 1780 ad
1622 1743 1717 1780 XIII

296 1793 331 1836 5,
350 1793 368 1828 1
467 1792 659 1828 §neone-ino
685 1792 717 1828 Ε
814 1792 836 1828 7
859 1792 992 1837 μᾶλλον
1016 1795 1107 1838 post
1132 1792 1244 1836 τούτῳ
1271 1791 1368 1838 pr
1466 1791 1535 1828 7.8
1559 1793 1596 1827 οἵ
1617 1805 1716 1837 στρα-

296 1845 436 1923 τιῶταλ
430 1843 521 1887 post
532 1839 846 1923 ἔτίἷτῐνέγέκῧτέρῳ
857 1839 1018 1923 ῼονξέάνυ
1029 1839 1114 1922 7⁰5}-
1126 1850 1202 1923 ogi.
1214 1839 1245 1875 E
1274 1839 1341 1922 118
1353 1838 1716 1923 ’‘ggg'fiuffwppi'

297 1899 389 1972 3321.
416 1939 486 1971 τῶν
509 1935 648 1971 πόλεων
674 1934 704 1971 c
839 1935 882 1971 13
905 1935 1000 1979 παρά
1026 1914 1121 1980 ngi
1253 1898 1388 1979 πῡργῖν
1414 1889 1716 1978 (εἰξῗ’ᾼ,“’ἷξαὲἰῖ

296 1983 392 2020 XIII
417 1983 452 2027 3,
477 1983 522 2019 15
631 1981 677 2018 14
701 1983 855 2027 νέμετζοι
882 1981 974 2027 (bis)
1001 1981 1145 2028 AEwp,
1171 1982 1320 2026 νέμιτζοι
1349 1979 1449 2026 Οὒί,
1478 1982 1523 2018 18
1547 1982 1717 2026 νεμίτζων

296 2029 464 2078 ARpDi,
491 2031 642 2075 νιμίζων
667 2030 747 2075 Ew,
775 2041 811 2076 p.
838 2029 956 2074 728‚3
980 2030 1150 2074 νεμίτζων
1175 2027 1381 2075 AprDi,
1409 2039 1446 2064 v.
1460 2027 1564 2065 Anu.
1579 2028 1715 2065 Comn.

296 2078 313 2114 Ῑ
340 2078 483 2138 p.120,
511 2078 565 2114 10.
595 2078 673 2122 121,
698 2078 721 2114 3
903 2077 935 2113 δ’
961 2077 1008 2122 οἱ]
1035 2077 1079 2123 δὴ
1106 2076 1135 2113 C
1325 2075 1369 2112 15
1395 2082 1463 2115 τοῖς
1487 2090 1523 2111 π.
1548 2074 1715 2130 Βξνρῦἰ,

296 2140 377 2166 τους
400 2139 437 2161 π.
462 2125 498 2161 Α
618 2125 948 2171 κοινολογησάμενοι
975 2124 1010 2159 D
1134 2124 1178 2160 18
1202 2123 1279 2160 κατ’
1305 2123 1447 2169 ἀντικρὺ
1473 2123 1611 2167 AEDt,
1636 2137 1716 2159 κατ·

296 2173 444 2220 αντικρὺ
471 2173 515 2219 O,
543 2173 620 2209 κατ’
646 2173 792 2218 ἅντικρυ
819 2172 905 2219 w*p

225 2282 464 2329 cogitarent,
513 2284 554 2318 et
595 2281 704 2327 regis
745 2290 846 2327 erga
890 2279 976 2316 illos
1026 2279 1204 2315 animum
1246 2278 1347 2314 clam
1390 2278 1635 2314 vellicabant
1676 2281 1717 2315 ct

225 2329 531 2367 exulcerabant.
581 2329 669 2372 Quo
704 2328 758 2363 illi
791 2338 838 2364 co
902 2328 956 2363 ito
995 2327 1124 2371 veriti,
1161 2336 1213 2362 ne
1252 2326 1348 2372 quid
1386 2327 1555 2371 gravius
1594 2326 1634 2361 in
1673 2324 1754 2362 seB

226 2377 518 2419 consuleretur,
555 2380 595 2412 ct
621 2376 737 2422 regni
769 2385 846 2421 cup
865 2375 1001 2418 ditato,
1040 2379 1085 2409 ut
1118 2376 1227 2409 fama
1252 2377 1324 2418 est,
1361 2374 1440 2409 iam
1467 2373 1558 2409 olim
1585 2378 1716 2409 aestu-

226 2429 353 2470 antes,
391 2425 686 2460 communicato
719 2433 809 2458 cum
843 2423 890 2458 iis
922 2422 1069 2468 quibus
1100 2421 1280 2457 fidebant
1305 2420 1484 2465 consilio,
1521 2420 1624 2457 urbe
1650 2430 1716 2456 ex-

226 2473 376 2509 cedunt
407 2476 447 2509 et
477 2471 767 2518 Hadrianopoli
802 2474 1000 2516 occupata
1033 2479 1171 2505 omnes
1203 2478 1333 2515 paene
1365 2468 1545 2514 legiones
1583 2467 1635 2503 ad
1673 2478 1717 2504 se

226 2520 446 2557 attrahunt.
496 2519 663 2555 Alexius
689 2523 822 2554 autem
850 2517 1050 2553 salutatur
1076 2527 1160 2560 rex,
1186 2516 1300 2552 fratri
1323 2520 1423 2551 natu
1445 2516 1586 2551 maiori
1606 2525 1715 2561 prae·
1730 2514 1754 2550 4

225 2568 343 2614 latus,
369 2571 453 2604 tum
481 2567 589 2613 quod
617 2567 668 2603 ob
694 2567 751 2602 rei
779 2565 960 2601 militaris
986 2564 1170 2611 peritiam
1197 2563 1442 2599 exercitibus
1467 2567 1554 2598 erat
1572 2563 1716 2606 carior,

226 2620 311 2652 tum
341 2615 451 2661 quod
486 2615 742 2650 familiarium
777 2612 920 2648 studiis
953 2618 993 2647 et
1025 2611 1380 2658 pollicitationibus
1411 2610 1459 2646 iis
1493 2615 1581 2646 erat
1614 2620 1716 2646 com·

226 2662 451 2699 mandatus,
501 2662 671 2698 Alexius
708 2662 832 2706 igitur
869 2661 926 2695 sic
958 2658 1200 2701 declaratus,
1238 2658 1393 2694 Isaacio
1432 2667 1597 2703 prorsus
1633 2656 1754 2693 nonb

227 2720 354 2757 aegre
390 2710 557 2754 ferente,
597 2709 739 2745 urbem
779 2708 932 2752 regiam
967 2706 1019 2741 ad
1056 2706 1304 2742 obsidionem
1342 2709 1509 2751 paratus
1543 2705 1715 2748 invaditg

227 2757 461 2794 Botaniates
487 2767 585 2794 vero
612 2756 800 2793 custodes
828 2756 865 2790 in
892 2754 1104 2790 moenibus
1130 2753 1310 2790 collocat.
1363 2753 1486 2788 Erant
1510 2756 1643 2788 nutem
1663 2751 1714 2787 ad
1730 2751 1754 2787 6

227 2806 370 2843 turrim
403 2804 608 2852 quandam
641 2805 755 2840 sitam
792 2803 843 2838 ad
875 2803 988 2838 urbis
1014 2806 1170 2848 portam
1197 2800 1403 2836 Chai-siam
1430 2798 1619 2835 custodes
1644 2798 1716 2835 Ns·

228 2853 350 2897 mini,
375 2862 477 2899 gens
503 2851 670 2895 Gallica,
696 2852 764 2897 qui
791 2851 891 2886 clam
919 2859 1008 2885 cum
1035 2849 1249 2886 Comnenls
1275 2847 1325 2883 (ie
1350 2847 1463 2883 urbis
1489 2846 1717 2893 proditione

231 2903 415 2948 egerunt.
466 2898 584 2936 Mane
609 2900 734 2946 igitur
758 2907 909 2943 mag-na
941 2897 1042 2933 seria
1074 2897 1215 2943 quinta
1247 2895 1497 2942 septimanae
1529 2894 1754 2930 salutaris?
