1968 3302
300 224 348 265 90
698 223 878 264 ZONAR.
905 225 1036 263 EPIT.
1063 225 1161 263 XIII
1187 225 1242 272 19,
1271 223 1396 263 1—12.

299 353 394 404 ναῷ
426 347 492 392 διὰ
523 347 597 405 τὴν
627 351 713 391 τῶν
744 349 963 403 αἱρετικῶν
995 348 1204 391 ἀναίδειαν
1235 347 1306 391 καὶ
1336 348 1592 405 θρασύτητα,
1623 353 1697 392 τοῦ
1718 350 1796 405 βα-

255 416 448 465 Βσιλέως
475 417 705 461 Θεοδοσίου
734 417 807 464 τὰς
838 418 1059 472 ἐκκλησίας
1089 421 1173 464 τοῖς
1204 418 1456 471 ὄρθοδόξοις
1487 418 1698 465 ἀνεικότος
1727 418 1799 462 καὶ

299 487 396 533 τοὺς
427 488 733 540 ἀρειανίζοντας
764 486 1042 535 ἒκδιώξαντος
1071 488 1284 541 παρρησίᾳ
1305 487 1376 529 τόν
1396 504 1438 529 τε
1459 486 1550 529 υἱὸν
1572 487 1799 542 ὄμοούσιον

301 556 498 610 ἐκήρυττε
527 561 590 610 τῷ
620 555 743 608 πατρὶ
775 555 846 596 καὶ
876 554 923 596 τὸ
945 556 1062 609 ἅγιον
1083 560 1247 610 πνεῦμα
1270 555 1374 598 θεὸν
1399 557 1559 611 ἀμφοῖν
1581 572 1796 611 συμπροσ-

265 624 563 679 2κυ-νούμενον
602 624 673 665 καὶ
713 623 1088 678 συνδοξαζόμενον.
1152 625 1177 666 ὅ
1209 625 1288 679 γὰρ
1322 624 1602 673 Μακεδόνιος,
1650 626 1698 671 ὃς
1728 624 1834 667 καὶὸ

299 694 559 748 πατριάρχης
590 692 655 734 ἐπ’
688 692 837 746 ὀλίγον,
883 692 944 738 ὡς
975 693 1056 747 ἤδη
1091 692 1311 748 ἱστόρηται,
1355 698 1427 749 τῆς
1459 693 1797 736 Κωνσταντινου-

299 762 465 808 πόλεως
508 762 663 816 γέγονε,
708 760 812 802 θεὸν
849 760 951 802 αὐτὸ
988 762 1181 815 λέγεσθαι
1220 763 1299 804 οὐκ
1339 763 1534 817 ἠνείχετο,
1579 759 1666 804 ἀλλ’
1704 759 1796 805 οὔδ’

264 830 514 877 3ἷσοσθενὲς
544 835 605 884 τῷ
635 830 760 885 πατρὶ
790 830 861 872 καὶ
891 835 952 885 τῷ
983 831 1065 885 υἱῷ
1097 831 1190 872 οὔτε
1220 830 1307 885 μὴν
1338 831 1576 886 ὄμοούσιον.
1639 830 1704 873 διὸ
1728 830 1848 873 καὶῙ)
1867 830 1947 866 ῙῙῘ

300 900 325 953 ἡ
360 899 531 953 δευτέρα
562 899 652 941 τότε
683 899 990 954 συγκεκρότητο
1027 900 1219 954 σύνοδος,
1262 903 1336 941 τοῦ
1373 900 1579 954 βασιλέως
1615 899 1797 954 προστά-

301 969 460 1020 ξαντος,
513 968 662 1010 ἑκατὸν
708 968 779 1010 καὶ
824 969 1078 1023 πεντήκοντα
1127 969 1522 1023 συναθροισθέντων
1567 967 1800 1023 θεοφόρων
1816 970 1860 1005 10

298 1038 494 1091 πατέρων
533 1038 577 1078 ἒν
614 1041 664 1092 τῇ
700 1037 976 1092 βασιλευούσῃ
1014 1041 1099 1079 τῶν
1134 1036 1311 1085 πόλεων,
1357 1035 1420 1078 ὧν
1455 1039 1720 1092 προεξῆρχον
1757 1037 1801 1080 ἕν

258 1105 384 1151 Οτοῒς
427 1106 585 1160 ἀγῶσιν
629 1106 652 1147 ὁ
695 1106 900 1160 θεολόγος
942 1106 1014 1147 καὶ
1057 1106 1081 1147 ὁ
1119 1106 1251 1160 μέγας
1291 1105 1334 1146 Γ
1328 1105 1526 1160 ρηγόριος
1564 1106 1589 1147 ὁ
1625 1105 1801 1160 Νύσσης

301 1174 528 1221 ἐπίσκοπος
558 1175 630 1216 καὶ
661 1175 685 1217 ὁ
717 1174 829 1229 ἱερὸς
850 1173 1128 1229 Ἆμφιλόχιος,
1159 1179 1232 1229 τῆς
1253 1173 1458 1216 Ἰκονιέων
1483 1174 1700 1229 προεστὼς
1731 1175 1799 1216 ἔκ-

264 1243 483 1298 4κλησίας,
524 1246 568 1285 οἳ
592 1243 638 1285 τὸ
669 1248 835 1298 πνεῦμα
866 1242 913 1285 τὸ
945 1244 1062 1297 ἅγιον
1093 1243 1164 1285 καὶ
1195 1242 1300 1285 θεὸν
1332 1243 1608 1297 ἔδογμάτισαν
1637 1242 1710 1284 καὶ
1738 1248 1802 1298 τῷ

299 1312 424 1366 πατρὶ
454 1313 525 1354 καὶ
555 1318 617 1367 τῷ
647 1313 729 1367 υἱῷ
761 1312 989 1367 ὁμοούσιόν
1013 1328 1055 1354 τε
1076 1311 1147 1354 καὶ
1169 1311 1445 1366 ὁμοδύναμον
1465 1311 1536 1353 καὶ
1557 1311 1628 1354 τὸν
1648 1311 1798 1354 ΆΙακε-
1816 1313 1860 1349 15

301 1380 441 1422 δόνιον
470 1382 542 1423 καὶ
572 1381 670 1428 τοὺς
701 1382 1014 1436 ὁμοδοξοῦντας
1046 1381 1163 1434 αὐτῷ
1199 1385 1273 1435 τῆς
1309 1380 1543 1435 καθολικῆς
1580 1380 1800 1436 ἐκκλησίας

74 1450 241 1487 W11131
265 1449 524 1504 ὃέξέκοψαν,
556 1449 628 1491 καὶ
659 1451 715 1496 εἰς
745 1449 792 1491 τὸ
824 1451 941 1504 ἅγιον
973 1449 1188 1503 σύμβολον
1217 1448 1292 1503 τὴν
1319 1449 1413 1504 περὶ
1433 1453 1507 1490 τοῦ
1533 1449 1653 1503 ἁγίου
1674 1448 1798 1490 πνεύ-

298 1533 431 1572 ματος
461 1519 719 1572 προσέθεντο
752 1518 1013 1573 συγγραφήν,
1047 1517 1131 1559 ἀπὸ
1162 1521 1235 1559 τοῦ
1267 1517 1368 1559 ὀκαὶ
1400 1519 1456 1564 εἰς
1486 1516 1532 1559 τὸ
1563 1521 1728 1572 πνεῦμα
1753 1517 1799 1559 τὸ

299 1587 447 1641 ‹iimo-2¹⁹³
475 1587 599 1643 μέχρι
619 1588 773 1641 τέλους,
806 1587 877 1630 καὶ
897 1583 1012 1644 τὰζὲν
1036 1591 1086 1642 τῇ
1107 1587 1254 1642 πρώτῃ
1278 1586 1447 1641 συνόδῳ
1471 1586 1798 1641 δογματισθέντα

299 1747 322 1783 8
346 1747 427 1794 περὶ
452 1753 511 1794 τῆς
537 1748 700 1794 δευτέρας
727 1749 778 1795 (β’
806 1747 856 1793 A)
885 1748 1035 1783 συνόδου
1061 1745 1165 1783 ACE

373 1897 395 1932 2
420 1898 612 1944 ἀνήκοντος
638 1898 673 1933 D
772 1913 798 1933 τ.
826 1898 949 1943 ὀρθοδ.
976 1896 1036 1936 τὰς
1060 1897 1157 1932 ε’κκλ.
1187 1896 1215 1933 C
1313 1897 1345 1932 2.
1362 1898 1384 1932 3
1409 1896 1470 1932 καὶ
1495 1896 1576 1936 τοὺς
1603 1916 1647 1922 -
1673 1896 1802 1933 ἐκδιώ-

373 1948 495 1988 ξαντος
514 1957 589 1982 om.
605 1946 702 1992 pr
793 1946 814 1981 6
841 1945 1028 1991 ἱστόρηται]
1049 1945 1146 1980 XIII
1165 1945 1220 1989 11,
1235 1944 1281 1980 ‘24
1292 1956 1340 1980 SS.
1427 1945 1450 1980 8
1475 1945 1755 1990 ὄμο****ούσιον
1769 1943 1803 1980 Α

375 1995 421 2029 10
444 1994 504 2030 καὶ
532 2005 607 2030 om.
630 1994 728 2040 pr
808 1994 860 2029 10.
877 1994 917 2028 11
945 1993 1107 2037 πατέρων
1131 1994 1325 2038 θἐοφόρων
1351 1993 1452 2038 pr
1530 1993 1571 2027 ll
1599 1993 1636 2028 ἒν
1663 2004 1737 2028 om.
1766 1992 1802 2027 D

419 2048 600 2087 προῆρχεν
615 2042 655 2086 Ε,
681 2044 902 2087 προεξῆρχεν
916 2041 1066 2087 Blpr
1155 2041 1200 2075 12
1226 2044 1316 2085 post
1330 2041 1390 2075 καὶ
1406 2051 1481 2076 om.
1496 2041 1516 2075 ὁ
1529 2040 1559 2075 Β
1659 2041 1704 2075 13
1730 2042 1802 2076 ἵκο-

373 2090 475 2125 νιέων
501 2090 587 2131 (Sic)
614 2089 659 2134 A,
686 2090 834 2124 ἷκονὲων
860 2090 891 2124 E
1058 2088 1102 2123 15
1129 2089 1317 2132 ὄμοούσιόν
1343 2103 1378 2123 τε
1404 2089 1463 2123 καὶ
1491 2088 1717 2133 ὄμοδὺναμον
1743 2088 1803 2123 καὶ

373 2137 432 2172 τὸν
453 2139 666 2182 μακεδόνιον
693 2137 773 2180 ΑΕ,
811 2136 1000 2181 ὅλιιοσθενὲς
1032 2137 1091 2172 καὶ
1123 2138 1289 2181 ὁμότιμον
1321 2138 1379 2172 τόν
1404 2151 1439 2171 τε
1466 2137 1680 2182 μακεδόνιον
1706 2135 1802 2182 pr

375 2186 420 2221 19
446 2189 540 2222 ante
566 2185 683 2224 τέλους
711 2185 802 2220 add.
829 2189 889 2220 τοῦ
918 2184 946 2221 C

303 2339 488 2371 sanctum
520 2336 704 2381 spiritum
736 2345 824 2371 esse
859 2335 979 2370 deum
1012 2344 1103 2370 cum
1138 2336 1314 2379 utroque
1342 2334 1555 2369 adoratum
1583 2335 1622 2368 et
1648 2332 1805 2378 praedi-

267 2378 450 2419 2oatum.
501 2383 764 2419 Macedonius
799 2383 915 2426 enim,
955 2383 1034 2427 qui,
1075 2385 1121 2417 ut
1158 2383 1237 2416 iam
1277 2382 1428 2416 dictum
1463 2384 1533 2425 est,
1573 2380 1806 2426 patriarcha

304 2430 540 2477 Cpolitanus
579 2441 798 2477 parumper
835 2431 923 2473 fuit,
962 2430 1081 2465 deum
1119 2429 1227 2464 illum
1270 2430 1453 2475 spiritum
1487 2428 1687 2464 nominari
1722 2438 1805 2463 non

304 2479 547 2523 patiebatur,
587 2479 659 2514 sed
697 2488 831 2523 neque
871 2477 1014 2513 eadem
1053 2477 1094 2511 vi
1134 2487 1221 2512 esse
1261 2487 1351 2511 cum
1390 2480 1504 2522 patre
1544 2479 1583 2511 et
1621 2476 1700 2510 filio
1739 2486 1806 2510 ne·

267 2522 384 2571 3que
411 2527 530 2562 etiam
559 2527 700 2562 eadem
733 2529 892 2561 natura.
943 2525 1215 2567 Quamobrem
1240 2528 1279 2559 et
1305 2525 1418 2559 iussu
1444 2525 1553 2567 regis
1581 2523 1805 2559 secundum

304 2578 388 2609 tum
416 2575 629 2609 concilium
662 2574 879 2609 conflatum
916 2576 986 2617 est,
1024 2572 1088 2608 CL
1115 2573 1350 2607 convocatis
1377 2572 1561 2617 patribus
1590 2571 1737 2606 divinis
1763 2571 1806 2605 in

303 2623 489 2666 reginam
521 2622 695 2665 urbium,
733 2631 906 2666 quorum
938 2621 979 2654 in
1012 2620 1298 2655 certaminibus
1326 2620 1528 2664 principes
1555 2621 1670 2654 erant
1696 2618 1804 2653 theo-

305 2669 423 2714 logus
450 2673 489 2704 et
515 2679 689 2715 magnus
715 2668 941 2714 Gregorius
967 2667 1121 2713 Nyssae
1148 2667 1364 2712 episeopus
1391 2671 1429 2702 et
1456 2670 1620 2702 sanetus
1645 2664 1805 2711 Amphi-

268 2712 471 2758 4loehius,
510 2717 732 2752 Iconiensis
767 2726 932 2761 praese-s
967 2715 1172 2758 eeclesiae,
1212 2715 1280 2759 qui
1321 2715 1504 2759 spiritum
1544 2716 1728 2748 sanetum
1767 2716 1806 2748 et

306 2763 424 2799 deum
453 2774 541 2799 esse
568 2765 866 2800 constituerunt
899 2766 938 2798 et
968 2773 1058 2798 cum
1085 2765 1200 2807 patre
1226 2773 1274 2796 ao
1301 2762 1380 2796 filio
1408 2762 1549 2797 eadem
1577 2764 1723 2796 natura
1750 2764 1806 2795 at-

306 2821 385 2856 que
415 2812 456 2845 vi
483 2815 521 2847 et
547 2812 829 2847 Macedonium
862 2811 1032 2856 eiusque
1063 2813 1284 2845 sectatores
1318 2820 1369 2844 ex
1406 2809 1602 2844 catholica
1636 2808 1806 2843 ecelesia

270 2856 579 2902 5extruserunt,
614 2862 653 2894 et
679 2860 720 2894 in
747 2862 931 2894 sanctum
967 2858 1195 2902 symbolum
1228 2857 1278 2892 de
1312 2860 1451 2892 sancto
1483 2857 1628 2901 spiritu
1653 2856 1806 2891 inseru-

306 2909 425 2944 erunt
457 2906 690 2953 clausulam,
730 2917 835 2955 quae
867 2906 1008 2952 incipit
1039 2906 1111 2942 “et
1143 2906 1185 2940 in
1219 2905 1402 2951 spiritum
1433 2903 1647 2940 sanetum”
1676 2913 1806 2950 usque
