2054 3282
369 217 438 258 276
776 219 956 259 ZONAR.
984 219 1116 257 EPIT.
1143 219 1214 257 XV
1240 214 1272 266 7,
1301 215 1450 256 19—26.

358 343 578 398 Ἀγχίαλον
608 342 681 390 τὰς
711 347 815 398 νῆας
844 343 1131 397 προσώρμισε,
1176 343 1247 384 καὶ
1276 343 1531 392 πνεύσαντος
1562 346 1719 401 ἀνέμου
1752 362 1858 402 σφο-

365 411 470 466 δροῦ
515 412 812 466 συνετρίβησαν
856 411 1005 465 σχεδὸν
1050 412 1218 465 ἅπασαι,
1264 412 1334 453 καὶ
1370 414 1513 468 πλήθη
1550 414 1682 456 πολλοὶ
1714 419 1787 456 τοῦ
1818 432 1860 458 τε

363 483 560 521 ναυτικοῦ
592 480 663 521 καὶ
693 484 767 520 τοῦ
800 483 1094 533 στρατιωτικοῦ
1127 480 1348 521 ἀπώλοντο
1380 482 1424 522 ἐν
1451 486 1535 528 τοῖς
1559 483 1725 525 ὕδασιν·
1758 484 1861 526 ὅθεν

364 548 579 602 ἄπρακτος
611 548 855 602 ἐπανῆλθεν.

303 625 350 660 20
476 616 807 670 Ἐκμαινόμενος
836 617 976 670 μέντοι
1007 615 1112 657 κατὰ
1134 620 1220 658 τῶν
1240 621 1456 672 μοναχῶν,
1489 619 1738 674 ῖππηλασίας
1760 621 1896 675 ἀγο-5

361 685 491 738 μένης
528 685 571 724 ἐν
607 690 669 738 τῷ
707 685 891 739 θεάτρῳ,
935 684 1116 731 πολλοὺς
1153 687 1293 727 αὐτῶν
1325 687 1549 742 κατασχὼν
1581 689 1860 744 ἐθριάμβευσε

364 752 430 793 διὰ
461 756 535 793 τοῦ
567 753 749 806 θεάτρου
781 754 1062 807 περιαγαγών,
1096 755 1255 808 ἄσεμνα
1288 755 1331 796 ἐν
1362 759 1450 802 ταῖς
1474 757 1589 811 χερσὶ
1610 759 1861 812 κατέχοντας

247 831 278 866 Β
303 831 346 865 21
363 820 521 874 γύναια.
583 820 658 861 καί
690 836 801 867 τινας
839 825 924 862 τῶν
962 822 1179 876 ἐπισήμων
1217 823 1436 878 ἀρχόντων
1467 824 1563 871 τοὺς
1593 825 1671 879 μὲν
1703 825 1860 881 φθόνῳ

364 885 415 929 δι”
450 887 684 942 ὡραιότητα
717 888 788 929 καὶ
819 889 1134 944 ῥωμαλεότητα,
1166 891 1263 937 τοὺς
1296 892 1341 933 δὲ
1373 892 1433 934 ὅτι
1463 892 1536 939 τὰς
1564 894 1861 948 ἀρρητοποιίας

363 957 491 998 αὐτοῦ
522 961 726 1010 μοναχοῖς
758 957 1020 1011 ἐξηγόρευον,
1054 961 1378 1015 συκοφαντήσας
1409 962 1470 1007 ὡς
1491 959 1581 1003 κατ’
1606 963 1735 1004 αὐτοῦ
1756 964 1858 1018 βου·
1875 970 1923 1006 10

361 1025 628 1079 λευομένους,
674 1025 752 1066 δύο
790 1025 868 1079 μὲν
899 1030 984 1067 τῶν
1016 1027 1331 1083 ἐπισημοτέρων
1362 1029 1435 1075 τὰς
1466 1030 1655 1084 κεφαλὰς
1686 1032 1859 1086 ἐξέτεμε,

360 1097 445 1139 τοῖς
477 1093 522 1134 δὲ
553 1093 712 1140 λοιποῖς
743 1094 936 1148 ἐκκόψας
966 1095 1014 1135 τὰ
1048 1096 1218 1150 ὄμματα
1244 1103 1537 1153 περιγραπτοῖς
1558 1098 1710 1146 αὖτοὺς
1731 1100 1860 1154 ὁρίοις

362 1162 628 1210 συνέκλεισεν,
677 1163 781 1204 ἔνθα
828 1161 918 1204 κατ’
965 1164 1151 1206 ἐνιαυτὸν
1196 1166 1379 1220 πέμπων
1423 1167 1572 1209 ἑκατὸν
1614 1168 1860 1222 βουνεύροις

302 1240 348 1275 22
360 1231 502 1285 ᾔκιζεν
540 1231 726 1272 ἕκαστον.
789 1232 890 1273 ἀλλὰ
931 1232 1002 1273 καὶ
1040 1233 1111 1274 τὸν
1149 1232 1249 1288 παρ’
1284 1235 1412 1276 αὐτοῦ
1451 1236 1746 1290 προβληθέντα
1777 1240 1908 1278 :za-D
1927 1241 2054 1278 111352

360 1299 559 1354 τριάρχην
595 1299 667 1341 τὸν
704 1301 1022 1343 Κωνσταντῖνον
1062 1302 1119 1343 ἑνὶ
1157 1307 1242 1344 τῶν
1282 1304 1499 1358 ἀρχόντων
1537 1306 1698 1347 τούτων
1735 1321 1858 1347 συνο-
1874 1312 1920 1348 15

360 1368 490 1422 μιλεῒν
522 1368 652 1410 εἰπὼν
682 1369 753 1410 καὶ
784 1370 913 1423 λέγειν
950 1367 1040 1411 κατ’
1081 1371 1210 1412 αὑτοῦ
1250 1373 1321 1413 καὶ
1357 1373 1620 1428 κατηγόρους
1656 1373 1767 1420 τινὰς
1803 1375 1860 1420 εἷς

362 1437 530 1491 ἔλεγχον
573 1438 701 1479 αὐτοῦ
745 1439 1050 1493 παρεσκεύασε·
1096 1439 1167 1480 καὶ
1206 1441 1469 1495 ἀρνουμένου
1510 1443 1669 1483 ἐκείνου
1707 1442 1860 1497 ὀμόσαι

435 1621 458 1657 5
483 1620 646 1667 ἐκμανεὶς
672 1621 708 1656 D
781 1623 970 1669 γενομένης
996 1623 1092 1670 Ewp
1167 1624 1188 1660 7
1214 1624 1250 1659 ἐν
1279 1634 1353 1660 om.
1380 1624 1478 1671 pr
1551 1625 1672 1670 χερσὶν
1691 1624 1858 1672 EwpDi,

436 1681 474 1704 V.
493 1670 546 1704 ad
563 1670 660 1704 XIII
679 1671 710 1714 1,
726 1669 747 1705 5
844 1671 866 1706 8
892 1685 986 1710 τινας
1012 1671 1180 1718 prDz‘,
1207 1686 1279 1707 τινα
1302 1671 1337 1707 Α
1435 1673 1457 1707 9
1482 1672 1730 1718 ῥωμαλεότητα
1758 1684 1859 1710 corr.

437 1727 487 1752 ex
513 1717 781 1763 ρωμαλαιότητα
807 1717 853 1763 A,
880 1719 1130 1764 ῥωμαλεότητα
1158 1719 1197 1764 C,
1223 1720 1491 1765 ρωμαλαιότητα
1517 1721 1615 1766 pr
1739 1722 1785 1756 10
1809 1722 1861 1763 ἐξ-

435 1770 584 1810 ηγοῦντο
607 1772 775 1811 μοναχοῖς
801 1766 837 1800 D
939 1766 1016 1802 κατ’
1042 1767 1149 1802 αὐτοῦ
1174 1768 1453 1813 βουλευομένους
1478 1768 1696 1814 AEwap,
1722 1769 1861 1815 ἐπιβού-

433 1813 516 1851 λους
541 1813 649 1848 αὐτοῦ
676 1813 707 1848 O
807 1814 850 1848 11
878 1817 972 1850 ante
991 1815 1055 1850 δύο
1074 1815 1165 1850 add.
1185 1816 1330 1851 διώλεσε
1348 1815 1447 1861 pr
1544 1816 1609 1860 μὲν
1634 1815 1716 1860 AR,
1741 1817 1859 1861 μέντοι

435 1859 522 1906 W*p
642 1860 837 1907 ἐπισή)μων
863 1862 894 1896 Ε
1017 1863 1062 1897 12
1087 1862 1248 1907 ἐκτεμὼν
1274 1863 1372 1909 pr
1496 1866 1590 1899 ante
1614 1871 1861 1909 περιγραπτοΐς

434 1908 527 1943 add.
552 1908 613 1944 καὶ
630 1908 728 1954 pr
825 1910 1081 1955 περιγραπτοὺς
1103 1911 1189 1955 (Sic)
1208 1910 1244 1945 A
1341 1910 1397 1946 12.
1428 1912 1472 1946 13
1498 1911 1624 1950 αὐτοὺς
1649 1913 1758 1956 ὁρίοις
1783 1926 1860 1948 συν-

434 1956 586 1991 έκλεισεν
604 1955 650 2001 A,
677 1958 788 2002 ὁρίοις
813 1958 1021 2002 συγκλείσας
1047 1958 1174 1998 αὐτοὺς
1200 1959 1298 2004 pr
1399 1959 1443 1994 13
1467 1958 1628 2004 πέμπων]
1655 1960 1811 2004 πέμπτον
1827 1959 1859 1995 Β

435 2003 482 2038 14
506 2003 593 2039 ἀλλὰ
620 2014 694 2039 om.
715 2004 746 2040 Ο
846 2009 936 2050 post
961 2006 1067 2041 αὐτοῦ
1095 2006 1186 2041 add.
1213 2006 1252 2041 δὲ
1278 2006 1309 2042 O
1409 2007 1463 2042 14.
1481 2007 1525 2042 15
1548 2007 1858 2053 πατρ.τ.Κωνστ.]

435 2057 691 2087 κωνσταντῒνον
717 2053 938 2098 πατριάρχην
963 2054 1059 2099 Ewp
1160 2054 1204 2089 15
1230 2055 1362 2091 τούτων
1389 2065 1464 2090 om.
1481 2054 1510 2090 C
1609 2055 1665 2090 16.
1684 2056 1728 2091 17
1753 2056 1860 2091 αὐτοῦ

435 2109 579 2135 versus
606 2100 661 2135 17.
689 2103 783 2136 ante
800 2114 892 2139 τινας
909 2100 984 2146 BC,
1012 2105 1102 2147 post
1119 2116 1211 2141 τινας
1230 2102 1265 2136 D
1365 2102 1409 2138 17
1434 2103 1674 2148 παρεσκεύασε
1690 2102 1858 2150 prDi,

434 2148 698 2192 παρεσκεύασεν
723 2146 769 2193 A,
797 2159 834 2183 V.
862 2148 915 2183 ad
940 2149 1038 2185 XIII
1065 2150 1096 2194 l,
1123 2150 1145 2186 5

365 2329 436 2371 est,
463 2326 535 2363 sed
560 2326 737 2373 procella
751 2329 862 2364 venti
877 2329 1052 2365 navibus
1078 2331 1164 2366 fere
1184 2330 1368 2366 omnibus
1395 2330 1540 2366 collisis
1558 2339 1707 2376 magna
1725 2329 1856 2366 multi-

364 2375 462 2410 tudo
494 2377 533 2410 et
547 2379 763 2411 nautarum
791 2379 830 2412 et
843 2377 1011 2412 militum
1030 2379 1071 2412 in
1085 2388 1193 2423 aqua
1208 2379 1343 2424 periit;
1368 2378 1478 2413 unde
1493 2379 1643 2413 infecta
1668 2387 1712 2412 re
1726 2377 1855 2413 rediit.

304 2424 352 2459 20
482 2422 747 2458 Nihilominus
774 2427 909 2460 tamen
947 2428 1087 2460 contra
1121 2426 1340 2461 monachos
1365 2426 1504 2460 furore
1538 2425 1726 2471 percitus,
1766 2435 1856 2460 eum

363 2470 405 2504 in
430 2470 587 2506 theatro
614 2471 698 2506 ludi
726 2470 933 2508 Circenses
962 2477 1192 2518 agerentur,
1232 2474 1376 2508 multos
1404 2473 1453 2508 de
1479 2474 1528 2508 iis
1556 2473 1858 2518 comprehendit

364 2521 404 2552 et
441 2528 514 2563 per
547 2519 749 2554 theatrum
794 2520 1064 2565 ignominiose
1109 2521 1300 2566 perduxit
1333 2521 1565 2556 inhonestas
1600 2520 1858 2556 mulierculas

304 2566 349 2601 21
363 2566 549 2601 manibus
576 2569 770 2602 tenentes.
821 2567 1024 2609 Quosdam
1052 2569 1171 2604 etiam
1188 2569 1400 2603 illustrium
1416 2569 1653 2614 principum,
1680 2568 1779 2603 alios
1806 2578 1856 2603 ex

363 2613 528 2657 invidia,
558 2614 608 2649 ob
635 2614 975 2659 pulchritudinem
1003 2619 1042 2651 et
1067 2616 1203 2660 robur,
1245 2616 1343 2651 alios
1369 2626 1442 2661 per
1468 2616 1720 2660 calumniam,
1748 2616 1858 2661 quod

364 2661 439 2695 sibi
466 2661 754 2697 insidiarentur
781 2666 820 2698 et
846 2673 920 2698 sua
945 2664 1128 2699 facinora
1153 2664 1360 2699 monachis
1386 2667 1599 2698 narrarent
1625 2683 1668 2688 -—
1697 2663 1856 2699 duobus

363 2709 654 2753 insignioribus
687 2710 820 2755 capita
853 2711 1038 2755 resecuit,
1072 2711 1249 2756 reliquos
1282 2711 1407 2747 oeulis
1443 2711 1567 2746 erutis
1607 2711 1724 2746 certis
1760 2711 1856 2746 loeis

364 2755 523 2790 inclusit
559 2766 689 2801 eoque
721 2757 878 2793 lorariis
914 2759 1129 2803 quotannis
1163 2759 1292 2794 missis
1325 2768 1657 2803 unumquemque
1695 2761 1856 2794 centum
1887 2801 1895 2805 ἱ

305 2803 351 2839 22
365 2804 500 2837 nervis
526 2803 687 2838 bubulis
716 2805 921 2840 caedebat.
972 2805 1036 2840 Ad
1062 2807 1161 2842 haee
1187 2806 1442 2852 patriarchae
1468 2806 1730 2841 Constantino
1762 2816 1786 2840 a
1812 2816 1855 2842 se

365 2849 576 2894 designato
605 2852 760 2887 crimini
787 2853 907 2896 dedit,
946 2854 1055 2899 quod
1082 2864 1170 2889 eum
1197 2864 1279 2890 uno
1307 2854 1357 2890 de
1382 2855 1430 2888 iis
1458 2854 1708 2899 principibus
1740 2853 1856 2889 eollo-

366 2897 460 2943 quia
479 2902 619 2934 contra
645 2909 688 2935 se
701 2900 879 2946 haberet,
907 2902 1137 2937 subornatis
1164 2901 1215 2937 ad
1243 2911 1334 2938 eum
1353 2901 1675 2938 convincendum
1693 2911 1856 2938 accusa-
