2054 3282
30 1037 78 1072 W
89 1037 147 1072 ΙΙΙ
159 1037 225 1072 173

311 231 382 267 540
715 231 897 268 ZONAR.
925 230 1054 266 EPIT.
1081 229 1193 266 XVII
1218 229 1251 274 5,
1278 229 1406 266 9-23.

310 370 437 407 μενος
469 353 514 394 δὲ
547 353 612 394 διὰ
645 353 717 399 τὰς
748 353 950 407 ἀριστείας
982 351 1063 393 ὑπὸ
1094 349 1249 396 παντὸς
1279 355 1352 392 τοῦ
1385 350 1689 405 στρατεύματος
1718 362 1804 394 πει-

253 424 298 459 10
310 423 484 476 θηνίους
527 421 607 476 εἶχε
651 421 800 476 σχεδὸν
844 423 1038 466 ἅπαντας.
1102 421 1161 462 ὅτι
1193 418 1230 460 δ’
1264 419 1316 474 ἦν
1347 420 1390 460 ἕν
1425 424 1475 474 τῇ
1511 420 1686 474 βασιλίδι
1722 423 1806 462 τῶν

309 487 475 528 πόλεων
507 488 531 527 ὁ
561 491 658 532 παῖς
690 488 817 527 αὐτοῦ
845 486 1075 540 Ῥωμανός,
1121 488 1293 529 ἔσπευσε
1332 492 1443 542 σχεῖν
1479 488 1673 529 κάκεῖνον
1703 485 1804 542 παρ’

311 556 448 609 ἑαυτῷ
486 555 556 596 καὶ
594 555 748 600 στείλας
780 554 920 607 λάθρᾳ
951 554 1037 595 τινὰ
1070 555 1264 610 ἠδυνήθη
1297 555 1368 597 καὶ
1398 555 1469 597 τὸν
1499 555 1591 598 υἱὸν
1622 556 1805 598 λαθόντα

253 629 294 663 11
311 623 617 676 ὑπαγαγέσθαι·
663 622 734 663 καὶ
773 623 919 663 αὐτίκα
958 627 1008 677 τῇ
1045 624 1253 676 τυραννίδι
1292 623 1574 679 ἐπικεχείρηκε
1604 624 1734 679 ταινίᾳ
1764 628 1841 666 τε5

309 691 504 745 βασιλείῳ
548 689 621 743 τὴν
665 690 854 744 κεφαλὴν
898 690 1104 732 ἀναδεῖται
1142 691 1213 733 καὶ
1252 696 1455 746 φοινικοῖς
1493 693 1672 738 πεδίλοις
1710 692 1807 739 τοὺς

252 764 297 799 12
310 759 446 804 πόδας
484 759 708 811 ὑποδεῖται,
753 759 824 799 καὶ
864 759 1106 813 εὐφημεῖται
1145 761 1206 806 ὡς
1247 761 1454 815 βασιλεύς·
1497 761 1568 802 καὶ
1611 761 1805 815 χρήματα

311 827 498 875 συλλέξαι
534 830 705 867 ποιεῖται
742 827 933 881 σπουδὴν
970 827 1041 868 καὶ
1078 828 1329 882 συμμάχους
1366 829 1634 883 προσειλήφει
1664 829 1736 870 τόν
1765 845 1807 870 τε

267 899 381 949 Οτῆς
401 895 573 949 Ἀμίδης
606 895 775 949 ἆμηρᾶν
810 894 939 949 (οὕτω
973 895 1051 949 γὰρ
1083 896 1129 937 τὸ
1147 896 1273 950 Ἔμετ
1303 895 1499 951 καλεῖται)
1533 896 1604 938 καὶ
1633 896 1705 938 τὸν
1735 901 1807 951 τῆς

311 963 712 1016 Μαρτυρουπόλεως
754 963 795 1018 (ἡ
830 964 875 1005 δὲ
908 964 1171 1018 ῘΙῘιεφερκεὶμ
1205 965 1467 1019 ὀνομάζεται)
1475 998 1485 1018 ,
1529 964 1631 1006 ἀλλὰ
1667 965 1808 1019 μέντοι
1823 971 1869 1006 10

253 1038 296 1072 13
310 1032 381 1073 καὶ
403 1032 601 1085 Ἄραβας.
663 1033 836 1078 τούτους
877 1032 952 1074 οὖν
990 1034 1338 1088 συμπαραλαβὼν
1378 1034 1564 1088 ἠπείγετο
1595 1033 1704 1087 πρὸς
1734 1033 1808 1088 τὴν

311 1101 644 1152 Κωνσταντίνου,
689 1101 816 1142 ε’λπίσι
853 1106 1049 1156 χρησταῖς
1087 1102 1390 1156 αἰωρούμενος,
1436 1104 1486 1148 ἃς
1524 1102 1595 1143 καὶ
1631 1102 1809 1144 ἄλλοθεν

311 1169 483 1222 ἔθαλπε,
525 1170 685 1223 μᾶλλον
723 1171 863 1223 μέντοι
901 1171 946 1218 ἒξ
977 1170 1139 1224 ὀνείρου
1171 1170 1279 1216 τινὸς
1308 1175 1500 1225 μοναχοῦ
1533 1170 1683 1226 ἀρετὴν
1712 1188 1807 1226 μετ-

252 1237 456 1285 14ιόντος.
520 1239 639 1286 ἔδοξε
672 1238 750 1292 γοὶρ
783 1239 940 1285 ἐκεῖνος
977 1239 1082 1292 ὁρᾶν
1113 1238 1184 1281 τὸν
1215 1239 1414 1293 Σκληρὸν
1445 1241 1609 1293 γυναικί
1636 1256 1708 1281 τινι
1739 1240 1807 1294 ἔφ’

310 1307 477 1361 ὑψηλῆς
508 1307 732 1361 καθημένῃ
765 1312 984 1362 περιωπῆς
1014 1308 1273 1361 προσελθεῖν,
1305 1308 1378 1362 τὴν
1411 1309 1455 1350 δὲ
1485 1308 1662 1362 μάστιγα
1692 1309 1809 1362 αὐτῷ
1825 1309 1869 1345 15

253 1380 297 1415 15
312 1375 530 1429 ἐγχειρίσαι
560 1376 790 1430 βασιλικήν.
853 1377 878 1430 ἡ
910 1377 1059 1430 μάστιξ
1084 1374 1135 1430 δ’,
1169 1377 1231 1423 ὡς
1252 1378 1397 1425 ἔοικεν,
1429 1377 1481 1431 ἦν
1503 1377 1717 1431 σύμβολον
1736 1381 1810 1431 τῆς

310 1444 429 1490 θείας
460 1444 589 1498 ὀργῆς
620 1444 690 1485 καὶ
721 1449 793 1499 τῆς
824 1446 871 1486 ἐκ
902 1448 988 1486 τῶν
1019 1445 1237 1499 ἐμφυλίων
1264 1445 1464 1499 πολέμων
1485 1448 1570 1487 τῶν
1586 1445 1810 1499 Ῥωμαίων

310 1511 494 1566 φθορᾶς,
538 1514 591 1567 ἣν
629 1512 652 1554 ὁ
689 1512 887 1567 Σκληρὸς
929 1513 1083 1567 δηλοῦν
1120 1512 1194 1566 τὴν
1229 1513 1438 1567 βασιλείαν
1482 1513 1657 1568 ἐνόμιζε,
1701 1512 1810 1567 πρὸς

382 1660 416 1694 3.
441 1659 465 1694 4
489 1659 571 1704 παρ’
597 1661 711 1695 ἕαυτῶ
738 1660 904 1695 κάκεῖνον
926 1660 1140 1705 ποιήσασθαι
1169 1659 1199 1696 O
1323 1660 1356 1696 5.
1382 1661 1404 1695 6
1430 1662 1539 1705 ταινίᾳ
1563 1675 1599 1696 τε
1624 1659 1678 1705 (δὲ
1702 1660 1753 1703 D)
1781 1675 1807 1695 τ.

381 1721 466 1751 κεφ.
492 1708 592 1742 ᾶναδ.
618 1709 784 1754 βασιλικῇ
810 1708 840 1744 O
938 1708 972 1743 6.
1000 1709 1021 1743 7
1045 1708 1199 1746 πεδίλοις
1225 1711 1315 1753 post
1341 1707 1518 1743 ὑποδεῖται
1542 1708 1573 1744 Ο
1680 1708 1702 1743 9
1727 1709 1809 1752 ἔμετ

382 1754 491 1789 ARw
530 1755 595 1799 (cf.
623 1755 737 1791 Cedr.
765 1755 955 1800 (Scylitz.)
983 1755 1020 1790 ῙΙ
1050 1766 1087 1800 p.
1114 1755 1195 1799 419,
1224 1756 1279 1791 18.
1314 1756 1332 1790 Ι
1358 1767 1394 1801 p.
1422 1756 1503 1800 237,
1531 1756 1562 1799 1,
1602 1755 1806 1791 Constant.

382 1802 634 1848 Porphyrog.
662 1803 718 1837 III
746 1815 781 1848 p.
811 1803 889 1847 114,
916 1804 948 1847 2,
975 1803 1100 1838 Leon.
1127 1803 1239 1838 Diae.
1266 1815 1303 1848 p.
1332 1804 1410 1848 161,
1435 1804 1492 1847 19)
1520 1805 1617 1848 Εμετ
1643 1807 1686 1848 (s.
1714 1804 1806 1849 spir.

382 1854 422 1884 et
448 1853 545 1892 acc.)
572 1861 609 1895 p,
631 1850 736 1895 Ἐμὲτ
760 1850 816 1887 Di
993 1851 1039 1885 10
1062 1852 1382 1895 μαρτυρουπόλεως
1407 1850 1566 1896 Apr3
1592 1855 1652 1886 est
1677 1852 1808 1886 forma

381 1898 656 1942 ΆΙαρτυρόπολις
683 1899 885 1933 sollemnis
911 1898 1018 1943 (XIV
1037 1898 1166 1943 1216,
1193 1898 1307 1934 Cedr.
1334 1898 1352 1933 I
1379 1910 1415 1943 p.
1431 1899 1510 1943 7⁴25,
1529 1899 1584 1934 13.
1611 1898 1650 1933 II
1675 1910 1712 1944 p.
1727 1898 1807 1942 419,

385 1945 438 1986 18,
477 1944 606 1981 Malal.
635 1957 670 1991 p.
698 1946 778 1989 427,
807 1946 861 1990 15,
901 1947 1070 1991 Procop.
1099 1945 1116 1980 Ι
1142 1957 1178 1991 p.
1205 1946 1262 1987 42,
1292 1946 1347 1981 17.
1382 1947 1460 1990 107,
1487 1946 1544 1981 22.
1576 1946 1657 1990 262,
1685 1946 1716 1981 7.
1751 1946 1809 1980 III

383 2003 420 2038 p.
447 1992 528 2035 221,
557 1994 589 2028 7.
616 1993 696 2037 248,
726 1994 780 2028 14.
807 1994 887 2038 249,
911 1995 930 2028 1
958 1994 1046 2037 cet.)
1074 2004 1208 2039 neque
1233 1997 1368 2028 tamen
1394 1995 1548 2039 ubique
1574 1993 1809 2029 revocanda

386 2041 425 2074 11
455 2041 727 2086 συμπεριλαβών
752 2042 849 2087 Ewp
961 2042 1006 2076 12
1031 2041 1392 2076 κωνσταντινούπολιν
1420 2041 1455 2075 D
1567 2042 1809 2086 αἰωρούμενος

383 2098 484 2123 corr.
513 2098 563 2123 ex
589 2089 811 2133 ἓωρούμενος
837 2090 878 2131 Ε,
908 2088 1141 2134 ἒωξρούμενος
1168 2088 1203 2123 D
1367 2089 1410 2123 13
1433 2094 1592 2133 μοναχοῦ
1620 2099 1694 2124 om.
1722 2089 1808 2123 init.

382 2145 486 2170 vers.
515 2136 543 2172 C
639 2137 814 2180 μετιόντος
840 2136 888 2182 ρ*
988 2136 1032 2171 14
1056 2137 1183 2171 ἐκείνω
1211 2137 1241 2171 Ε
1338 2136 1396 2171 τὸν
1422 2136 1577 2181 σκληρὸν
1604 2147 1678 2171 om.
1703 2135 1809 2172 CWO

382 2183 450 2218 lat.
597 2184 641 2219 16
666 2184 852 2229 ἐγχειρίσαι
879 2183 1048 2229 prDi‚
1074 2184 1271 2229 ἐγχειρῆσαι
1298 2182 1371 2218 AD
1527 2185 1569 2219 17
1594 2184 1748 2229 πόλεμον
1773 2183 1808 2218 D

389 2230 430 2266 18
456 2231 499 2276 ἣν
525 2232 546 2265 ό
569 2231 723 2277 σκληρὸς
749 2232 894 2278 AEwp,
922 2233 943 2266 ὁ
966 2231 1005 2266 δὲ
1031 2231 1186 2276 σκληρὸς
1211 2231 1273 2277 τὴν
1296 2232 1444 2277 μάστιγα
1471 2231 1502 2267 O

311 2374 468 2409 fortiter
495 2378 631 2420 gestas
658 2375 768 2419 apud
788 2385 925 2410 omnes
943 2375 1088 2410 milit-es
1106 2375 1421 2420 gratiosissimus
1441 2384 1577 2409 omnes
1596 2374 1682 2409 fere
1701 2373 1808 2408 dicto

252 2419 298 2454 10
312 2421 525 2456 audientes
551 2422 728 2457 habebat
755 2426 792 2457 et
822 2422 902 2457 filio
929 2422 1124 2464 Romano,
1163 2423 1231 2466 qui
1264 2423 1305 2457 in
1337 2422 1440 2457 urbe
1471 2422 1586 2466 regia
1620 2421 1807 2466 degebat,

252 2467 293 2500 11
312 2469 413 2503 clam
440 2480 511 2514 per
539 2470 739 2514 quendam
768 2471 960 2505 arcessito
988 2470 1121 2504 statim
1145 2480 1314 2515 regnum
1335 2469 1552 2511 affectavit,
1580 2468 1809 2503 diademate

252 2515 297 2548 12
311 2517 424 2561 regio
453 2521 492 2551 et
519 2517 664 2552 calceis
694 2517 876 2562 puniceis
908 2518 1087 2562 sumptis.
1139 2517 1225 2552 Rex
1265 2517 1463 2551 salutatus
1501 2516 1695 2560 pecunias
1731 2519 1808 2550 stu-

312 2563 424 2598 diose
450 2563 650 2608 conquirit
677 2568 716 2599 et
739 2563 922 2608 Amidae,
950 2574 1055 2609 quae
1082 2568 1122 2599 et
1142 2565 1255 2599 Emer,
1282 2564 1438 2606 dicitur,
1467 2568 1504 2598 et
1523 2562 1808 2608 Martyrupolis

252 2609 297 2644 13
311 2620 384 2645 seu
416 2610 673 2656 Miephercim
706 2622 883 2647 amoram
916 2615 955 2647 et
985 2611 1141 2646 Arabes
1172 2612 1303 2647 socios
1341 2611 1511 2646 asciscit.
1561 2610 1633 2644 His
1672 2620 1805 2645 secum

312 2658 536 2694 coniunctis
569 2658 721 2704 Cpolim
755 2663 946 2705 properat
978 2670 1049 2704 spe
1080 2660 1189 2694 bona
1225 2659 1364 2702 elatus,
1404 2658 1558 2694 somnio
1599 2657 1806 2692 cuiusdam

252 2704 296 2738 14
312 2706 497 2740 monachi
533 2707 694 2741 virtutis
729 2707 897 2742 studiosi
930 2707 1150 2752 praecipue
1181 2710 1312 2750 aucta,
1352 2706 1420 2750 qui
1459 2706 1534 2740 sibi
1573 2706 1683 2740 visus
1721 2709 1809 2739 erat

312 2751 491 2788 Sclerum
527 2754 579 2788 ad
605 2754 811 2789 mulierem
840 2754 1044 2799 quandam
1071 2755 1112 2788 in
1138 2754 1297 2788 sublimi
1324 2753 1488 2799 specula
1514 2753 1720 2787 sedentem
1747 2763 1808 2787 ac-

252 2799 297 2834 15
313 2800 468 2844 cedere,
508 2811 613 2846 quae
647 2801 702 2836 illi
734 2801 938 2846 flagellum
970 2802 1130 2847 regium
1162 2801 1400 2846 porrigeret.
1452 2800 1569 2841 Quod
1604 2799 1808 2843 flagellum

313 2857 403 2881 cum
428 2848 569 2892 utique
594 2849 695 2883 iram
722 2849 786 2884 dei
805 2852 844 2884 et
860 2848 1135 2884 Romanorum
1163 2859 1214 2884 ex
1240 2848 1439 2884 intestinis
1465 2847 1579 2882 bellis
1604 2847 1808 2882 interitum

313 2894 569 2940 significaret,
609 2895 768 2933 Sclerus
803 2897 1025 2942 cupiditate
1060 2899 1299 2933 occaecatus
1331 2896 1528 2931 visionem
1559 2894 1716 2940 imperii
1746 2894 1808 2929 sui
