2054 3282
339 263 409 300 314
751 262 930 300 ZONAR.
959 263 1088 299 EPIT.
1115 263 1186 300 XV
1214 263 1268 308 17,
1295 260 1422 300 8—20.

302 385 433 434 9τοὺς
470 387 540 429 καὶ
575 389 714 442 μέντοι
753 387 822 429 καὶ
859 388 1007 442 ἥνωσε.
1070 386 1140 428 καὶ
1171 385 1242 428 τὸν
1273 386 1364 428 υἱὸν
1396 386 1441 428 δὲ
1477 385 1776 441 Θεοφύλακτον
1807 387 1832 430 ὁ
1871 404 1877 408 ·

336 456 527 510 βασιλεὺς
565 455 686 503 οὗτος
723 461 794 510 τῆς
831 456 1045 510 βασιλικῆς
1082 456 1236 510 ἠξίωσε
1267 455 1457 510 κλήσεως
1487 457 1562 497 καί
1589 457 1629 498 οἱ
1660 456 1726 498 διὰ
1757 461 1831 498 τοῦ

280 523 324 559 10
336 525 595 578 πατριάρχου
638 525 821 578 διάδημα
852 524 1084 577 περιέθετο.
1147 523 1229 565 εἶτα
1261 523 1366 565 κατὰ
1399 524 1663 579 Βουλγάρων
1693 525 1830 580 ληιζο-

335 593 478 647 μένων
508 593 582 647 τὴν
619 592 835 646 Θρᾳκιραν
871 596 1026 646 μοῖραν
1070 592 1380 646 ἐκστρατεύσας,
1425 593 1695 635 στασιάσαντα
1739 594 1830 635 κατ’

338 661 465 702 αὐτοῦ
505 665 589 702 τῶν
626 661 850 715 ταγμάτων
892 660 992 713 τινά,
1038 661 1099 707 ὡς
1136 660 1207 702 καὶ
1246 661 1303 707 εἰς
1333 662 1473 716 ὕβρεις
1503 666 1694 716 χωρῆσαι
1725 662 1866 704 κατά5

291 727 382 770 Βτὸ
412 730 641 783 προφανές,
674 729 812 782 λόγοις
842 729 1051 782 μειλιχίοις
1079 729 1149 771 καὶ
1172 729 1327 782 δώροις
1349 730 1577 784 φιλοτίμοις
1598 731 1880 785 κατηύνασεΙ)
1898 733 2040 773 111376

278 797 406 838 11καὶ
445 798 501 843 εἰς
539 797 587 838 τὰ
631 797 814 851 βασίλεια
859 798 1139 846 ἒπανέζευξεν.
1204 799 1461 841 ἀνακαινίσαι
1506 799 1551 840 δὲ
1595 799 1831 854 ζητούντων

334 865 503 907 πολλῶν
532 865 606 920 τὴν
637 865 742 907 κατὰ
775 868 859 907 τῶν
891 869 1053 907 σεπτῶν
1084 866 1261 908 εἰκόνων
1281 867 1447 921 μανίαν,
1479 867 1590 914 τινὰς
1611 868 1832 923 συλλαβὼν

334 933 404 974 καὶ
425 934 604 987 μετρίως
629 950 723 980 πως
755 935 1032 989 αἰκισάμενος,
1066 932 1117 976 δι’
1151 935 1291 977 αὐτῶν
1322 935 1392 977 καὶ
1423 935 1519 982 τοὺς
1542 935 1711 983 λοιποὺς
1731 952 1830 978 κατ-

277 1002 321 1037 12
334 1001 508 1056 επτόησε
539 1003 610 1044 καὶ
639 1003 884 1044 παύσασθαι
919 1004 1217 1057 παρεσκεύασε.
1278 1004 1468 1059 μοναχὸν
1509 1005 1556 1047 δέ
1591 1021 1678 1047 τινα
1709 1005 1829 1047 εὐλα-
1847 1012 1892 1048 10

333 1071 448 1125 βείας
485 1072 590 1126 τάχα
631 1072 789 1127 σκηνὴν
823 1072 1137 1127 ἐνδεικνύμενον
1169 1073 1363 1127 εὑρηκὼς
1394 1073 1533 1115 εἰκόνα
1565 1078 1637 1129 τῆς
1667 1074 1830 1130 θεομή-

332 1154 456 1193 τορος
487 1140 760 1194 ἀποξέσαντα,
793 1145 864 1195 τῆς
896 1141 1087 1196 γλώσσης
1119 1142 1319 1196 ἀφείλετο.

275 1207 320 1244 13
462 1209 561 1250 Τῶν
586 1208 832 1264 Ἀγαρηνῶν
875 1210 919 1251 δὲ
962 1210 1036 1264 τὴν
1073 1210 1185 1264 ἑῴαν
1222 1209 1347 1257 αὖθις
1382 1211 1653 1265 ληιζομένων,
1691 1211 1716 1253 ὁ
1746 1215 1831 1254 τῶν

333 1276 591 1319 ἀνατολικῶν
638 1277 865 1332 στρατηγὸς
908 1279 932 1320 ὁ
969 1279 1185 1333 Ἀρμένιος
1229 1279 1354 1321 Λέων
1399 1279 1558 1326 τούτοις
1601 1279 1831 1334 συμβαλὼν

333 1344 464 1387 ἀνεῖλέ
502 1362 544 1387 τε
581 1346 676 1400 περὶ
714 1347 934 1401 δισχιλίους
971 1348 1040 1389 καὶ
1077 1349 1230 1394 ἵππους
1260 1348 1331 1389 καὶ
1363 1349 1470 1389 ὅπλα
1503 1349 1559 1395 εἰς
1588 1348 1754 1404 πλῆθος
1785 1349 1830 1397 ἐξ
1846 1356 1888 1392 15

219 1413 248 1450 C
276 1413 320 1449 14
336 1414 476 1455 αὐτῶν
505 1415 877 1470 ἕλαφυραγώγησε.
941 1416 1145 1470 Κροῦμος
1177 1416 1222 1458 δὲ
1244 1417 1268 1459 ὁ
1288 1420 1374 1458 τῶν
1396 1417 1659 1471 Βουλγάρων
1682 1417 1830 1471 ἄρχων

335 1482 680 1538 διεπρεσβεύσατο
711 1483 819 1538 πρὸς
850 1483 921 1526 τὸν
949 1485 1130 1539 βασιλέα,
1163 1486 1330 1540 εἰρήνην
1352 1487 1489 1540 ζητῶν
1511 1485 1576 1527 ἐπὶ
1598 1486 1829 1540 συνθήκαις

333 1624 351 1658 1
371 1625 421 1659 ὅτι
440 1625 583 1671 ἔστεψεν
601 1626 621 1660 ὁ
632 1625 779 1671 ᾹΙιχαὴλ
799 1625 971 1672 (βασιλεὺς
984 1627 1029 1669 Ε)
1044 1626 1101 1661 τὸν
1119 1626 1194 1662 υἱὸν
1212 1626 1318 1662 αὐτοῦ
1337 1628 1587 1673 Θεοφύλακτον
1602 1626 1664 1663 CF]
1739 1627 1759 1662 7
1777 1628 1827 1662 ὅτι

332 1672 411 1711 τοὺς
429 1672 518 1708 κατὰ
535 1678 606 1708 τῶν
624 1674 734 1718 ἁγίων
752 1675 902 1708 εἰκόνων
925 1674 987 1716 (εἰς
1004 1674 1063 1712 τὰς
1081 1675 1179 1719 ἁγίας
1196 1675 1332 1713 εἰκόνας
1352 1675 1397 1717 Ε)
1423 1675 1708 1718 νεανιευομένους
1734 1676 1826 1716 (νεα-

330 1720 574 1765 νιευσαμένους
601 1721 646 1760 Ε)
671 1722 819 1766 ᾐκίσατο
846 1720 909 1757 CE
1033 1722 1077 1757 13
1105 1722 1184 1766 περὶ
1210 1727 1281 1757 τῶν
1302 1723 1502 1768 Ἆγαρηνῶν
1529 1721 1591 1758 CE
1706 1722 1750 1757 16
1775 1724 1826 1758 ὅτι

331 1768 352 1802 ὁ
375 1772 445 1802 τῶν
468 1769 684 1814 Βουλγάρων
710 1770 834 1814 ἅρχων
859 1770 933 1814 ᾔτει
960 1770 1123 1808 σπονδάς.
1152 1771 1172 1804 ὁ
1197 1769 1235 1805 δὲ
1258 1770 1420 1816 βασιλεὺς
1444 1772 1466 1805 ἃ
1491 1771 1623 1808 ἐκεῖνος
1641 1770 1752 1815 ἐζήτει
1775 1770 1826 1816 μὴ

329 1816 476 1860 πληρῶν
497 1817 721 1861 παρῃτήσατο
746 1818 970 1852 σπείσασθαι·
997 1817 1056 1853 καὶ
1086 1818 1123 1852 οἵ
1137 1818 1337 1863 Βούλγαροι
1363 1818 1452 1854 κατὰ
1474 1819 1712 1864 ,Μεσημβρίας
1736 1818 1826 1864 ἐχώ-

329 1876 442 1909 ρησαν
467 1863 528 1899 καὶ
553 1864 590 1899 τὸ
615 1865 700 1900 ἄστυ
726 1865 819 1900 εἶλον
846 1864 874 1901 C

400 1994 433 2030 4.
460 1994 483 2030 5
508 1994 585 2030 κατ’
611 1995 719 2031 αὐτοῦ
745 1999 836 2042 post
861 1995 936 2031 τινὰ
962 1996 997 2031 D
1099 1996 1121 2031 5
1146 1997 1195 2036 εἰς
1222 1997 1319 2042 pr
1348 1997 1527 2042 Theoph.
1553 1997 1571 2032 I
1598 2009 1633 2043 p.
1660 1997 1741 2041 495,
1767 1997 1824 2042 25,

402 2053 476 2077 om.
497 2042 589 2078 ADz'
685 2044 707 2078 9
731 2049 808 2083 πῶς
827 2043 922 2089 CDp
1024 2044 1066 2078 12
1091 2045 1244 2089 γλώττης
1263 2044 1292 2078 Β
1393 2045 1436 2079 13
1463 2044 1502 2079 δὲ
1522 2045 1709 2090 ἀγαρηνῶν
1727 2045 1824 2089 pr

403 2090 447 2125 15
473 2091 662 2136 διςχιλίους
688 2090 872 2137 OSwpDi,
900 2092 1098 2137 δυςχιλιόυς
1126 2092 1258 2138 AEwp
1421 2092 1476 2127 15.
1502 2093 1546 2128 16
1571 2093 1610 2134 ἐξ
1634 2093 1750 2129 αὐτῶν
1775 2094 1823 2132 εἰς

399 2138 538 2184 πλῆθος
563 2138 698 2184 DEwp

292 2266 315 2301 9
330 2270 588 2305 concordiam
606 2271 821 2317 redigeret,
840 2271 964 2316 idque
983 2273 1162 2317 perfecit.
1190 2272 1332 2307 Filium
1349 2272 1695 2318 Theophylactum
1710 2273 1825 2318 regio

271 2314 316 2349 lO
330 2318 490 2353 nomine
510 2318 722 2364 dignatum
742 2329 765 2353 a
784 2320 1014 2364 patriarcha
1034 2319 1262 2355 diademate
1282 2320 1508 2355 ornandum
1527 2321 1696 2355 curavit.
1731 2320 1826 2356 Post

329 2365 588 2410 expeditione
606 2370 794 2411 suscepta
811 2370 951 2402 contra
966 2366 1177 2412 Bulgaros,
1197 2368 1265 2412 qui
1285 2367 1496 2402 Thraciam
1513 2368 1825 2412 populabantur,

330 2413 571 2457 quibusdam
587 2413 817 2457 legionibus
833 2414 1043 2458 seditiosis,
1062 2425 1086 2449 a
1101 2415 1248 2459 quibus
1263 2419 1402 2460 aperte
1420 2415 1641 2450 maledictis
1655 2416 1825 2450 incesse-

330 2460 459 2503 batur,
489 2461 674 2506 benignis
701 2461 885 2506 alloquiis
905 2466 943 2497 et
962 2462 1201 2497 liberalitate
1227 2462 1394 2507 placatis
1413 2463 1454 2496 in
1472 2463 1626 2507 regiam
1646 2463 1822 2497 revertit.

270 2504 311 2538 11
329 2506 426 2542 Cum
455 2511 590 2543 autem
613 2509 725 2543 multi
745 2509 943 2544 insaniam
963 2513 1103 2544 eontra
1123 2510 1376 2545 venerabiles
1402 2510 1599 2554 imag-ines
1624 2520 1824 2545 renovare

330 2554 550 2597 studerent,
571 2556 811 2600 quibusdam
832 2557 1130 2602 comprehensis
1149 2561 1187 2592 et
1205 2557 1459 2592 mediocriter
1478 2557 1653 2591 multatis
1668 2560 1823 2592 ceteros

271 2599 314 2634 12
330 2602 471 2636 animis
491 2603 672 2638 demissis
691 2614 714 2638 a
733 2605 848 2639 simili
876 2608 1025 2639 conatu
1052 2604 1256 2647 deterruit,
1284 2609 1321 2639 et
1340 2605 1535 2639 monacho
1556 2604 1725 2647 cuidam,
1755 2605 1823 2650 qui

330 2650 595 2685 ostentandae
622 2652 790 2686 forsitan
824 2652 984 2697 pietatis
1018 2662 1140 2686 causa
1169 2652 1360 2697 deiparae
1386 2653 1602 2697 imaginem
1631 2655 1821 2696 eraserat,

330 2696 508 2741 linguam
534 2698 740 2742 praecidit.

270 2741 315 2777 13
446 2743 648 2788 Agarenis
674 2756 814 2781 rursus
833 2745 1035 2782 Orientem
1058 2747 1312 2781 vastantibus
1333 2745 1596 2780 Orientalium
1615 2746 1710 2789 dux,
1737 2746 1820 2782 Leo

329 2789 555 2835 Armenius,
595 2794 805 2828 commisso
838 2794 990 2839 proelio
1017 2794 1069 2828 ad
1102 2794 1182 2828 duo
1214 2794 1322 2828 milia
1355 2794 1508 2835 cecidit,
1541 2793 1675 2828 multis
1708 2794 1821 2838 equis

271 2836 315 2871 14
330 2842 369 2872 et
395 2840 530 2884 spoliis
558 2841 716 2885 potitus.
768 2840 939 2876 Crumus
965 2845 1114 2883 autem,
1144 2841 1414 2885 Bulgarorum
1446 2841 1642 2885 princeps,
1677 2841 1821 2886 leg-atis

329 2886 380 2919 ad
408 2897 544 2930 reg-em
579 2888 707 2923 missis
740 2899 878 2933 pacem
912 2889 1052 2923 iisdem
1087 2889 1384 2923 conditionibus
1417 2889 1568 2933 petivit,
1608 2898 1712 2932 quae
1746 2889 1820 2923 sub

330 2932 557 2971 Theodosio
584 2934 848 2982 Atramyteno
882 2939 921 2972 et
949 2935 1152 2974 Germano
1178 2937 1407 2984 patriarcha
1435 2946 1650 2972 concessae
1676 2940 1819 2973 essent.
