1968 3302
301 218 349 254 80
693 214 875 255 ZONAR.
903 215 1032 255 EPIT.
1059 214 1155 254 xm
1185 218 1239 264 16,
1266 215 1418 257 32—44.

444 340 531 381 ἀλλ’
565 340 631 381 ὅτε
664 339 715 394 δὴ
748 339 931 394 Νύμφαι
963 339 1075 393 ἱερὸν
1107 339 1212 381 κατὰ
1245 341 1345 382 ἄστυ
1377 342 1545 397 χορείην

443 408 691 463 τερπόμεναι
723 409 937 462 στήσονται
970 408 1194 462 ἕϋστεφέας
1225 407 1315 450 κατ’
1349 410 1510 465 ἀγυιάς,

443 477 513 518 καὶ
544 481 677 531 τεῖχος
708 476 913 530 λουτροῖσι
943 476 1201 518 πολύστονον
1232 478 1388 519 ἔσσεται
1420 479 1570 533 ἄλκαρ,

444 545 494 599 δὴ
527 545 617 586 τότε
647 545 777 599 μυρία
810 544 923 598 φῦλα
955 545 1257 599 πολυσπερέων
1289 546 1537 601 ἀνθρώπων

256 619 284 655 C
442 614 565 667 ἄγρια
596 613 893 667 μαργαίνοντα,
927 612 1065 667 κακὴν
1097 613 1303 667 ἐπιειμένοι
1337 615 1481 670 ἀλκήν,
1813 620 1837 657 5

432 681 594 735 Ἴστρου
628 682 879 735 Κιμμερίοιο
910 681 1046 734 πόρον
1079 681 1278 736 διαβάντα
1311 682 1386 724 σὺν
1418 685 1550 739 αἰχμῇ

440 750 665 803 Σκυθικὴν
697 750 825 791 ὀλέσει
857 750 1005 804 χώραν
1036 750 1107 791 καὶ
1139 751 1312 792 Μυσίδα
1345 756 1476 805 γαῖαν.

446 818 648 872 Θρηικίης
680 818 717 859 δ’
752 818 948 873 ἐπιβάντα
982 817 1056 859 σὺν
1089 818 1217 860 ἐλπίσι
1248 821 1546 875 μαινομένῃσιν

440 888 569 928 αὐτοῦ
601 902 675 928 κεν
705 886 861 941 βιότοιο
891 887 1007 932 τέλος
1038 887 1109 928 καὶ
1140 887 1303 942 πότμον
1335 889 1511 931 ἐπίσποι.

237 956 321 997 336
357 955 435 1010 μὲν
473 954 549 996 οὖν
587 954 755 1010 Οὐάλης
793 960 843 1010 τῇ
883 959 968 997 τῶν
1007 959 1154 1010 τειχῶν
1192 961 1264 1011 τῆς
1301 955 1583 1012 Χαλκηδόνος
1620 959 1698 1015 ὕλῃ
1742 961 1800 1007 εἷς
1816 964 1861 998 10

297 1023 531 1078 οἰκοδομὴν
563 1024 692 1065 ὁλκοῦ
726 1024 933 1078 ἐχρήσατο
964 1023 1129 1072 ὕδατος,
1163 1026 1211 1066 ὃν
1233 1025 1404 1079 ἀγωγὸν
1426 1027 1450 1080 ἡ
1476 1026 1682 1082 δημώδης
1703 1029 1798 1070 ὀνο-

236 1099 283 1134 34
294 1093 417 1147 μάζει
438 1093 579 1147 φωνή,
612 1092 683 1133 καὶ
703 1097 850 1134 τοῦτον
877 1091 1088 1134 Οὐάλεντα
1112 1093 1374 1147 ἐπωνόμασε,
1410 1092 1461 1136 δι’
1492 1093 1543 1136 οὗ
1574 1097 1799 1151 πεποίηκεν

296 1162 352 1207 εἰς
391 1161 465 1216 τὴν
501 1161 620 1202 πόλιν
658 1161 778 1215 ὕδωρ
819 1161 1068 1215 εἰσάγεσθαι,
1115 1161 1164 1202 ἵν’
1198 1162 1383 1216 ἀφθονία
1416 1163 1569 1210 ὕδατος
1600 1165 1660 1219 εἴη
1693 1166 1799 1220 αὐτῇ

235 1237 282 1273 35
295 1229 366 1271 καὶ
409 1229 517 1284 πρὸς
554 1230 681 1284 ἄλλην
722 1234 869 1284 χρῆσιν
906 1230 977 1271 καὶ
1015 1230 1124 1284 πρὸς
1160 1230 1327 1284 λουτρά.
1391 1232 1416 1273 ὁ
1454 1232 1498 1273 δὲ
1529 1237 1604 1287 τῆς
1633 1233 1799 1280 πόλεως

296 1299 481 1353 ἔπαρχος
522 1298 755 1353 Νυμφαῖον
798 1299 842 1339 ἐν
884 1303 945 1352 τῷ
988 1299 1240 1353 καλουμένῳ
1288 1300 1446 1355 Ταύρῳ
1489 1302 1796 1357 κατεσκευάκει,
1813 1307 1858 1342 15

245 1366 367 1413 Βτάς
399 1367 445 1408 ἕκ
477 1371 550 1408 τοῦ
582 1370 667 1408 τῶν
699 1366 867 1408 ὑδάτων
899 1367 1029 1408 ὁλκοῦ
1061 1367 1232 1421 χάριτας
1264 1368 1310 1409 ἐκ
1332 1369 1481 1409 τούτου
1503 1370 1796 1424 παραδεικνύς.

234 1444 281 1479 36
295 1435 357 1481 οἶς
388 1436 521 1477 εἵπετο
553 1435 624 1476 καὶ
656 1436 680 1489 ἡ
714 1438 799 1476 τῶν
829 1435 1066 1490 βαρβάρων
1098 1436 1305 1482 ἕπέλευσις
1330 1436 1434 1478 κατὰ
1457 1437 1505 1478 τὰ
1529 1439 1795 1493 γεγραμμένα

368 1542 461 1587 1—9]
477 1542 627 1578 Versus
638 1543 680 1577 in
690 1541 791 1577 ACE
807 1542 1134 1588 distinguuntur3
1148 1545 1361 1588 praeterea
1376 1546 1483 1578 totus
1498 1544 1609 1579 locus
1624 1545 1676 1586 (v.
1686 1543 1796 1581 Socr.

364 1590 412 1625 H.
428 1590 471 1625 E.
485 1589 539 1626 IV
552 1590 592 1635 83
622 1589 808 1624 Ammian
834 1589 1007 1626 Marcell.
1035 1590 1166 1626 XXXI
1192 1591 1222 1634 1,
1238 1589 1316 1635 4⁵⁴4
1343 1589 1457 1626 Cedr.
1480 1591 1497 1625 Ι
1522 1602 1558 1636 p.
1574 1591 1655 1634 542,
1672 1591 1716 1626 15
1731 1595 1796 1635 ss.)

366 1638 563 1684 repetitur
589 1638 641 1673 ab
661 1647 865 1683 anonymo
885 1637 1085 1674 Foerstcri
1113 1650 1149 1684 p.
1167 1637 1211 1672 14
1308 1638 1330 1672 2
1355 1638 1433 1674 κατ’
1447 1639 1557 1684 ἀγυάς
1575 1637 1646 1674 AR
1665 1640 1796 1676 codex

365 1687 560 1732 anonymi
586 1685 797 1729 Foersteri,
825 1685 901 1720 κατ’
925 1687 1035 1731 ’γυιὰς
1060 1687 1102 1731 Ε,
1129 1685 1206 1721 κατ’
1228 1685 1352 1731 ἀγυιάς
1377 1685 1539 1731 prDi
1634 1687 1657 1721 3
1683 1688 1794 1724 ἔσεται

364 1733 472 1770 ΑΟΙ)
577 1733 599 1768 5
625 1734 714 1779 ἄγρᾳ
739 1733 785 1778 A,
813 1734 903 1779 ἄγρα
929 1734 961 1769 R
988 1735 1117 1770 codex
1145 1735 1337 1779 anonymi
1364 1733 1575 1778 Foersteri,
1602 1735 1672 1770 sed
1699 1736 1740 1770 in
1767 1735 1796 1771 C

364 1782 416 1817 ab
435 1782 524 1817 ead.
543 1791 649 1816 man.
668 1784 867 1816 mut-atum
894 1782 932 1816 in
962 1783 1065 1828 ἄγρια
1084 1780 1206 1828 wpDc'
1299 1782 1321 1816 6
1346 1782 1546 1828 διαβάντων
1560 1782 1590 1817 Ε
1689 1783 1710 1818 7
1736 1784 1795 1819 καὶ

362 1834 458 1865 ante
483 1829 678 1875 Σκυθικὴν
704 1829 796 1864 add.
825 1829 965 1875 wpDi;
1005 1830 1076 1866 sed
1114 1829 1310 1875 Σκῦθῖκὴν
1349 1833 1388 1865 et
1425 1831 1466 1865 in
1504 1831 1651 1866 nostris
1690 1831 1795 1866 codi—

364 1878 479 1913 cibus
511 1880 551 1913 et
583 1877 624 1912 in
657 1877 760 1912 libro
793 1878 845 1912 ab
885 1888 1089 1924 anonymo
1124 1878 1325 1914 Foersteri
1367 1877 1548 1913 adhibito
1587 1882 1794 1914 servatum

362 1929 509 1972 poetae
535 1925 814 1971 negligentiae
841 1926 1066 1961 tribuimus.
1203 1927 1225 1961 8
1250 1926 1430 1970 i9=977tm¹0cc
1456 1925 1486 1959 Β
1615 1926 1637 1961 9
1661 1928 1795 1971 πότμον

364 1984 415 2010 ex
431 1975 614 2018 πόμ*τμον
633 1983 734 2008 corr.
750 1972 785 2008 A
883 1973 930 2008 10
953 1973 1016 2009 οὖν
1042 1985 1117 2010 0111.
1133 1973 1169 2008 D
1269 1974 1311 2008 11
1338 1973 1479 2019 ἀγωγὴν
1495 1973 1525 2008 Ε
1624 1974 1669 2009 13
1693 1975 1794 2020 ὕδωρ

364 2022 414 2061 εἷς
431 2036 459 2057 τ.
475 2021 576 2056 πόλιν
602 2019 632 2056 C
729 2021 871 2056 ὑδάτων
889 2021 987 2067 pr
1087 2025 1181 2057 ante
1207 2021 1295 2067 αὐτῇ
1322 2021 1414 2056 add.
1440 2022 1477 2056 ἒν
1506 2022 1537 2057 Ε
1635 2022 1681 2057 14
1705 2028 1793 2068 χρῆ-

363 2083 421 2105 σιν
447 2070 556 2115 ἄλλην
582 2068 681 2115 pr
780 2068 825 2104 15
851 2070 1099 2110 κατεσκευάζει
1128 2070 1158 2104 Ε

490 2176 685 2223 Nymphis
711 2178 752 2212 in
779 2187 896 2212 sacra
923 2178 1091 2213 choreas
1119 2177 1370 2223 agitantibus
1396 2177 1498 2212 urbe

491 2225 682 2271 Undique
709 2235 782 2271 per
808 2225 931 2269 vicos,
958 2226 1063 2261 festa
1089 2225 1318 2261 exsultante
1346 2235 1510 2269 corona,

491 2272 644 2309 Balnea
671 2283 762 2308 cum
788 2283 929 2308 murus
958 2274 1113 2319 gemitu
1139 2273 1340 2309 custodiet
1366 2283 1506 2318 aegro,

490 2321 593 2356 Tum
620 2331 718 2356 vero
745 2331 848 2366 gens
875 2321 974 2366 dira,
1001 2325 1155 2367 potens,
1182 2330 1410 2365 numerosa,
1439 2321 1565 2355 feroci

489 2368 651 2405 Robore
678 2368 875 2414 praedita,
905 2367 1105 2404 Cimmerii
1132 2370 1236 2404 freta
1263 2371 1381 2404 vecta
1409 2378 1480 2413 per
1506 2368 1597 2403 Istri

490 2417 539 2452 Et
564 2415 770 2462 Scythiam
796 2417 930 2452 saevis
957 2420 996 2451 et
1022 2416 1178 2462 Mysida
1206 2416 1404 2462 deprimet
1430 2417 1562 2460 armis,

489 2464 802 2509 Threiciumque
828 2465 1014 2510 ingressa
1041 2464 1170 2499 solum
1197 2474 1268 2509 spe
1296 2465 1400 2498 freta
1427 2465 1598 2507 furente,

489 2512 535 2547 In
562 2522 636 2548 sua
663 2512 747 2547 fata
774 2522 907 2556 ruem,
934 2513 1087 2547 tristem
1114 2513 1294 2547 mittetur
1321 2512 1372 2546 ad
1400 2511 1558 2547 Oreum.

229 2562 276 2597 33
289 2561 437 2596 Valens
464 2561 589 2606 igitur
614 2560 784 2595 materia
810 2558 1070 2595 Chalcedonii
1098 2560 1200 2594 muri
1232 2560 1284 2594 ad
1315 2559 1627 2604 aquaeductum,
1667 2569 1784 2604 quem

289 2608 498 2644 Valentem
524 2608 760 2649 nominavit,
787 2617 886 2642 usus
913 2611 972 2642 cst
997 2607 1120 2651 (hunc
1145 2617 1243 2642 usus
1270 2608 1453 2652 vulgaris
1479 2606 1644 2642 ductum
1664 2607 1785 2653 dicit),

228 2657 334 2692 34ut
371 2657 462 2691 urbi
501 2665 634 2700 aquae
673 2656 789 2700 copia
827 2658 911 2690 tum
944 2654 996 2689 ad
1037 2655 1136 2689 alios
1175 2665 1273 2689 usus
1311 2659 1394 2689 tum
1433 2654 1485 2689 ad
1517 2655 1664 2689 balnea
1696 2665 1786 2701 sup-

229 2703 276 2740 35
289 2706 454 2749 peteret.
506 2703 626 2739 Urbis
647 2707 782 2738 autem
801 2703 1032 2748 praefectus
1050 2702 1329 2748 Nymphaeum
1350 2704 1390 2737 in
1410 2702 1510 2745 1000,
1539 2703 1607 2746 qui
1626 2701 1786 2738 Taurus

289 2751 447 2793 dicitur,
475 2751 527 2786 ad
557 2750 787 2786 testandum
813 2754 976 2796 gratum
1003 2750 1179 2785 animum
1210 2750 1260 2784 ob
1289 2750 1457 2785 ductiles
1485 2759 1624 2794 aquas,
1652 2750 1786 2785 aedifi-

229 2799 275 2834 36
290 2799 408 2834 cavit.
460 2798 573 2840 Quae
602 2802 821 2833 consecuta
848 2804 908 2833 est
939 2801 977 2832 et
1002 2798 1269 2832 barbarorum
1297 2798 1484 2841 incursio,
1514 2800 1558 2831 ut
1582 2798 1622 2832 in
1647 2797 1785 2832 tabula

289 2846 482 2891 scriptum
509 2848 606 2891 erat,
639 2846 707 2891 qui
735 2849 773 2881 et
793 2845 1006 2881 Thraciam
1033 2845 1214 2892 populati
1243 2849 1336 2880 sunt
1363 2848 1402 2880 et
1428 2849 1516 2891 post
1544 2854 1669 2891 prope
1696 2855 1785 2881 eam

290 2894 509 2943 perierunt.

1957 599 1968 761 *Mt*
1954 218 1968 567 *damian-anmffl.
