1968 3302
347 227 525 275 sAPoR..
575 222 914 270 MAGNENTI'VS
938 220 1113 269 NECAT
1140 218 1500 268 CONSTANTEM.
1631 220 1675 265 31

175 365 238 416 τῷ
267 359 435 402 πάλλειν
465 358 571 400 κατά
602 372 711 403 τινος
740 355 787 397 τὸ
819 355 1012 397 ἀκόντιον
1042 353 1270 409 προλέγειν,
1310 352 1419 394 ὅπου
1456 352 1578 407 βαλεῖ
1608 351 1679 393 τὸν

176 430 386 484 πολέμιον.
450 426 572 473 οὗτος
602 427 739 467 τοίνυν
770 430 831 479 τῷ
863 423 1144 477 Κωνσταντίῳ
1182 421 1288 463 κατὰ
1327 424 1413 463 τῶν
1444 420 1679 475 ὁμοφύλων
1692 425 1739 460 33

177 497 529 550 συνεστρατεύετο,
562 496 704 549 ἄρχειν
728 493 898 548 ταχθεὶς
919 493 1081 534 ἱππέων
1102 492 1192 545 ἴλης
1212 490 1379 545 πολλῆς.
1443 490 1466 530 ὁ
1487 488 1680 544 βασιλεὺς
1693 492 1739 528 34

179 565 224 607 δὲ
257 565 547 609 Κωνστάντιος
584 564 784 608 πολλάκις
823 567 906 607 τοῖς
936 560 1124 615 Πέρσαις
1163 558 1394 614 συμβαλὼν
1425 558 1499 612 τὴν
1530 558 1678 612 ἥττονα

141 638 332 688 ὅμοῒραν
363 633 445 688 εἶχε
476 632 545 674 καὶ
577 631 758 677 πολλοὺς
789 634 874 672 τῶν
906 630 1072 671 οἰκείων
1104 628 1297 683 ἀπέβαλε.
1359 626 1431 668 καὶ
1457 629 1542 668 τῶν
1563 625 1678 680 Περ-

178 706 267 744 σῶν
300 702 345 744 δὲ
375 702 553 743 πλεῖστοι
584 701 826 741 πεπτώκασι
859 699 930 740 καὶ
962 697 1088 744 οὗτος
1119 697 1144 738 ὁ
1175 696 1396 751 Σαπώρης
1428 696 1641 750 ἐτέτρωτο.

303 770 428 812 Οὕτω
471 770 611 824 μέντοι
655 772 740 810 τῶν
783 768 848 809 ἐπὶ
890 767 1060 821 Πέρσας
1102 766 1303 820 πολέμων
1346 763 1721 819 συνενεχθέντωνὸ

177 844 238 894 τῷ
269 839 431 894 βασιλεῖ
457 837 754 891 Κωνσταντίῳ,
786 836 946 891 μαθὼν
977 839 1103 877 ταῦτα
1136 833 1407 888 ΙΙῙαγνέντιος,
1440 834 1488 879 ὃς
1520 833 1567 874 ἐκ
1598 848 1679 874 πα-

178 906 276 962 τρὸς
305 907 383 961 μὲν
414 907 630 961 γεγέννητο
661 905 913 960 Βρεττανοῢ,
955 905 998 945 ἓν
1037 908 1120 949 τοῖς
1160 903 1424 957 προτίκτορσι
1463 899 1499 943 δ’
1534 902 1679 956 ε’στρα-

121 987 167 1023 10
178 976 315 1017 τεύετο
353 974 436 1016 εἶτα
474 974 545 1016 καὶ
581 974 720 1028 κόμης
760 973 997 1028 ὠνομάσθη
1036 973 1260 1026 ταγμάτων
1301 971 1379 1013 δύο
1413 970 1725 1025 Ῥωμαϊκῶν,Β

178 1044 433 1099 τυραννῆσαί
468 1059 509 1084 τε
548 1043 619 1084 καὶ
656 1027 808 1097 πρῴην
853 1042 1076 1096 ἐπι-θυμῶν
1119 1041 1208 1082 τότε
1251 1040 1411 1094 μᾶλλον
1455 1040 1576 1081 ἔθετο
1619 1044 1681 1094 τῷ

180 1118 344 1167 σκοπῷ,
384 1113 443 1154 ὅτι
482 1113 714 1166 ἀτυχοῦντα
751 1111 847 1165 περὶ
883 1111 954 1152 τὸν
987 1109 1200 1164 Περσικὸν
1230 1109 1417 1163 πόλεμον
1447 1109 1579 1163 ἤκουε
1610 1108 1681 1150 τὸν

179 1181 486 1235 Κωνστάντιον,
526 1180 598 1222 καὶ
634 1180 848 1234 εὐκαιρίαν
886 1181 1020 1234 ἔκρινε
1056 1182 1280 1233 τηνικαῦτα
1317 1181 1391 1219 τοῦ
1424 1178 1680 1232 ἐπικεχειρη-

180 1251 296 1292 κέναι
326 1254 375 1305 τῇ
406 1249 624 1303 τυραννίδι.
688 1249 759 1290 καὶ
789 1249 1055 1303 πλασάμενος
1086 1247 1135 1288 τὰ
1167 1248 1317 1288 ἑαυτοῦ
1340 1246 1548 1301 ἑορτάζειν
1570 1247 1718 1300 γενέ-2

120 1329 166 1365 15
180 1319 278 1360 θλια
314 1319 358 1360 ἓν
389 1318 701 1372 Αὐγουστούλῳ
739 1322 787 1372 τῇ
823 1317 940 1358 πόλει
978 1315 1224 1358 συνεκάλεσε
1262 1315 1359 1361 τοὺς
1398 1315 1573 1370 ἐξόχους
1610 1319 1683 1370 τῆς

180 1387 346 1434 πόλεως
384 1391 457 1429 τοῦ
497 1387 733 1441 συμποσίου
778 1386 907 1427 αὐτοῦ
952 1385 1308 1439 συμμεθέξοντας,
1352 1383 1448 1429 τοὺς
1490 1383 1569 1438 μὲν
1612 1383 1682 1425 καὶ

181 1530 202 1566 Ί
228 1530 325 1569 ὅπως
351 1529 417 1575 (ὅτι
444 1529 490 1573 Ε)
516 1529 537 1564 o‘
561 1528 779 1574 ΙΙΙαγνέντιος
803 1528 979 1574 τυραννίδι
1004 1527 1271 1573 ἐπικεχείρηκεν
1298 1525 1361 1563 CE

253 1671 272 1707 1
298 1671 407 1717 λέγειν
433 1669 535 1717 pr
644 1670 667 1706 2
692 1671 939 1706 κωνσταντίνω
967 1668 1008 1715 C,
1035 1681 1071 1705 V.
1100 1680 1158 1705 VS.
1184 1669 1208 1704 4
1322 1669 1345 1704 3
1371 1667 1682 1714 συνεκστρατεύετο

252 1719 299 1765 D,
328 1730 429 1755 corr.
445 1718 514 1757 Dw
603 1718 626 1753 4
651 1724 906 1757 κωνσταντῒνος
924 1721 1019 1754 ante
1034 1728 1218 1753 rasuram
1233 1716 1276 1762 B,
1303 1728 1341 1752 v.
1357 1727 1415 1752 vs.
1430 1716 1453 1751 2
1542 1716 1565 1751 8
1592 1719 1682 1762 post

249 1767 380 1813 μαθὼν
406 1767 498 1802 add.
526 1766 565 1802 δὲ
591 1766 622 1801 Ε
752 1767 774 1802 9
799 1766 981 1812 γεγέννητο
1005 1765 1070 1811 μὲν
1098 1767 1138 1810 Ε,
1163 1765 1229 1811 μὲν
1255 1765 1416 1811 γεγένητο
1443 1763 1615 1810 prDi‚
1643 1775 1679 1799 V.

252 1816 304 1851 ad
331 1815 427 1850 XIII
454 1816 486 1858 1,
513 1815 535 1850 2
646 1818 740 1850 ante
766 1815 803 1849 ἓν
830 1814 922 1850 add.
949 1814 998 1853 ὡς
1026 1814 1057 1849 Ε
1166 1815 1272 1849 inter
1298 1819 1366 1860 τοῖς
1394 1816 1433 1849 et
1458 1813 1682 1858 προτίκτορσι

253 1863 344 1899 add.
373 1864 610 1898 asteriscum
638 1862 706 1900 Dw
790 1863 834 1898 13
859 1862 1118 1908 ἑπιχειρηκέναι
1134 1862 1176 1906 Ε,
1203 1861 1234 1896 Β
1254 1862 1305 1896 ab
1326 1862 1405 1896 alia
1422 1871 1548 1896 manu
1568 1871 1681 1903 corr„

251 1911 301 1957 μὴ
328 1911 585 1956 ἐπιχειρηκέναι
613 1910 659 1955 D,
689 1921 789 1946 corr.
817 1910 885 1948 Dw
1023 1910 1066 1945 15
1092 1910 1341 1955 αὖγουστούλω
1365 1910 1370 1953 Ι
1393 1908 1491 1951 A(E)
1520 1913 1558 1944 et
1585 1919 1681 1943 non-

1185 1969 1222 1997 gs.

252 2007 351 2042 nulli
377 2007 420 2051 P,
447 2006 669 2052 αὖγουστόλω
697 2006 727 2041 Β
756 2010 794 2042 et
821 2006 1004 2042 nonnulli
1028 2006 1070 2050 P,
1097 2006 1207 2051 αὐγου
1235 2005 1275 2050 C,
1301 2005 1541 2051 αὐγουσταλίῳ
1567 2005 1680 2051 pr,

252 2056 371 2138 glimo
398 2055 715 2100 Αὐγουστοδούνῳ,
743 2066 780 2089 v.
808 2054 948 2090 Zosim.
977 2054 1013 2089 II
1040 2054 1097 2099 41,
1125 2054 1148 2089 4
1277 2054 1321 2090 16
1346 2054 1454 2089 αὐτοῦ
1478 2052 1557 2098 AE,
1584 2053 1681 2098 αὐτῷ

290 2101 410 2149 wpDi

181 2244 381 2280 iaculator
407 2244 671 2291 peritissimus
698 2245 764 2288 ita,
791 2246 836 2279 ut
863 2244 893 2278 si
921 2243 1102 2278 vibraret
1128 2244 1168 2278 in
1197 2253 1316 2289 quem
1342 2243 1530 2288 iaculum,
1561 2247 1681 2279 antea

183 2293 345 2337 diceret,
385 2303 466 2338 qua
505 2296 620 2338 parte
658 2293 812 2327 icturus
851 2295 956 2327 esset
994 2292 1158 2327 hostem.
1209 2291 1285 2327 Hie
1311 2292 1438 2338 igitur
1464 2302 1553 2327 cum
1582 2291 1681 2328 Con·
1695 2295 1741 2331 33

183 2341 330 2376 stantio
357 2344 499 2376 contra
524 2340 742 2386 populares
769 2350 864 2374 suos
891 2340 1098 2385 profectus
1125 2342 1195 2383 est,
1235 2341 1467 2386 praefectus
1500 2340 1680 2385 equitum

183 2394 340 2424 turmae
367 2399 551 2434 magnae.
605 2388 751 2423 Verum
779 2387 1038 2423 Constantius
1065 2397 1138 2423 rex
1165 2397 1288 2433 saepe
1316 2398 1404 2423 eum
1429 2387 1563 2422 Persis
1591 2391 1742 2426 con-34

182 2446 347 2482 gressus
373 2437 540 2472 inferior
566 2436 784 2471 recedebat
816 2435 950 2471 multis
983 2445 1148 2470 suorum
1182 2436 1348 2471 amissis.
1399 2435 1533 2480 Atque
1561 2436 1680 2471 etiam

184 2485 398 2519 Persarum
425 2484 585 2530 plurimi
613 2483 858 2527 ceciderunt,
885 2484 971 2529 ipso
999 2482 1153 2529 Sapore
1180 2483 1405 2518 vulnerato.

301 2532 334 2567 6.
385 2531 446 2567 Ita
472 2535 607 2567 autem
634 2542 723 2566 cum
751 2531 855 2566 bella
878 2531 1041 2566 Persica
1068 2531 1299 2566 evenissent
1326 2533 1415 2577 regi
1434 2531 1680 2576 Constantio,

184 2580 331 2615 certior
358 2581 489 2615 factus
503 2578 775 2625 Magnentius,
803 2580 872 2624 qui
901 2583 1016 2625 patro
1035 2578 1229 2614 Britanno
1259 2585 1370 2614 ortus
1396 2580 1500 2614 inter
1526 2583 1681 2625 protec-

184 2632 292 2663 tores
318 2628 518 2671 militarat,
544 2627 690 2662 (leinde
710 2637 842 2662 comes
861 2627 1088 2673 appellatus
1109 2631 1195 2661 erat
1214 2627 1386 2661 duarum
1406 2627 1680 2663 Romanarum

184 2675 402 2721 legionum,
429 2685 519 2710 cum
547 2675 626 2710 iam
653 2676 765 2720 prius
792 2675 1019 2720 tyrannidis
1046 2678 1150 2710 esset
1177 2675 1392 2719 studiosus,
1428 2679 1524 2710 tunc
1551 2676 1681 2721 magis

184 2724 305 2758 etiam
344 2723 510 2758 consilio
551 2727 610 2758 est
648 2723 902 2768 astipulatus,
942 2722 1051 2768 quod
1086 2733 1169 2757 rem
1203 2723 1308 2757 male
1339 2733 1484 2768 gerere
1516 2723 1679 2759 Persico

185 2770 288 2806 bello
315 2770 594 2806 Constantium
621 2770 824 2814 audiebat,
852 2771 1195 2816 opportunitatem
1217 2770 1303 2805 dari
1331 2771 1406 2805 sibi
1433 2775 1546 2806 ratus
1565 2781 1681 2807 occu-

186 2818 346 2865 pandae
378 2818 616 2863 tyrannidis.
668 2818 810 2863 Itaque
843 2829 915 2864 por
951 2819 1124 2864 speciem
1163 2818 1309 2853 natalis
1347 2819 1409 2854 sui
1449 2819 1717 2859 celebrandi2

185 2865 460 2912 Augustulum
475 2865 850 2912 (Augustodunum)
862 2867 901 2901 in
917 2866 1059 2902 urbem
1075 2867 1318 2902 convocavit
1333 2868 1528 2913 primores
1544 2869 1680 2903 civita-

185 2915 235 2953 tis
254 2913 306 2951 ad
325 2915 433 2963 ipsas
453 2913 605 2963 epulas,
633 2913 830 2961 quosdam
858 2914 1011 2951 consilii
1031 2915 1090 2950 sui
1112 2915 1307 2962 conscios,
1334 2916 1549 2953 nonnullos
1568 2918 1680 2964 igno-
