2054 3282
449 243 661 281 PETRVS.
712 244 1140 282 CHRISTOPHORVS
1165 245 1413 283 MORITVR.
1608 242 1680 285 475

11 401 39 416 2
183 363 313 406 αὐτοῦ
343 365 627 420 προτετίμητο.
689 365 740 420 ἦν
771 364 848 408 οὖν
879 365 903 407 ό
934 366 1160 422 αὐθιγενὴς
1189 366 1381 422 βασιλεὺς
1410 367 1482 409 καὶ
1512 366 1552 422 ᾦ
1572 367 1715 409 κατὰ3

11 434 171 479 >ΠῙ62
184 431 343 487 κλῆρον
381 434 407 488 ἡ
446 433 630 488 βασιλεία
675 434 864 488 διέφερεν
906 434 1051 489 ὥσπερ
1092 436 1425 490 παρέγγραπτος.
1487 433 1574 477 ἀλλ’
1613 435 1715 478 ἑπὶ4

31 507 34 509 ’
183 499 344 547 τούτοις
374 502 399 556 ἡ
434 501 527 556 δίκη
561 502 640 544 οὐκ
672 502 962 551 ἐπενύσταξεν·
995 503 1306 558 ἀναβεβλήσθω
1339 504 1376 546 δ’
1409 505 1435 559 ἡ
1467 503 1562 558 περὶ
1581 504 1677 546 τού-

182 583 268 610 των
299 568 495 624 διήγησις.

146 645 170 681 5
296 636 351 679 ‘O
369 638 590 693 Ἀμασείας
611 638 657 681 δὲ
676 639 898 695 Στέφανος
918 641 985 695 ἔτη
1007 641 1098 695 τρία
1127 640 1340 695 διαγαγὼν
1370 641 1415 683 ἐν
1445 646 1506 696 τῷ
1529 641 1678 696 θρόνῳ
1691 644 1713 680 5
1740 643 1771 679 Β

182 708 254 760 τῆς
296 706 596 763 ὑπερκειμένης
641 711 726 750 τῶν
767 708 935 751 πόλεων
977 709 1220 764 ἐτελεύτησε,
1266 709 1336 751 καὶ
1379 710 1677 765 ἐχειροτονήθη

185 773 371 829 Τρύφων
400 791 459 821 τις
487 775 677 831 μοναχὸς
708 776 774 818 ἐπὶ
795 778 1027 832 συνθήκαις
1047 782 1120 819 τοῦ
1141 777 1244 832 μετὰ
1266 778 1421 833 χρόνον
1441 779 1678 833 ὡρισμένον

181 842 295 884 ἑκὼν
337 843 528 899 ἐκστῆναι
569 849 642 886 τοῦ
674 845 837 899 θρόνου
867 851 929 900 τῷ
959 850 1032 887 τοῦ
1063 846 1270 900 βασιλέως
1299 847 1381 901 υἱῷ
1410 852 1472 902 τῷ
1508 846 1676 901 Θεοφυ-

181 910 341 965 λάκτῳ·
380 910 433 966 ἦν
464 911 543 967 γὰρ
575 914 630 955 ἔτι
659 913 888 967 μειράκιον.
950 915 1092 968 γέγονε
1124 911 1161 956 δ’
1195 915 1238 956 ἒν
1268 919 1353 962 τοῖς
1383 915 1551 970 χρόνοις
1580 915 1675 957 τού·
1690 919 1713 954 6
1739 917 1931 954 W111153

126 986 170 1022 10
182 995 266 1026 τοις
295 981 456 1034 χειμών
486 996 527 1022 τε
558 981 773 1036 ἀφόρητος
803 981 923 1036 λιμός
952 998 994 1023 τε
1025 982 1312 1037 σφοδρότατος
1335 983 1406 1025 καὶ
1428 983 1678 1038 ἐμπρησμὸς

180 1049 534 1102 φρικωδέστατος.
596 1050 664 1092 ὅτε
706 1050 778 1092 καὶ
814 1051 839 1092 ὁ
874 1050 1066 1105 βασιλεὺς
1104 1051 1400 1106 Χριστοφόρος
1442 1051 1516 1106 τὴν
1559 1051 1711 1106 ζωὴνῖ

180 1116 460 1172 ἐξεμέτρησεν.
522 1118 604 1173 ἤδη
649 1118 695 1160 δὲ
732 1122 806 1160 τοῦ
845 1119 1081 1174 ὡρισμένου
1119 1124 1270 1173 καιροῦ
1306 1120 1622 1174 παραρρυέντος
1652 1119 1712 1161 68

179 1185 439 1241 πατριάρχης
472 1186 658 1240 Τρύφων
689 1187 740 1229 οὗ
771 1188 940 1241 μεθίετο
970 1191 1044 1229 τοῦ
1075 1187 1238 1241 θρόνου
1275 1192 1348 1229 τοῦ
1386 1188 1676 1242 ἀρχιερατικοῦ

179 1252 286 1294 κατὰ
317 1253 364 1295 τὰ
395 1255 657 1309 συγκείμενα,
689 1253 776 1296 ἀλλ’
810 1256 924 1302 ὅλαις
954 1256 1070 1311 χερσὶ
1100 1260 1172 1310 τῆς
1202 1256 1516 1311 ἀρχιερωσύνης
1547 1256 1720 1298 ἀντεῖ-Ο

123 1328 167 1364 15
179 1337 288 1376 χετο.
349 1322 421 1364 καὶ
452 1322 476 1363 ὁ
506 1322 698 1377 βασιλεὺς
728 1324 869 1379 ἠνιᾶτο
902 1323 968 1365 aad
999 1324 1073 1379 τὴν
1104 1325 1279 1379 ἀπάτην,
1324 1324 1387 1371 ὡς
1420 1325 1712 1379 ἕμπαιχθείς.ῐ)

180 1390 206 1432 ό
227 1394 330 1444 γοῦν
351 1390 605 1445 Καισαρείας
625 1392 878 1446 χαρίσασθαι
899 1398 961 1446 τῷ
984 1392 1146 1446 βασιλεῖ
1170 1393 1529 1447 προθυμούμενος
1561 1392 1675 1446 δόλῳ
1693 1396 1736 1432 10

178 1459 328 1513 μέτεισι
365 1459 438 1514 τὴν
474 1464 547 1502 τοῦ
585 1460 845 1515 πατριάρχου
889 1461 1084 1515 ἀφέλειαν
1126 1460 1197 1502 καὶ
1240 1461 1364 1515 φίλου
1406 1464 1676 1514 προσωπεῖον

179 1527 318 1582 ἑαυτῷ
347 1528 623 1583 περιθέμενος
653 1533 714 1582 τῷ
743 1528 978 1583 πατριάρχῃ
1011 1529 1138 1583 φησίν
1168 1529 1224 1584 “ἡ
1255 1529 1334 1583 μὲν
1364 1528 1470 1570 κατὰ
1503 1532 1580 1570 σοῦ
1601 1533 1674 1570 τοῦ
1692 1533 1733 1568 11

177 1600 431 1651 κρατοῦντος
463 1596 644 1643 ἐπίθεσις
675 1597 856 1652 σφοδρά,
889 1594 975 1639 ἀλλ’
1003 1597 1277 1639 ἐπιλείπουσιν
1308 1598 1425 1652 αὐτῷ
1456 1597 1674 1652 αἰτιάματα

178 1737 202 1774 5
225 1738 305 1784 περὶ
328 1743 556 1785 πατριαρχῶν
581 1739 613 1775 Ε
712 1739 754 1774 11
782 1739 919 1786 τελευτὴ
946 1744 1007 1775 τοῦ
1031 1739 1205 1785 βασιλέως
1229 1740 1482 1785 Χριστοφόρου
1509 1739 1540 1774 Ε

251 1871 274 1906 3
301 1875 390 1916 post
414 1870 641 1912 ἒπενύσταξεν
666 1870 758 1906 add.
785 1871 817 1906 εἰ
840 1870 879 1906 δὲ
910 1870 970 1906 καὶ
1004 1871 1159 1916 σχολαίω
1191 1871 1374 1916 στείχουσα
1407 1871 1603 1916 (στείβουσα
1629 1870 1673 1912 Β)

250 1918 319 1964 ἧκε
342 1917 436 1963 ποδὶ,
461 1918 586 1963 ἆλλάγε
612 1918 680 1964 ἧκε
703 1919 786 1954 ποτέ
811 1917 938 1965 O(wp)
1123 1918 1146 1954 5
1170 1918 1320 1962 ἀμασίας
1346 1917 1480 1964 AEB„
1505 1918 1674 1962 ἀμασειάς

250 1964 420 2012 prDi,
447 1976 483 2001 v.
511 1966 563 2001 ad
589 1965 681 2002 XVI
709 1966 763 2010 18,
791 1967 835 2002 17
959 1966 1014 2001 ἐπὶ
1041 1967 1116 2011 τρία
1141 1966 1198 2011 ἔτη
1228 1965 1262 2000 Ι)
1384 1966 1406 2002 7
1430 1967 1562 2011 χρόνου
1588 1965 1672 2011 w*p

250 2013 273 2049 9
297 2012 358 2058 ἔτι]
385 2013 486 2048 οὔπω
512 2012 544 2049 O
665 2012 704 2049 δὲ
730 2013 766 2048 D
889 2014 934 2049 12
957 2028 1108 2059 παραρρ.
1135 2019 1264 2059 καιροῦ
1291 2013 1322 2050 Ο
1459 2014 1502 2049 13
1528 2018 1587 2048 τοῦ
1614 2018 1672 2048 τοῦ

247 2066 508 2106 πατριαρχικοῦ
534 2061 575 2105 Ε,
602 2066 662 2098 τοῦ
685 2067 944 2107 πατριαρχικοῢ
971 2073 1033 2108 wp
1194 2061 1237 2096 14
1262 2061 1514 2107 ἀρχιεροσύνης
1540 2060 1625 2107 w*p

251 2109 306 2145 18.
333 2119 369 2155 p.
395 2109 476 2154 476,
501 2109 535 2145 2.
561 2109 626 2146 68.
651 2109 741 2145 κατά
766 2123 830 2145 σου
857 2109 943 2156 w*p
970 2110 1106 2145 invitis
1134 2108 1204 2147 AR

177 2247 303 2283 sisset.
354 2246 496 2292 Itaque
530 2246 725 2293 indigena
756 2257 841 2291 rex,
879 2247 931 2283 ad
965 2257 1084 2293 quem
1116 2247 1358 2283 hereditario
1386 2249 1473 2283 iure
1500 2245 1709 2290 regnum3

178 2294 417 2341 pertinebat,
453 2294 579 2330 instar
605 2295 821 2341 ascriptieii
848 2296 934 2331 suit.
986 2294 1172 2331 Ceterum
1200 2294 1380 2330 vindicta
1406 2293 1467 2328 sui
1495 2291 1707 2328 muneris4

177 2352 259 2378 non
285 2345 345 2379 est
371 2341 494 2378 oblita
521 2362 565 2367 —
591 2342 663 2378 sed
689 2342 765 2379 hoc
790 2342 868 2378 alio
896 2343 982 2378 loco
1010 2342 1252 2378 narrabitur.

296 2388 500 2436 Stephano
527 2388 742 2435 Amaseno,
779 2400 870 2426 cum
908 2390 1044 2426 sedem
1084 2390 1276 2435 principis
1311 2389 1423 2425 urbis
1457 2398 1527 2435 per
1554 2386 1708 2423 trien-5

178 2437 289 2473 nium
315 2441 565 2483 occupasset,
593 2442 763 2482 mortuo,
801 2437 995 2484 Tryphon
1023 2437 1244 2473 monachus
1272 2437 1434 2482 quidam
1462 2446 1511 2472 ea
1538 2434 1671 2470 condi·

178 2485 287 2521 tione
313 2485 517 2529 successit,
544 2490 589 2521 ut
616 2490 706 2531 post
732 2489 885 2521 certum
915 2490 1072 2531 teinpus
1099 2484 1414 2530 Theophylacto‚
1442 2484 1552 2528 regis
1579 2482 1670 2525 filio,

206 2541 305 2568 uero
345 2532 478 2568 adhue
515 2533 620 2569 ultro
659 2533 755 2569 sede
794 2533 966 2568 cederet.
1034 2532 1105 2568 His
1145 2532 1393 2578 temporibus
1435 2530 1707 2567 saevissimae

206 2580 303 2616 iems
341 2581 418 2615 fuit
454 2583 494 2616 et
533 2582 659 2616 sames
697 2582 875 2616 maxima
913 2585 952 2615 et
993 2579 1236 2615 horrendum
1275 2579 1516 2615 incendium.
1568 2577 1706 2613 Tuum

178 2637 340 2673 quoque
367 2637 439 2663 rex
465 2626 775 2674 christophorus
802 2628 911 2663 obiit.
964 2627 1045 2662 lam
1075 2628 1285 2672 praefinito
1320 2631 1499 2672 tempore
1533 2626 1707 2670 elapso&

179 2674 408 2720 patriarcha
426 2674 618 2721 Tryphon
647 2675 743 2711 sede
762 2675 979 2721 pontificia,
1006 2680 1050 2710 ut
1076 2678 1335 2718 convenerat,
1362 2674 1507 2709 cedere
1533 2673 1670 2714 noluit,

178 2722 248 2758 sed
274 2733 360 2758 eam
387 2723 561 2759 retinere
587 2724 774 2758 inanibus
801 2723 1053 2769 pedibusque
1080 2726 1140 2757 est
1166 2726 1346 2758 conatus.
1397 2721 1509 2766 Rege
1535 2724 1668 2755 autem
1685 2721 1707 2753 9

178 2780 304 2815 aegre
331 2771 498 2813 ferente,
527 2770 636 2816 quod
662 2770 836 2806 ludibrio
865 2770 1047 2812 habetur,
1075 2769 1358 2812 Caesariensis,
1396 2773 1441 2804 ut
1467 2768 1554 2813 regi
1580 2778 1668 2813 gra·
1689 2766 1731 2802 10

179 2817 411 2861 tisscaretur,
439 2818 695 2863 patriarchae
720 2818 1013 2863 simpiieitatem
1041 2817 1132 2852 dolo
1160 2816 1423 2852 circumvenit
1449 2819 1670 2861 assumpta·

179 2874 258 2910 que
283 2865 399 2900 amici
429 2875 601 2910 persona
634 2865 686 2901 illi
714 2866 786 2901 ait:
824 2864 1079 2910 “Imperator
1112 2864 1371 2899 vehementer
1402 2874 1500 2898 sane
1534 2867 1571 2898 te
1604 2861 1726 2908 op-ll

180 2916 348 2959 pugnat,
380 2912 451 2949 sed
480 2912 626 2949 desunt
652 2913 688 2949 ei
715 2913 894 2954 crimina,
933 2912 984 2948 ob
1012 2922 1118 2958 quae
1150 2911 1238 2948 loco
1272 2912 1425 2947 moveri
1453 2910 1592 2957 possis,
1631 2915 1671 2946 et
