1968 3302
309 216 355 256 34
688 208 868 252 zoNAR.
896 210 1029 250 EPIT.
1055 206 1152 248 xm
1178 211 1211 258 6,
1239 204 1367 256 15-7,
1393 206 1427 247 6.

305 342 420 396 λίχνῃ
456 341 602 396 Ἑλένῃ
640 339 879 394 καλουμένῃ
919 337 976 382 εἷς
1020 335 1156 389 ὄνομα
1200 338 1273 389 τῆς
1311 333 1548 388 βασιλίσσης
1585 332 1743 388 ἐκείνης
1781 329 1806 374 ὁ

307 409 512 456 Κώνστας
544 409 739 464 ἀνῄρητο.

246 483 291 518 16
423 477 476 519 ‘O
506 477 584 532 μὲν
616 476 692 518 οὗν
724 476 836 517 οὕτω
868 472 1093 528 βεβιωκὼς
1124 471 1311 524 ἀσελγῶς
1339 470 1475 516 οὕτως
1497 470 1676 524 οἰκτρῶς
1697 470 1806 511 ἐστέ-

247 551 293 586 17
308 561 410 600 ρητο
449 549 522 600 τῆς
560 546 690 599 ζωῆς·
736 543 760 584 ὁ
799 542 844 583 δὲ
876 541 1136 594 ΒΙαγνέντιος
1175 538 1281 580 κατὰ
1320 539 1424 592 ῥοῦν
1463 539 1579 592 αὐτῷ
1616 541 1701 579 τῶν
1736 541 1810 592 τῆς

307 613 552 668 τυραννίδος
581 612 871 667 χωρησάντων
899 608 1162 663 πραγμάτων
1194 607 1428 649 ἐσπούδασε
1459 610 1544 647 τῶν
1574 605 1647 652 τὰς
1676 605 1844 661 ἅρχὰςῖ)

249 688 295 724 18
309 682 493 736 ἐχόντων
523 681 620 727 τοὺς
650 679 963 734 λογιμωτάτους
995 677 1041 718 ἐκ
1062 676 1195 730 μέσου
1217 676 1487 730 ποιήσασθαι.
1550 675 1621 716 καὶ
1643 673 1810 729 γραφὰς

307 750 574 805 πλασάμενος
616 749 725 804 πρὸς
769 747 921 792 αὐτοὺς
965 746 1027 792 ὡς
1070 745 1117 786 ἐκ
1161 748 1234 785 τοῦ
1278 743 1557 790 Κώνσταντος
1600 743 1812 789 σταλείσας

309 819 449 865 αὕτοῖς
479 817 851 873 μετακαλουμένου
883 814 1056 859 τούτους
1089 813 1220 868 δῆθεν
1254 811 1363 867 πρὸς
1389 812 1550 866 ἑαυτόν,
1583 808 1684 853 καθ’
1709 810 1811 852 ὁδὸν

309 888 493 942 λοχήσας
535 887 749 931 πλείστους
793 885 1013 930 ἀπέκτεινε,
1058 882 1167 937 μηδὲ
1209 885 1295 923 τῶν
1339 881 1506 922 οἰκείων
1550 883 1811 934 συνωμοτῶν

310 955 574 1011 φειδόμενος,
608 953 710 995 ἀλλὰ
743 953 814 995 καὶ
844 952 1017 998 τούτους
1050 951 1323 1005 διαφθείρων.
1827 954 1884 989 1οᾸ

250 1029 296 1065 19
429 1023 515 1064 Καὶ
547 1023 571 1064 ὁ
602 1022 680 1077 μὲν
712 1023 755 1063 ἓν
785 1022 986 1067 τοιούτοις
1017 1020 1081 1075 ἧν,
1121 1021 1261 1073 ἑαυτῷ
1297 1019 1520 1072 κρατύνων
1555 1018 1630 1073 τὴν
1659 1033 1810 1072 τυραν-

267 1091 423 1134 Ονίδα·
455 1096 517 1144 τῷ
549 1091 594 1132 δὲ
622 1090 903 1144 Κωνσταντίῳ
934 1088 1005 1130 τὸν
1036 1088 1222 1130 θάνατον
1252 1088 1489 1141 πυθομένῳ
1520 1090 1593 1128 τοῦ
1626 1086 1812 1141 ἀδελφοῦ

311 1160 520 1214 ἐμερίζετο
557 1160 583 1213 ἡ
624 1159 783 1200 διάνοια
825 1158 1091 1212 ἐννοουμένῳ
1129 1157 1306 1211 πότερον
1343 1158 1395 1197 ἂν
1431 1156 1730 1210 προτιμήσαιτο
1766 1154 1813 1197 τὸ

312 1228 500 1282 ,Πέρσαις
531 1228 903 1269 ἀντικαθίστασθαι
937 1227 1121 1281 κείρουσι
1142 1225 1190 1266 τὰ
1209 1225 1432 1279 Ῥωμαίοις
1457 1225 1627 1279 ὑπήκοα
1660 1226 1685 1279 ἢ
1717 1223 1813 1265 τού-

311 1313 397 1339 των
428 1297 535 1338 κατά
568 1313 613 1351 γε
643 1296 690 1338 τὸ
721 1295 860 1349 παρὸν
892 1295 1094 1350 ἀμελῆσαι
1126 1295 1196 1336 καὶ
1227 1299 1421 1349 χωρῆσαι
1442 1293 1548 1335 κατὰ
1569 1297 1643 1335 τοῦ
1663 1308 1813 1348 τυραν-
1829 1297 1875 1332 15

312 1366 528 1420 νήσαντος,
570 1366 635 1407 ἵνα
673 1365 743 1406 καὶ
782 1364 853 1406 τὸν
884 1368 957 1405 τοῦ
990 1363 1196 1417 συγγόνου
1228 1364 1379 1404 τίσαιτο
1411 1362 1545 1417 φόνον
1575 1361 1646 1403 καὶ
1678 1362 1816 1416 ἑαυτῷ

313 1434 645 1489 προσποιήσαιτο
676 1432 725 1474 τὰ
758 1433 938 1486 ἑσπέρια.

390 1565 409 1599 1
436 1564 533 1610 ἑλένη
561 1561 702 1608 RwDi,
729 1563 827 1608 ἒλένη
855 1562 902 1608 A,
929 1574 966 1598 V.
996 1562 1048 1598 ad
1074 1562 1171 1598 XIII
1199 1563 1230 1606 1,
1257 1562 1280 1597 2
1383 1562 1405 1597 3
1431 1563 1544 1597 οὕτω
1569 1560 1816 1608 βεβιωκώς-

389 1613 543 1652 οὕτως
568 1611 735 1657 οἰκτρῶς]
775 1610 882 1646 Ante
921 1615 1193 1646 consonantes
1232 1611 1397 1645 adhibet
1431 1610 1610 1646 Zonaras
1647 1610 1739 1645 οὕτω
1778 1612 1818 1644 et

389 1661 515 1705 οὕτως,
556 1663 650 1695 ante
676 1660 839 1695 vocales
873 1662 1107 1694 constanter
1132 1660 1262 1704 οὕτως;
1301 1669 1338 1693 v.
1365 1658 1462 1693 XIII
1487 1658 1544 1703 21,
1571 1657 1603 1693 6.
1631 1657 1689 1692 11.
1725 1655 1818 1692 XIV

392 1709 424 1755 6,
451 1708 509 1743 24..
536 1708 593 1752 20,
619 1707 653 1743 5.
680 1707 737 1751 21,
765 1707 822 1742 21.
850 1707 906 1751 27,
932 1707 966 1742 4.
1005 1706 1076 1742 XV
1104 1707 1158 1751 11,
1188 1707 1232 1742 15
1260 1710 1333 1742 cet.
1477 1706 1501 1740 4
1526 1705 1623 1750 αὐτῷ
1649 1702 1817 1750 prDi,

392 1756 510 1792 αὐτῶν
535 1755 571 1791 Α
670 1756 691 1791 6
716 1755 974 1800 λογιμωτέρους
1001 1755 1110 1800 pr,
1139 1765 1176 1790 v.
1205 1755 1257 1790 ad
1283 1754 1380 1790 XIII
1406 1754 1438 1798 3,
1466 1754 1487 1789 6
1585 1753 1616 1788 6.
1644 1753 1666 1789 7
1689 1752 1818 1788 πλασά-

393 1818 498 1849 μενος
512 1803 651 1850 γραφὰς
673 1803 770 1849 pr
870 1803 891 1838 7
917 1803 1095 1841 σταλείσας
1109 1801 1255 1848 Apr,
1283 1803 1416 1841 στείλας
1431 1803 1461 1837 E
1558 1801 1581 1836 8
1604 1800 1819 1846 μετακαλού-

391 1866 497 1898 μενος
522 1852 654 1890 τούτοις
680 1850 727 1896 Α,
765 1851 1077 1896 ,ιιετακαλουμένου
1103 1851 1247 1889 τούτους
1274 1849 1405 1894 ΒΟΒὶ,
1443 1849 1750 1894 μετακαλουμένας
1776 1848 1818 1892 Ε,

391 1900 700 1945 μετακαλουμένας
725 1900 868 1938 τούτους
893 1899 964 1934 sed
990 1899 1132 1937 τούτους
1158 1899 1305 1934 lineola
1332 1901 1514 1933 notatum
1533 1897 1580 1942 D,
1606 1896 1821 1941 μετακαλού-

391 1948 500 1993 μὲνου
527 1959 590 1994 wp
701 1947 806 1983 αὐτὸν
833 1947 863 1982 Ε
973 1947 994 1981 9
1021 1951 1226 1991 συνομοτῶν
1252 1946 1404 1991 ΒςΒνη)
1519 1945 1563 1980 13
1589 1945 1744 1983 διανοίας
1772 1943 1820 1988 D,

395 2007 497 2031 corr.
524 1995 593 2034 Dw
720 1995 941 2039 ἐννοουμένῳ
968 1998 1059 2040 post
1083 1995 1338 2040 προτιμήσαιτο
1364 1993 1438 2038 BC,
1477 1993 1706 2038 ἐννοούμενος
1731 1995 1822 2038 post

393 2044 648 2105 προτιμήσαιτο
666 2043 713 2087 D,
741 2053 842 2078 corr.
859 2043 927 2081 Dw
1026 2042 1071 2102 1⁴}
1097 2043 1287 2102 φθείρουσι
1316 2042 1346 2077 Ε
1442 2046 1543 2101 Ιτοῦτο
1561 2041 1609 2085 D,
1637 2051 1739 2077 corr.
1753 2039 1822 2078 Dw

395 2092 441 2127 16
467 2105 598 2137 τισηται
626 2091 724 2137 pr
825 2091 868 2126 17
893 2104 1127 2136 προςποιησαι
1154 2105 1191 2125 το
1217 2091 1258 2135 h,
1289 2103 1564 2135 προςποιησηται
1591 2088 1688 2135 pr

324 2223 476 2271 pidulo,
505 2224 569 2259 cui
596 2223 647 2259 de
672 2223 841 2269 reginae
866 2222 972 2259 illius
997 2223 1161 2258 nomine
1193 2223 1344 2257 factum
1372 2224 1459 2257 erat
1483 2231 1631 2258 nomen
1656 2219 1822 2266 Helena,

325 2272 524 2309 Constans
551 2272 735 2308 sublatus
763 2274 833 2307 est.

266 2322 311 2357 16
444 2320 516 2356 Ille
548 2321 675 2366 igitur
709 2329 799 2354 cum
831 2319 887 2354 ita
919 2319 1088 2354 vixisset
1122 2318 1326 2362 dissolute,
1365 2319 1421 2353 ita
1455 2318 1600 2353 misere
1639 2317 1823 2363 privatus

266 2370 311 2406 17
326 2371 413 2404 erat
439 2369 542 2413 vita3
581 2367 840 2413 Magnentius
867 2370 1014 2411 autem,
1041 2377 1133 2401 cum
1159 2376 1353 2412 prospere
1380 2367 1415 2401 ei
1443 2376 1506 2401 res
1533 2365 1822 2411 processissent
1866 2389 1868 2392 -

325 2416 544 2462 tyrannide
571 2418 781 2461 occupata,
810 2425 948 2451 eorum
969 2415 1037 2460 qui
1055 2416 1317 2460 magistratus
1336 2414 1536 2460 gerebant
1553 2413 1822 2448 nobilissimos

267 2465 313 2500 18
327 2465 377 2499 de
403 2463 536 2499 medio
563 2463 704 2499 tollere
730 2463 897 2498 studuit.
947 2461 1110 2497 Litteris
1136 2463 1262 2508 igitur
1284 2462 1385 2497 fictis
1405 2461 1457 2496 ad
1476 2471 1544 2496 eos
1564 2461 1678 2505 datis,
1706 2460 1822 2506 quasi

327 2522 351 2547 a
377 2511 598 2547 Constante
624 2511 676 2546 ad
703 2521 772 2546 eos
797 2511 938 2552 missis,
978 2511 1125 2555 quibus
1158 2510 1224 2545 ille
1257 2510 1327 2545 hos
1359 2510 1411 2544 ad
1438 2519 1481 2544 se
1507 2512 1741 2553 arcesseret,
1780 2508 1823 2542 in

326 2560 471 2595 itinere
497 2569 570 2605 pcr
594 2559 762 2594 insidias
788 2559 981 2605 plurimos
1007 2558 1220 2602 interfecit,
1247 2568 1299 2593 ne
1321 2557 1540 2592 coniuratis
1559 2556 1720 2602 quidem
1740 2556 1823 2591 suis

327 2617 510 2652 parcens,
538 2607 609 2642 sed
636 2607 756 2642 etiam
785 2617 854 2642 eos
882 2606 1080 2642 occidens.

269 2656 313 2691 19
446 2655 518 2690 His
544 2655 671 2700 igitur
697 2655 820 2690 rebus
850 2654 916 2689 ille
948 2654 1024 2689 sibi
1056 2653 1285 2688 stabiliebat
1317 2652 1593 2698 tyrannidem,
1632 2651 1824 2687 Constan-

327 2702 408 2738 tius
433 2706 568 2737 autem
594 2706 722 2738 morte
749 2705 955 2748 comperta
981 2701 1117 2736 fratris
1144 2700 1371 2735 haesitabat
1397 2701 1531 2735 animo
1554 2710 1691 2735 secum
1709 2708 1824 2744 repu-

327 2753 429 2794 tans,
456 2753 591 2784 utrum
619 2750 755 2785 mallet
780 2750 914 2785 Persis
940 2750 1128 2784 resistere
1154 2749 1408 2783 vastantibus
1435 2748 1710 2782 Romanorum
1737 2756 1825 2792 pro-

329 2798 483 2832 vincias
510 2807 562 2832 an
590 2798 649 2832 his
676 2798 799 2833 rebus
829 2799 870 2832 in
897 2797 1126 2843 praesentia
1153 2796 1348 2842 neglectis
1375 2796 1599 2840 praeferret
1626 2794 1824 2840 proficisci

329 2845 528 2880 adversus
554 2848 784 2890 tyrannum,
818 2849 863 2880 ut
885 2849 924 2880 et
951 2845 1087 2880 fratris
1112 2844 1376 2879 ulcisceretur
1406 2852 1546 2878 necem
1574 2846 1613 2878 et
1639 2842 1715 2878 sibi
1742 2842 1824 2876 vin-

331 2893 485 2929 dicaret
512 2896 666 2939 partem
695 2893 998 2928 occidentalem.
