2054 3282
357 261 428 300 624
706 261 887 300 zoNAR.
915 259 1045 297 EPIT.
1072 258 1183 297 xvn
1209 258 1265 305 22,
1292 256 1443 305 20-23,
1471 258 1503 296 8.

297 390 345 425 ⁴20
470 385 591 426 Ἀλλὰ
619 384 667 425 τὰ
689 384 766 438 μὲν
787 382 893 424 κατὰ
915 382 986 424 τὸν
1007 381 1236 436 Μανιάκην
1259 381 1302 423 ἓν
1323 381 1483 426 τούτοις
1503 381 1848 435 τετελευτήκασιν·

306 454 457 508 Βᾶλλη
492 451 528 494 δ’
563 452 687 497 αὖθις
726 452 916 505 κεκίνητο
955 450 1157 504 τυραννίς,
1203 448 1253 503 ἧς
1291 449 1343 503 ἦν
1381 449 1554 503 ἐργάτης
1591 448 1796 503 Θεόφιλος
1827 449 1851 490 ὁ

297 522 591 575 ΞΙἘρωτικός.
655 522 702 567 ὃς
732 519 780 560 τὰ
812 519 918 560 κατὰ
949 518 1021 559 τὸν
1054 518 1247 572 δεύτερον
1270 517 1454 572 Μιχαήλ,
1487 516 1558 558 τὸν
1578 521 1651 558 τοῦ
1678 518 1850 570 πρώτου

357 590 624 644 ἀδελφιδοῦν,
667 588 827 642 μαθὼν
869 586 940 628 καὶ
979 587 1040 632 ὡς
1078 585 1259 640 γυναιξὶν
1297 586 1322 640 ἡ
1359 586 1542 640 βασιλεία
1580 586 1850 639 πεπίστευται,

355 657 451 702 τοὺς
473 657 691 710 Κυπρίους
712 656 912 697 ὑπελθών
946 654 1122 710 (τούτων
1145 654 1223 708 γοὶρ
1257 655 1396 708 ἔτυχεν
1427 655 1574 708 ἄρχων
1604 653 1710 708 τότε)
1745 655 1887 695 ἀπο-5
1939 696 1944 703 ,

296 734 342 769 22
356 726 500 779 στασίᾳ
532 726 732 779 ἐπιχειρεῖ.
795 725 846 765 οὗ
877 725 1016 778 μέντοι
1037 724 1179 778 τριβῆς
1199 728 1260 776 τῷ
1282 723 1537 777 ΝΙονομάχῳ
1569 722 1712 776 ἐδέησε
1741 722 1851 777 πρὸς

354 795 428 849 τὴν
458 795 606 835 τούτου
639 794 901 846 καθαίρεσιν·
935 792 1080 833 στόλον
1112 791 1191 845 γὰρ
1224 791 1380 837 στείλας
1403 788 1453 832 δι’
1477 792 1606 832 αὐτοῦ
1627 790 1698 832 τὸν
1714 790 1850 845 Ἐρω-

354 862 468 905 τικόν
494 863 745 917 ἐχειρώσατο
775 861 847 902 καὶ
877 861 951 915 τὴν
982 865 1110 915 νῆσον
1141 861 1247 914 ῥᾷον
1279 860 1336 905 εἷς
1368 859 1574 901 δούλωσιν
1605 860 1850 915 ὑπηγάγετο.

296 939 342 973 ‘23
481 931 660 986 Θνήσκει
690 931 735 972 δὲ
757 931 780 972 ὁ
801 930 1060 984 πατριάρχης
1080 926 1273 982 Ἂλέξιος,
1307 925 1370 969 ἔπ’
1395 929 1462 982 ἔτη
1497 929 1599 969 δέκα
1630 928 1739 983 πρὸς
1768 933 1852 974 τοῖς

356 1000 470 1041 ὀκτὼ
502 1000 826 1044 καταπολαύσας
855 1003 928 1040 τοῦ
957 998 1120 1052 θρόνου
1143 1001 1215 1038 τοῦ
1238 1001 1556 1051 πατριαρχικοῧ,
1588 997 1658 1038 καὶ
1678 996 1852 1052 Μχαὴλ
1868 1002 1912 1036 10

296 1069 380 1111 24ὁ
420 1069 643 1123 λεγόμενος
681 1067 975 1122 Κηρουλάριος
1017 1066 1125 1120 πρὸς
1170 1065 1296 1107 αὐτὸν
1341 1065 1616 1119 ἅνθιδρύεται.
1678 1065 1852 1120 χρυσίου

358 1137 403 1178 δὲ
434 1137 679 1191 κεντηνάρια
711 1137 829 1177 πέντε
860 1135 931 1176 καὶ
961 1137 1112 1176 εἴκοσιν
1134 1135 1181 1175 ἐκ
1203 1138 1274 1188 τῆς
1295 1137 1368 1174 τοῦ
1390 1134 1649 1188 πατριάρχου
1670 1133 1852 1182 Ἀλεξίου

356 1210 491 1260 μονῆς
529 1205 553 1245 ὁ
591 1204 857 1258 Μονομάχος
897 1204 1098 1258 ἀφείλετο,
1143 1199 1242 1256 παρ’
1283 1202 1442 1243 ἐκείνου
1481 1206 1554 1243 τοῦ
1593 1202 1851 1256 πατριάρχου

81 1281 343 1319 P11251A25
358 1271 697 1326 θησαυρισθέντα
730 1271 824 1311 ἐκεῖ.
890 1270 916 1310 ὅ
947 1286 991 1323 γε
1022 1269 1108 1323 μὴν
1140 1269 1334 1324 ἐκτομίας
1360 1270 1572 1324 Ἰωάννης,
1613 1270 1636 1310 ὁ
1669 1270 1853 1324 γεγονὼς

358 1339 697 1394 ὀρφανοτρόφος,
744 1338 767 1379 ὁ
799 1342 871 1379 τοῦ
908 1338 1228 1392 βασιλεύσαντος
1259 1338 1431 1393 Μιχαὴλ
1461 1343 1534 1380 τοῦ
1566 1338 1853 1393 Παφλαγόνος
1868 1342 1912 1376 15

357 1408 630 1461 α’ὗτάόελφος,
676 1408 733 1453 εἰς
765 1407 1005 1461 Ᾰῖίιτυλήνην
1036 1411 1109 1447 τοῦ
1142 1407 1410 1462 ῧΙονομάχου
1442 1408 1726 1461 κρατήσαντος
1755 1423 1850 1461 μετ-

357 1477 502 1531 αχθεὶς
524 1477 612 1517 ἐκεῖ
628 1480 833 1530 πηροῦται
855 1475 952 1522 τοὺς
983 1476 1248 1530 ὀφθαλμούς,
1282 1476 1343 1521 ὡς
1373 1477 1452 1530 μέν
1482 1491 1556 1517 τισι
1579 1476 1704 1524 δοκεῖ,
1735 1475 1901 1530 παρὰΙ)
1921 1479 1973 1516 IV
1994 1479 2054 1514 165

355 1550 428 1600 τῆς
457 1545 670 1600 βασιλίδος
706 1543 938 1599 Θεοδώρας
971 1545 1143 1598 γνώμης
1174 1545 1269 1598 ἄτερ
1309 1548 1382 1586 τοῦ
1422 1544 1746 1598 αὐτοκράτορος,
1791 1544 1853 1590 ὡς

358 1611 394 1655 δ’
429 1614 562 1668 ἐνίοις,
596 1614 725 1655 αὐτοῦ
756 1617 829 1654 τοῦ
862 1616 1115 1667 κρατοῦντος
1146 1617 1267 1654 τοῦτο
1299 1612 1581 1664 κελεύσαντος,
1619 1616 1852 1667 μηνιῶντος

358 1786 377 1820 1
404 1785 597 1821 ἀποστασία
623 1790 683 1821 τοῦ
705 1785 903 1831 Ἐρωτικοῦ
931 1784 993 1821 CE
1116 1785 1137 1820 9
1162 1784 1240 1830 περὶ
1265 1790 1494 1831 πατριαρχῶν
1519 1784 1620 1822 ACE
1735 1786 1779 1820 14
1804 1787 1854 1821 ὅτι

356 1834 551 1879 ἐτυφλώθη
578 1835 598 1868 ὁ
622 1833 775 1879 γεγονὼς
801 1834 1069 1879 ὃρφανοτρόφος
1091 1833 1259 1878 Ἰωάννης
1286 1833 1348 1869 ΟΕ

430 2001 449 2035 1
475 2000 540 2046 μὲν
568 2012 643 2036 om.
670 2000 706 2035 D
828 2001 850 2036 5
876 2001 986 2046 ἄρχον
1013 1999 1060 2046 p*
1186 2000 1396 2036 ἀποστασίαν
1421 2000 1491 2035 DE
1612 2001 1634 2036 6
1659 2001 1779 2046 ἐδέησε
1805 2005 1854 2036 τῶ

427 2063 506 2094 μον.
534 2048 598 2084 BC
695 2050 717 2084 8
743 2050 903 2084 δουλείαν
930 2049 1064 2094 DEW1)
1164 2049 1206 2083 11
1234 2049 1489 2093 κηρουλλάριος
1512 2048 1547 2082 D
1645 2049 1853 2093 ἀναὸρύεται

429 2097 465 2131 D
579 2098 621 2131 12
647 2098 760 2132 εἴκοσι
788 2095 1010 2142 DszpDi‚
1039 2107 1075 2131 v.
1104 2096 1155 2131 ad
1181 2096 1277 2131 XIII
1309 2097 1337 2140 l,
1364 2097 1386 2131 5
1510 2096 1553 2130 13
1577 2102 1688 2142 μονῆς
1716 2107 1790 2132 om.
1818 2096 1854 2130 D

431 2145 486 2180 13.
503 2145 549 2179 14
574 2145 595 2179 ἃ
617 2145 671 2187 (ἃς
685 2144 731 2188 Β)
751 2145 771 2179 ὁ
786 2145 1004 2189 πατριάρχης
1021 2144 1152 2182 ἐκεῖνος
1174 2144 1251 2178 ε’κεῖ
1271 2144 1506 2188 ἑθησαύρισεν
1526 2143 1589 2179 BC
1690 2144 1734 2179 14
1759 2147 1854 2179 ante

429 2193 501 2228 ἕκτ.
528 2192 619 2227 add.
647 2193 668 2227 ό
691 2192 727 2227 D
827 2193 871 2228 16
896 2192 1069 2237 ἀπαχθεὶς
1094 2191 1130 2226 D
1230 2192 1274 2227 18
1299 2192 1422 2237 γνώμη
1451 2191 1486 2226 D

297 2363 344 2399 20
476 2359 536 2395 Ac
553 2360 748 2396 Maniacis
774 2361 838 2395 hio
863 2361 940 2396 fuit
967 2360 1116 2405 exitu83
1144 2370 1285 2396 verum
1304 2360 1383 2394 alia
1406 2359 1588 2404 tyrannis
1613 2361 1671 2394 est
1698 2362 1852 2403 exorta,

297 2413 340 2447 21
358 2412 525 2444 auctore
548 2408 769 2454 Theophilo
790 2409 961 2443 Erotion.
1013 2407 1088 2450 Qui
1109 2418 1198 2443 cum
1218 2407 1385 2443 secundi
1403 2406 1618 2450 Michaiilis‚
1644 2407 1712 2451 qui
1735 2407 1852 2451 primi

357 2467 484 2502 nepos
524 2460 621 2500 erat,
660 2457 812 2491 exitum
845 2460 884 2491 et
915 2466 1087 2501 reg-num
1120 2456 1332 2490 mulierum
1373 2455 1641 2499 cognovisset,
1683 2453 1850 2499 Cypriis,

297 2508 344 2542 22
359 2514 529 2549 quorum
550 2508 634 2539 tum
654 2507 816 2549 praetor
835 2507 931 2547 erat,
959 2507 1046 2539 arte
1065 2503 1140 2538 sibi
1159 2502 1390 2545 concinam,
1418 2502 1561 2536 deficit.
1612 2500 1692 2536 Sed
1719 2505 1852 2536 motus

358 2552 423 2587 ille
450 2552 560 2586 nulla
586 2562 699 2586 mora
726 2551 853 2587 classe
878 2552 999 2586 missa
1026 2562 1050 2585 a
1076 2550 1339 2586 Monomaeho
1367 2551 1426 2584 est
1452 2559 1704 2594 suppressus,
1743 2549 1850 2584 victo

358 2600 517 2634 Erotieo
545 2602 585 2633 et
610 2599 741 2634 insula
767 2600 808 2633 in
835 2599 1071 2634 servitutem
1097 2598 1215 2633 facile
1241 2597 1417 2632 redacta.

297 2650 343 2685 23
476 2646 621 2682 Alexio
656 2647 887 2692 patriarcha
918 2649 1088 2690 mortuo,
1128 2656 1218 2680 cum
1250 2644 1384 2679 sedem
1419 2644 1524 2678 illam
1559 2654 1688 2679 annos
1719 2643 1851 2679 XVIII

358 2696 494 2740 quiete
520 2695 726 2738 tenuisset,
764 2694 932 2728 Michaffl
968 2697 1237 2739 cognomento
1266 2691 1496 2727 Ceru1a1·ius
1528 2692 1568 2725 in
1601 2693 1686 2726 eius
1719 2691 1850 2726 locum

298 2745 344 2779 24
358 2746 417 2778 est
449 2742 654 2777 suffectus.
704 2741 993 2776 Monomachus
1024 2751 1120 2776 vero
1155 2741 1243 2775 auri
1275 2739 1508 2774 centenaria
1533 2738 1643 2773 XXV
1670 2749 1692 2774 e
1717 2749 1851 2773 mona—

297 2792 343 2827 25
358 2791 478 2825 sterio
505 2789 638 2824 Alexii
666 2790 717 2824 ab
743 2789 810 2824 illo
827 2789 1057 2834 patriarcha
1075 2789 1116 2823 in
1135 2789 1347 2823 thesauros
1365 2787 1492 2820 relata
1511 2786 1686 2820 abstulit.
1738 2786 1851 2821 Ioan-

358 2848 429 2872 nes
456 2839 591 2872 autem
620 2837 759 2882 spado,
787 2836 1148 2881 orphanotrophus,
1175 2834 1428 2880 imperatoris
1455 2833 1658 2868 Miehafflis
1683 2833 1850 2878 Paphla-

357 2886 475 2928 gonis
490 2886 626 2928 frater,
646 2884 909 2919 Monomacho
928 2885 1152 2929 imperante
1167 2882 1396 2927 Mitylenem
1411 2882 1630 2915 translatus
1649 2884 1850 2924 caecatur,

357 2934 444 2968 sive
478 2933 646 2978 reginae,
681 2931 921 2967 Theodorae
955 2933 1068 2966 iussu
1107 2931 1207 2965 elam
1241 2931 1496 2975 nuperatore,
1538 2930 1624 2964 sive
1659 2928 1849 2965 mandato
