<?xml version="1.0" encoding="UTF-8"?>
<!DOCTYPE html PUBLIC "-//W3C//DTD XHTML 1.0 Transitional//EN"
    "http://www.w3.org/TR/xhtml1/DTD/xhtml1-transitional.dtd">
<html xmlns="http://www.w3.org/1999/xhtml" xml:lang="en" lang="en">
 <head>
  <title>
</title>
<meta http-equiv="Content-Type" content="text/html;charset=utf-8" />
  <meta name='ocr-system' content='tesseract 3.04.00' />
  <meta name='ocr-capabilities' content='ocr_page ocr_carea ocr_par ocr_line ocrx_word'/>
</head>
<body>
  <div class='ocr_page' id='page_1' title='image "./corpusscriptorum31niebuoft/corpusscriptorum31niebuoft_0050.png"; bbox 0 0 1968 3302; ppageno 0'>
   <div class='ocr_carea' id='block_1_1' title="bbox 310 162 1408 211">
    <p class='ocr_par' dir='ltr' id='par_1_1' title="bbox 310 162 1408 211">
     <span class='ocr_line' id='line_1_1' title="bbox 310 162 1408 211; baseline -0.008 -4"><span class='ocrx_word' id='word_1_1' title='bbox 310 170 356 207; x_wconf 77' lang='lat'><em>24</em></span> <span class='ocrx_word' id='word_1_2' title='bbox 707 167 888 206; x_wconf 89' lang='lat' dir='ltr'><strong>ZONAR.</strong></span> <span class='ocrx_word' id='word_1_3' title='bbox 916 165 1049 204; x_wconf 90' lang='lat' dir='ltr'>EPIT.</span> <span class='ocrx_word' id='word_1_4' title='bbox 1074 165 1171 203; x_wconf 90' lang='lat' dir='ltr'>XIII</span> <span class='ocrx_word' id='word_1_5' title='bbox 1196 164 1230 211; x_wconf 86' lang='lat'><em>4,</em></span> <span class='ocrx_word' id='word_1_6' title='bbox 1257 162 1408 199; x_wconf 84' lang='lat'><strong>23—33.</strong></span> 
     </span>
    </p>
   </div>
   <div class='ocr_carea' id='block_1_2' title="bbox 116 286 1968 1376">
    <p class='ocr_par' dir='ltr' id='par_1_2' title="bbox 116 286 1968 1376">
     <span class='ocr_line' id='line_1_2' title="bbox 250 286 1809 346; baseline -0.004 -12"><span class='ocrx_word' id='word_1_7' title='bbox 250 295 296 330; x_wconf 79' lang='lat'><em>23</em></span> <span class='ocrx_word' id='word_1_8' title='bbox 310 292 380 334; x_wconf 80' lang='grc' dir='ltr'><em>τὸν</em></span> <span class='ocrx_word' id='word_1_9' title='bbox 412 290 524 346; x_wconf 76' lang='grc' dir='ltr'><em>ἱερὸν</em></span> <span class='ocrx_word' id='word_1_10' title='bbox 549 290 824 345; x_wconf 78' lang='grc' dir='ltr'><em>Ἀλέξανδρον</em></span> <span class='ocrx_word' id='word_1_11' title='bbox 859 290 899 345; x_wconf 76' lang='grc' dir='ltr'><em>(ὁ</em></span> <span class='ocrx_word' id='word_1_12' title='bbox 932 289 1011 344; x_wconf 86' lang='grc' dir='ltr'><em>γὰρ</em></span> <span class='ocrx_word' id='word_1_13' title='bbox 1044 288 1235 342; x_wconf 75' lang='grc' dir='ltr'><em>ἀοίδιμος</em></span> <span class='ocrx_word' id='word_1_14' title='bbox 1259 286 1554 341; x_wconf 83' lang='grc' dir='ltr'><em>Μητροφάνης</em></span> <span class='ocrx_word' id='word_1_15' title='bbox 1583 286 1809 342; x_wconf 77' lang='grc' dir='ltr'><strong><em>μετήλλαξε</em></strong></span> 
     </span>
     <span class='ocr_line' id='line_1_3' title="bbox 116 356 1808 417; baseline -0.004 -13"><span class='ocrx_word' id='word_1_16' title='bbox 116 364 237 401; x_wconf 87' lang='lat' dir='ltr'>WIII</span> <span class='ocrx_word' id='word_1_17' title='bbox 254 365 298 399; x_wconf 87' lang='lat'><em>10</em></span> <span class='ocrx_word' id='word_1_18' title='bbox 310 363 384 417; x_wconf 80' lang='grc' dir='ltr'><em>τὴν</em></span> <span class='ocrx_word' id='word_1_19' title='bbox 406 360 554 416; x_wconf 77' lang='grc' dir='ltr'><em>ζωήν),</em></span> <span class='ocrx_word' id='word_1_20' title='bbox 588 361 752 414; x_wconf 83' lang='grc' dir='ltr'><em>ἀφῆκεν</em></span> <span class='ocrx_word' id='word_1_21' title='bbox 774 361 948 402; x_wconf 74' lang='grc' dir='ltr'><em>ἕκαστον</em></span> <span class='ocrx_word' id='word_1_22' title='bbox 980 360 1036 404; x_wconf 86' lang='grc' dir='ltr'><em>εἰς</em></span> <span class='ocrx_word' id='word_1_23' title='bbox 1067 357 1141 412; x_wconf 81' lang='grc' dir='ltr'><em>τὴν</em></span> <span class='ocrx_word' id='word_1_24' title='bbox 1173 357 1328 398; x_wconf 79' lang='grc' dir='ltr'><em>οἰκείαν</em></span> <span class='ocrx_word' id='word_1_25' title='bbox 1360 356 1555 398; x_wconf 74' lang='grc' dir='ltr'><em>ἀπελθεῖν</em></span> <span class='ocrx_word' id='word_1_26' title='bbox 1571 356 1808 410; x_wconf 84' lang='grc' dir='ltr'><em>παροικίαν,</em></span> 
     </span>
     <span class='ocr_line' id='line_1_4' title="bbox 310 426 1481 486; baseline -0.005 -14"><span class='ocrx_word' id='word_1_27' title='bbox 310 435 444 486; x_wconf 85' lang='grc' dir='ltr'><em>τιμαῖς</em></span> <span class='ocrx_word' id='word_1_28' title='bbox 474 446 515 471; x_wconf 91' lang='grc' dir='ltr'><em>τε</em></span> <span class='ocrx_word' id='word_1_29' title='bbox 547 429 618 470; x_wconf 83' lang='grc' dir='ltr'><em>καὶ</em></span> <span class='ocrx_word' id='word_1_30' title='bbox 651 429 831 483; x_wconf 77' lang='grc' dir='ltr'><em>δωρεαῖς</em></span> <span class='ocrx_word' id='word_1_31' title='bbox 863 426 1015 473; x_wconf 74' lang='grc' dir='ltr'><em>αὐτοὺς</em></span> <span class='ocrx_word' id='word_1_32' title='bbox 1046 426 1481 481; x_wconf 78' lang='grc' dir='ltr'><em>φιλοφρονησάμενος.</em></span> 
     </span>
     <span class='ocr_line' id='line_1_5' title="bbox 251 495 1811 552; baseline -0.001 -15"><span class='ocrx_word' id='word_1_33' title='bbox 251 502 298 537; x_wconf 77' lang='lat'><em>&lt;24</em></span> <span class='ocrx_word' id='word_1_34' title='bbox 425 498 480 539; x_wconf 83' lang='lat' dir='ltr'><em>eH</em></span> <span class='ocrx_word' id='word_1_35' title='bbox 513 498 557 539; x_wconf 87' lang='grc' dir='ltr'><em>δὲ</em></span> <span class='ocrx_word' id='word_1_36' title='bbox 593 501 666 539; x_wconf 86' lang='grc' dir='ltr'><em>τοῦ</em></span> <span class='ocrx_word' id='word_1_37' title='bbox 703 498 908 552; x_wconf 81' lang='grc' dir='ltr'><em>βασιλέως</em></span> <span class='ocrx_word' id='word_1_38' title='bbox 944 497 1083 550; x_wconf 88' lang='grc' dir='ltr'><em>μήτηρ</em></span> <span class='ocrx_word' id='word_1_39' title='bbox 1121 496 1145 550; x_wconf 83' lang='grc' dir='ltr'>ἡ</span> <span class='ocrx_word' id='word_1_40' title='bbox 1183 496 1372 550; x_wconf 85' lang='grc' dir='ltr'><em>μακαρία</em></span> <span class='ocrx_word' id='word_1_41' title='bbox 1399 495 1542 549; x_wconf 86' lang='grc' dir='ltr'><em>Ἑλένη</em></span> <span class='ocrx_word' id='word_1_42' title='bbox 1582 496 1640 541; x_wconf 85' lang='grc' dir='ltr'><em>εἷς</em></span> <span class='ocrx_word' id='word_1_43' title='bbox 1679 499 1811 550; x_wconf 85' lang='grc' dir='ltr'><em>γῆρας</em></span> 
     </span>
     <span class='ocr_line' id='line_1_6' title="bbox 311 562 1846 623; baseline -0.002 -14"><span class='ocrx_word' id='word_1_44' title='bbox 311 567 426 623; x_wconf 83' lang='grc' dir='ltr'><em>βαθὺ</em></span> <span class='ocrx_word' id='word_1_45' title='bbox 464 567 755 621; x_wconf 79' lang='grc' dir='ltr'><em>καταντήσασα</em></span> <span class='ocrx_word' id='word_1_46' title='bbox 798 565 1076 620; x_wconf 76' lang='grc' dir='ltr'><em>(ὀγδοήκοντα</em></span> <span class='ocrx_word' id='word_1_47' title='bbox 1115 563 1195 619; x_wconf 83' lang='grc' dir='ltr'><em>γὰρ</em></span> <span class='ocrx_word' id='word_1_48' title='bbox 1233 565 1388 618; x_wconf 85' lang='grc' dir='ltr'><em>λέγεται</em></span> <span class='ocrx_word' id='word_1_49' title='bbox 1426 565 1547 619; x_wconf 86' lang='grc' dir='ltr'><em>ζῆσαι</em></span> <span class='ocrx_word' id='word_1_50' title='bbox 1579 562 1846 618; x_wconf 81' lang='grc' dir='ltr'><em>ἒνιαυτούς)5</em></span> 
     </span>
     <span class='ocr_line' id='line_1_7' title="bbox 311 633 1809 691; baseline -0.002 -13"><span class='ocrx_word' id='word_1_51' title='bbox 311 636 419 691; x_wconf 87' lang='grc' dir='ltr'><em>πρὸς</em></span> <span class='ocrx_word' id='word_1_52' title='bbox 455 635 527 682; x_wconf 85' lang='grc' dir='ltr'><em>τὰς</em></span> <span class='ocrx_word' id='word_1_53' title='bbox 566 635 789 689; x_wconf 75' lang='grc' dir='ltr'><em>οὐρανίους</em></span> <span class='ocrx_word' id='word_1_54' title='bbox 829 635 964 688; x_wconf 78' lang='grc' dir='ltr'><em>ἀπῆρε</em></span> <span class='ocrx_word' id='word_1_55' title='bbox 1000 633 1149 687; x_wconf 82' lang='grc' dir='ltr'><em>μονάς,</em></span> <span class='ocrx_word' id='word_1_56' title='bbox 1190 635 1242 688; x_wconf 82' lang='grc' dir='ltr'><em>ἣν</em></span> <span class='ocrx_word' id='word_1_57' title='bbox 1273 633 1297 674; x_wconf 85' lang='grc' dir='ltr'>ὁ</span> <span class='ocrx_word' id='word_1_58' title='bbox 1329 633 1419 679; x_wconf 81' lang='grc' dir='ltr'><em>υἱὸς</em></span> <span class='ocrx_word' id='word_1_59' title='bbox 1449 634 1677 688; x_wconf 79' lang='grc' dir='ltr'><strong><em>βασιλικῶς</em></strong></span> <span class='ocrx_word' id='word_1_60' title='bbox 1707 633 1809 688; x_wconf 77' lang='grc' dir='ltr'><em>ἔθη-</em></span> 
     </span>
     <span class='ocr_line' id='line_1_8' title="bbox 252 701 1809 758; baseline -0.001 -14"><span class='ocrx_word' id='word_1_61' title='bbox 252 709 298 744; x_wconf 77' lang='lat'><em>25</em></span> <span class='ocrx_word' id='word_1_62' title='bbox 313 705 518 758; x_wconf 84' lang='grc' dir='ltr'><em>σαύρισεν.</em></span> <span class='ocrx_word' id='word_1_63' title='bbox 583 703 738 748; x_wconf 78' lang='grc' dir='ltr'><em>ἐκεῖνος</em></span> <span class='ocrx_word' id='word_1_64' title='bbox 771 702 816 743; x_wconf 83' lang='grc' dir='ltr'><em>δὲ</em></span> <span class='ocrx_word' id='word_1_65' title='bbox 847 701 951 743; x_wconf 82' lang='grc' dir='ltr'><em>κατὰ</em></span> <span class='ocrx_word' id='word_1_66' title='bbox 984 701 1170 755; x_wconf 86' lang='grc' dir='ltr'><em>Περσῶν</em></span> <span class='ocrx_word' id='word_1_67' title='bbox 1202 702 1489 755; x_wconf 81' lang='grc' dir='ltr'><em>ἓκστρατεύων</em></span> <span class='ocrx_word' id='word_1_68' title='bbox 1519 703 1698 757; x_wconf 85' lang='grc' dir='ltr'><em>τριήρεσι</em></span> <span class='ocrx_word' id='word_1_69' title='bbox 1735 718 1809 743; x_wconf 88' lang='grc' dir='ltr'><em>κο-</em></span> 
     </span>
     <span class='ocr_line' id='line_1_9' title="bbox 253 769 1812 827; baseline -0.001 -15"><span class='ocrx_word' id='word_1_70' title='bbox 253 777 298 812; x_wconf 77' lang='grc'><em>26</em></span> <span class='ocrx_word' id='word_1_71' title='bbox 312 775 468 827; x_wconf 86' lang='grc' dir='ltr'><em>μίζεται</em></span> <span class='ocrx_word' id='word_1_72' title='bbox 508 772 563 818; x_wconf 83' lang='grc' dir='ltr'><em>εἰς</em></span> <span class='ocrx_word' id='word_1_73' title='bbox 600 771 674 825; x_wconf 79' lang='grc' dir='ltr'><em>τὴν</em></span> <span class='ocrx_word' id='word_1_74' title='bbox 705 770 1023 825; x_wconf 86' lang='grc' dir='ltr'><em>Σωτηρόπολιν,</em></span> <span class='ocrx_word' id='word_1_75' title='bbox 1067 771 1092 824; x_wconf 83' lang='grc' dir='ltr'><em>ἣ</em></span> <span class='ocrx_word' id='word_1_76' title='bbox 1132 773 1206 811; x_wconf 85' lang='grc' dir='ltr'><em>νῦν</em></span> <span class='ocrx_word' id='word_1_77' title='bbox 1244 770 1492 824; x_wconf 86' lang='grc' dir='ltr'><em>ὀνομάζεται</em></span> <span class='ocrx_word' id='word_1_78' title='bbox 1528 769 1696 811; x_wconf 85' lang='grc' dir='ltr'><em>Πύθια·</em></span> <span class='ocrx_word' id='word_1_79' title='bbox 1740 769 1812 811; x_wconf 85' lang='grc' dir='ltr'><em>καὶ</em></span> 
     </span>
     <span class='ocr_line' id='line_1_10' title="bbox 270 838 1811 894; baseline -0.002 -11"><span class='ocrx_word' id='word_1_80' title='bbox 270 844 397 888; x_wconf 79' lang='grc' dir='ltr'><em>Οτοΐς</em></span> <span class='ocrx_word' id='word_1_81' title='bbox 441 841 528 882; x_wconf 76' lang='grc' dir='ltr'><em>ἐκεῖ</em></span> <span class='ocrx_word' id='word_1_82' title='bbox 569 839 834 894; x_wconf 84' lang='grc' dir='ltr'><em>χρησάμενος</em></span> <span class='ocrx_word' id='word_1_83' title='bbox 880 839 1057 892; x_wconf 81' lang='grc' dir='ltr'><em>θερμοῖς</em></span> <span class='ocrx_word' id='word_1_84' title='bbox 1103 838 1262 892; x_wconf 81' lang='grc' dir='ltr'><em>ὕδασιν,</em></span> <span class='ocrx_word' id='word_1_85' title='bbox 1311 839 1416 880; x_wconf 79' lang='grc' dir='ltr'><em>ἔνθα</em></span> <span class='ocrx_word' id='word_1_86' title='bbox 1463 838 1534 880; x_wconf 83' lang='grc' dir='ltr'><em>καὶ</em></span> <span class='ocrx_word' id='word_1_87' title='bbox 1580 839 1811 893; x_wconf 82' lang='grc' dir='ltr'><em>φάρμακον</em></span> 
     </span>
     <span class='ocr_line' id='line_1_11' title="bbox 313 906 1872 963; baseline -0.001 -13"><span class='ocrx_word' id='word_1_88' title='bbox 313 914 416 951; x_wconf 85' lang='grc' dir='ltr'><em>πιεῖν</em></span> <span class='ocrx_word' id='word_1_89' title='bbox 450 908 697 963; x_wconf 81' lang='grc' dir='ltr'><em>δηλητήριον</em></span> <span class='ocrx_word' id='word_1_90' title='bbox 728 908 883 962; x_wconf 84' lang='grc' dir='ltr'><em>λέγεται</em></span> <span class='ocrx_word' id='word_1_91' title='bbox 914 906 1029 961; x_wconf 86' lang='grc' dir='ltr'><em>παρὰ</em></span> <span class='ocrx_word' id='word_1_92' title='bbox 1062 910 1147 948; x_wconf 86' lang='grc' dir='ltr'><em>τῶν</em></span> <span class='ocrx_word' id='word_1_93' title='bbox 1175 907 1442 961; x_wconf 80' lang='grc' dir='ltr'><em>ἕτεροθαλῶν</em></span> <span class='ocrx_word' id='word_1_94' title='bbox 1464 908 1581 962; x_wconf 79' lang='grc' dir='ltr'><em>αὐτῷ</em></span> <span class='ocrx_word' id='word_1_95' title='bbox 1602 906 1812 961; x_wconf 77' lang='grc' dir='ltr'><em>κερασθὲν</em></span> <span class='ocrx_word' id='word_1_96' title='bbox 1827 919 1872 955; x_wconf 85' lang='grc'><em>10</em></span> 
     </span>
     <span class='ocr_line' id='line_1_12' title="bbox 254 976 1968 1032; baseline 0 -14"><span class='ocrx_word' id='word_1_97' title='bbox 254 984 299 1020; x_wconf 75' lang='grc'><em>27</em></span> <span class='ocrx_word' id='word_1_98' title='bbox 314 978 525 1032; x_wconf 81' lang='grc' dir='ltr'><em>ἀδελφῶν,</em></span> <span class='ocrx_word' id='word_1_99' title='bbox 566 978 622 1022; x_wconf 81' lang='grc' dir='ltr'><em>εἷς</em></span> <span class='ocrx_word' id='word_1_100' title='bbox 655 976 945 1031; x_wconf 87' lang='grc' dir='ltr'><em>Νικομήδειαν</em></span> <span class='ocrx_word' id='word_1_101' title='bbox 976 976 1260 1030; x_wconf 87' lang='grc' dir='ltr'><em>παραγίνεται·</em></span> <span class='ocrx_word' id='word_1_102' title='bbox 1300 976 1408 1017; x_wconf 85' lang='grc' dir='ltr'><em>ὅπου</em></span> <span class='ocrx_word' id='word_1_103' title='bbox 1442 976 1512 1018; x_wconf 84' lang='grc' dir='ltr'><em>καὶ</em></span> <span class='ocrx_word' id='word_1_104' title='bbox 1542 976 1862 1030; x_wconf 77' lang='grc' dir='ltr'><em>τετελεύτηκε,])</em></span> <span class='ocrx_word' id='word_1_105' title='bbox 1881 983 1968 1019; x_wconf 89' lang='grc' dir='ltr'><strong>ΙΙΙ]</strong></span> 
     </span>
     <span class='ocr_line' id='line_1_13' title="bbox 313 1043 1810 1101; baseline -0.001 -13"><span class='ocrx_word' id='word_1_106' title='bbox 313 1047 496 1101; x_wconf 87' lang='grc' dir='ltr'><em>νοσήσας</em></span> <span class='ocrx_word' id='word_1_107' title='bbox 527 1043 594 1100; x_wconf 75' lang='grc' dir='ltr'><em>ἐφ’</em></span> <span class='ocrx_word' id='word_1_108' title='bbox 629 1046 786 1099; x_wconf 85' lang='grc' dir='ltr'><em>ἱκανόν,</em></span> <span class='ocrx_word' id='word_1_109' title='bbox 828 1045 933 1087; x_wconf 76' lang='grc' dir='ltr'><em>ἐτῶν</em></span> <span class='ocrx_word' id='word_1_110' title='bbox 973 1045 1156 1099; x_wconf 84' lang='grc' dir='ltr'><em>γεγονὼς</em></span> <span class='ocrx_word' id='word_1_111' title='bbox 1192 1046 1311 1086; x_wconf 86' lang='grc' dir='ltr'><em>πέντε</em></span> <span class='ocrx_word' id='word_1_112' title='bbox 1341 1045 1450 1099; x_wconf 85' lang='grc' dir='ltr'><em>πρὸς</em></span> <span class='ocrx_word' id='word_1_113' title='bbox 1479 1049 1564 1092; x_wconf 88' lang='grc' dir='ltr'><em>τοῖς</em></span> <span class='ocrx_word' id='word_1_114' title='bbox 1595 1045 1810 1100; x_wconf 83' lang='grc' dir='ltr'><em>ἑξήκοντα,</em></span> 
     </span>
     <span class='ocr_line' id='line_1_14' title="bbox 314 1113 1812 1170; baseline 0 -15"><span class='ocrx_word' id='word_1_115' title='bbox 314 1114 561 1170; x_wconf 78' lang='grc' dir='ltr'><em>βασιλεύσας</em></span> <span class='ocrx_word' id='word_1_116' title='bbox 593 1113 630 1155; x_wconf 82' lang='grc' dir='ltr'><em>δ’</em></span> <span class='ocrx_word' id='word_1_117' title='bbox 665 1115 711 1155; x_wconf 77' lang='grc' dir='ltr'><em>ἔκ</em></span> <span class='ocrx_word' id='word_1_118' title='bbox 743 1114 904 1156; x_wconf 83' lang='grc' dir='ltr'><em>τούτων</em></span> <span class='ocrx_word' id='word_1_119' title='bbox 935 1114 1154 1168; x_wconf 86' lang='grc' dir='ltr'><em>τριάκοντα</em></span> <span class='ocrx_word' id='word_1_120' title='bbox 1187 1114 1295 1168; x_wconf 85' lang='grc' dir='ltr'><em>πρὸς</em></span> <span class='ocrx_word' id='word_1_121' title='bbox 1322 1114 1450 1166; x_wconf 84' lang='grc' dir='ltr'><em>δυσίν,</em></span> <span class='ocrx_word' id='word_1_122' title='bbox 1484 1114 1712 1156; x_wconf 82' lang='grc' dir='ltr'><em>ἒνδεόντων</em></span> <span class='ocrx_word' id='word_1_123' title='bbox 1735 1114 1812 1156; x_wconf 85' lang='grc' dir='ltr'><em>δύο</em></span> 
     </span>
     <span class='ocr_line' id='line_1_15' title="bbox 255 1182 1814 1239; baseline -0.001 -13"><span class='ocrx_word' id='word_1_124' title='bbox 255 1190 301 1226; x_wconf 75' lang='lat'><em>&lt;28</em></span> <span class='ocrx_word' id='word_1_125' title='bbox 313 1187 473 1239; x_wconf 85' lang='grc' dir='ltr'><em>μηνῶν.</em></span> <span class='ocrx_word' id='word_1_126' title='bbox 537 1184 586 1224; x_wconf 82' lang='grc' dir='ltr'><em>ὃν</em></span> <span class='ocrx_word' id='word_1_127' title='bbox 617 1183 641 1224; x_wconf 83' lang='grc' dir='ltr'><em>ὅ</em></span> <span class='ocrx_word' id='word_1_128' title='bbox 673 1182 763 1229; x_wconf 80' lang='grc' dir='ltr'><em>υἱὸς</em></span> <span class='ocrx_word' id='word_1_129' title='bbox 794 1182 1085 1229; x_wconf 85' lang='grc' dir='ltr'><em>Κωνστάντιος</em></span> <span class='ocrx_word' id='word_1_130' title='bbox 1117 1184 1162 1231; x_wconf 82' lang='grc' dir='ltr'><em>ἒξ</em></span> <span class='ocrx_word' id='word_1_131' title='bbox 1186 1183 1433 1238; x_wconf 72' lang='grc' dir='ltr'><em>Ἀντιοχείας</em></span> <span class='ocrx_word' id='word_1_132' title='bbox 1472 1182 1814 1237; x_wconf 85' lang='grc' dir='ltr'><em>παραγενόμενος</em></span> 
     </span>
     <span class='ocr_line' id='line_1_16' title="bbox 318 1250 1873 1307; baseline -0.001 -13"><span class='ocrx_word' id='word_1_133' title='bbox 318 1252 424 1306; x_wconf 81' lang='grc' dir='ltr'><em>(ἐκεῖ</em></span> <span class='ocrx_word' id='word_1_134' title='bbox 458 1251 537 1307; x_wconf 84' lang='grc' dir='ltr'><em>γὰρ</em></span> <span class='ocrx_word' id='word_1_135' title='bbox 577 1251 629 1307; x_wconf 82' lang='grc' dir='ltr'><em>ἦν</em></span> <span class='ocrx_word' id='word_1_136' title='bbox 667 1255 751 1298; x_wconf 85' lang='grc' dir='ltr'><em>τοῖς</em></span> <span class='ocrx_word' id='word_1_137' title='bbox 790 1251 977 1306; x_wconf 85' lang='grc' dir='ltr'><em>ῙῙέρσαις</em></span> <span class='ocrx_word' id='word_1_138' title='bbox 1016 1250 1362 1306; x_wconf 70' lang='grc' dir='ltr'><em>ἀναμαχόμενος)</em></span> <span class='ocrx_word' id='word_1_139' title='bbox 1404 1252 1459 1293; x_wconf 81' lang='grc' dir='ltr'><em>ἔτι</em></span> <span class='ocrx_word' id='word_1_140' title='bbox 1499 1252 1635 1300; x_wconf 87' lang='grc' dir='ltr'><em>ζῶντα</em></span> <span class='ocrx_word' id='word_1_141' title='bbox 1674 1250 1814 1305; x_wconf 82' lang='grc' dir='ltr'><em>εὑρὼν</em></span> <span class='ocrx_word' id='word_1_142' title='bbox 1828 1253 1873 1289; x_wconf 84' lang='grc'><em>15</em></span> 
     </span>
     <span class='ocr_line' id='line_1_17' title="bbox 316 1319 1812 1376; baseline -0.002 -13"><span class='ocrx_word' id='word_1_143' title='bbox 316 1321 516 1376; x_wconf 78' lang='grc' dir='ltr'><em>ἐκήδευσε</em></span> <span class='ocrx_word' id='word_1_144' title='bbox 543 1321 878 1375; x_wconf 83' lang='grc' dir='ltr'><em>μεγαλοπρεπῶς</em></span> <span class='ocrx_word' id='word_1_145' title='bbox 909 1320 980 1362; x_wconf 82' lang='grc' dir='ltr'><em>καὶ</em></span> <span class='ocrx_word' id='word_1_146' title='bbox 1009 1321 1052 1362; x_wconf 80' lang='grc' dir='ltr'><em>ἓν</em></span> <span class='ocrx_word' id='word_1_147' title='bbox 1072 1325 1133 1374; x_wconf 77' lang='grc' dir='ltr'><em>τῷ</em></span> <span class='ocrx_word' id='word_1_148' title='bbox 1154 1323 1239 1362; x_wconf 86' lang='grc' dir='ltr'><em>τῶν</em></span> <span class='ocrx_word' id='word_1_149' title='bbox 1262 1320 1393 1374; x_wconf 81' lang='grc' dir='ltr'><em>ἁγίων</em></span> <span class='ocrx_word' id='word_1_150' title='bbox 1415 1319 1662 1362; x_wconf 87' lang='grc' dir='ltr'><em>ἀποστόλων</em></span> <span class='ocrx_word' id='word_1_151' title='bbox 1693 1319 1812 1361; x_wconf 83' lang='grc' dir='ltr'><em>κατέ-</em></span> 
     </span>
    </p>
   </div>
   <div class='ocr_carea' id='block_1_3' title="bbox 318 1462 1810 1509">
    <p class='ocr_par' dir='ltr' id='par_1_3' title="bbox 318 1462 1810 1509">
     <span class='ocr_line' id='line_1_18' title="bbox 318 1462 1810 1509; baseline -0.002 -10"><span class='ocrx_word' id='word_1_152' title='bbox 318 1464 337 1499; x_wconf 91' lang='grc'>1</span> <span class='ocrx_word' id='word_1_153' title='bbox 365 1465 415 1499; x_wconf 82' lang='grc' dir='ltr'><em>ὅτι</em></span> <span class='ocrx_word' id='word_1_154' title='bbox 442 1468 502 1499; x_wconf 85' lang='grc' dir='ltr'><em>τοῦ</em></span> <span class='ocrx_word' id='word_1_155' title='bbox 528 1464 628 1509; x_wconf 85' lang='grc' dir='ltr'><em>ἁγίου</em></span> <span class='ocrx_word' id='word_1_156' title='bbox 654 1464 923 1508; x_wconf 82' lang='grc' dir='ltr'><em>Μητροφάνους</em></span> <span class='ocrx_word' id='word_1_157' title='bbox 948 1464 1117 1502; x_wconf 76' lang='grc' dir='ltr'><em>θανόντος</em></span> <span class='ocrx_word' id='word_1_158' title='bbox 1143 1464 1163 1497; x_wconf 87' lang='grc' dir='ltr'>ὁ</span> <span class='ocrx_word' id='word_1_159' title='bbox 1187 1463 1283 1501; x_wconf 80' lang='grc' dir='ltr'><em>θεῖος</em></span> <span class='ocrx_word' id='word_1_160' title='bbox 1305 1463 1526 1507; x_wconf 79' lang='grc' dir='ltr'><em>Ἀλέξανδρος</em></span> <span class='ocrx_word' id='word_1_161' title='bbox 1551 1462 1667 1508; x_wconf 84' lang='grc' dir='ltr'><em>γέγονε</em></span> <span class='ocrx_word' id='word_1_162' title='bbox 1691 1475 1810 1506; x_wconf 83' lang='grc' dir='ltr'><em>πατρι-</em></span> 
     </span>
    </p>
   </div>
   <div class='ocr_carea' id='block_1_4' title="bbox 316 1508 1818 1794">
    <p class='ocr_par' dir='ltr' id='par_1_4' title="bbox 316 1508 1818 1794">
     <span class='ocr_line' id='line_1_19' title="bbox 316 1508 1815 1557; baseline -0.002 -10"><span class='ocrx_word' id='word_1_163' title='bbox 316 1513 430 1557; x_wconf 82' lang='grc' dir='ltr'><em>άρχης</em></span> <span class='ocrx_word' id='word_1_164' title='bbox 457 1510 485 1548; x_wconf 93' lang='lat' dir='ltr'>C</span> <span class='ocrx_word' id='word_1_165' title='bbox 627 1511 651 1545; x_wconf 86' lang='lat'>4</span> <span class='ocrx_word' id='word_1_166' title='bbox 676 1511 815 1556; x_wconf 85' lang='grc' dir='ltr'><em>τελευτὴ</em></span> <span class='ocrx_word' id='word_1_167' title='bbox 843 1516 903 1556; x_wconf 89' lang='grc' dir='ltr'><em>τῆς</em></span> <span class='ocrx_word' id='word_1_168' title='bbox 929 1511 1026 1556; x_wconf 84' lang='grc' dir='ltr'><em>ἁγίας</em></span> <span class='ocrx_word' id='word_1_169' title='bbox 1051 1511 1190 1556; x_wconf 86' lang='grc' dir='ltr'><em>Ἑλένης</em></span> <span class='ocrx_word' id='word_1_170' title='bbox 1216 1509 1317 1546; x_wconf 87' lang='lat' dir='ltr'><em>ACE</em></span> <span class='ocrx_word' id='word_1_171' title='bbox 1345 1510 1475 1556; x_wconf 82' lang='grc' dir='ltr'><em>(ἕλένης</em></span> <span class='ocrx_word' id='word_1_172' title='bbox 1501 1510 1547 1555; x_wconf 85' lang='grc' dir='ltr'><em>Α,</em></span> <span class='ocrx_word' id='word_1_173' title='bbox 1575 1521 1612 1545; x_wconf 89' lang='lat' dir='ltr'><em>V.</em></span> <span class='ocrx_word' id='word_1_174' title='bbox 1639 1509 1691 1545; x_wconf 86' lang='lat' dir='ltr'><em>ad</em></span> <span class='ocrx_word' id='word_1_175' title='bbox 1717 1508 1815 1545; x_wconf 86' lang='lat' dir='ltr'>XIII</span> 
     </span>
     <span class='ocr_line' id='line_1_20' title="bbox 319 1557 1406 1605; baseline -0.002 -10"><span class='ocrx_word' id='word_1_176' title='bbox 319 1560 350 1604; x_wconf 92' lang='lat'><em>1,</em></span> <span class='ocrx_word' id='word_1_177' title='bbox 376 1559 412 1602; x_wconf 77' lang='lat'><em>2)</em></span> <span class='ocrx_word' id='word_1_178' title='bbox 535 1560 557 1595; x_wconf 88' lang='lat'>8</span> <span class='ocrx_word' id='word_1_179' title='bbox 583 1559 720 1605; x_wconf 86' lang='grc' dir='ltr'><em>τελευτὴ</em></span> <span class='ocrx_word' id='word_1_180' title='bbox 747 1564 807 1594; x_wconf 87' lang='grc' dir='ltr'><em>τοῦ</em></span> <span class='ocrx_word' id='word_1_181' title='bbox 832 1559 985 1605; x_wconf 85' lang='grc' dir='ltr'><em>μεγάλου</em></span> <span class='ocrx_word' id='word_1_182' title='bbox 1013 1559 1279 1594; x_wconf 86' lang='grc' dir='ltr'><em>Κωνσταντίνου</em></span> <span class='ocrx_word' id='word_1_183' title='bbox 1306 1557 1406 1594; x_wconf 87' lang='lat' dir='ltr'><em>ACE</em></span> 
     </span>
     <span class='ocr_line' id='line_1_21' title="bbox 392 1699 1818 1746; baseline -0.001 -10"><span class='ocrx_word' id='word_1_184' title='bbox 392 1701 410 1735; x_wconf 95' lang='grc'>1</span> <span class='ocrx_word' id='word_1_185' title='bbox 439 1702 458 1736; x_wconf 84' lang='grc' dir='ltr'>ὁ</span> <span class='ocrx_word' id='word_1_186' title='bbox 485 1720 527 1725; x_wconf 90' lang='lat'>—</span> <span class='ocrx_word' id='word_1_187' title='bbox 555 1701 802 1746; x_wconf 81' lang='grc' dir='ltr'><em>Μητροῳάνης</em></span> <span class='ocrx_word' id='word_1_188' title='bbox 830 1711 903 1736; x_wconf 88' lang='lat' dir='ltr'><em>om.</em></span> <span class='ocrx_word' id='word_1_189' title='bbox 932 1701 963 1735; x_wconf 85' lang='lat' dir='ltr'>E</span> <span class='ocrx_word' id='word_1_190' title='bbox 1156 1700 1178 1734; x_wconf 80' lang='grc'>2</span> <span class='ocrx_word' id='word_1_191' title='bbox 1204 1699 1370 1735; x_wconf 73' lang='grc' dir='ltr'><em>ἀπελθεῖν</em></span> <span class='ocrx_word' id='word_1_192' title='bbox 1397 1710 1471 1735; x_wconf 90' lang='lat' dir='ltr'><em>om.</em></span> <span class='ocrx_word' id='word_1_193' title='bbox 1500 1699 1540 1744; x_wconf 85' lang='lat' dir='ltr'><em>C,</em></span> <span class='ocrx_word' id='word_1_194' title='bbox 1571 1700 1761 1745; x_wconf 82' lang='grc' dir='ltr'><em>παρελθεῖν</em></span> <span class='ocrx_word' id='word_1_195' title='bbox 1787 1699 1818 1734; x_wconf 88' lang='grc' dir='ltr'>Ε</span> 
     </span>
     <span class='ocr_line' id='line_1_22' title="bbox 390 1746 1818 1794; baseline -0.001 -10"><span class='ocrx_word' id='word_1_196' title='bbox 390 1749 413 1784; x_wconf 87' lang='lat'><strong>3</strong></span> <span class='ocrx_word' id='word_1_197' title='bbox 439 1751 530 1794; x_wconf 85' lang='lat' dir='ltr'>post</span> <span class='ocrx_word' id='word_1_198' title='bbox 556 1749 707 1793; x_wconf 88' lang='grc' dir='ltr'><em>δωρεαῖς</em></span> <span class='ocrx_word' id='word_1_199' title='bbox 734 1749 825 1784; x_wconf 87' lang='lat' dir='ltr'>add.</span> <span class='ocrx_word' id='word_1_200' title='bbox 853 1749 1130 1794; x_wconf 84' lang='grc' dir='ltr'><em>μεγαλοπρεπῶς</em></span> <span class='ocrx_word' id='word_1_201' title='bbox 1156 1747 1254 1793; x_wconf 85' lang='lat' dir='ltr'>pr</span> <span class='ocrx_word' id='word_1_202' title='bbox 1387 1746 1411 1782; x_wconf 90' lang='lat'>4</span> <span class='ocrx_word' id='word_1_203' title='bbox 1435 1747 1532 1792; x_wconf 83' lang='grc' dir='ltr'><em>ἐλὲνη</em></span> <span class='ocrx_word' id='word_1_204' title='bbox 1560 1747 1595 1782; x_wconf 92' lang='grc' dir='ltr'><strong>Α</strong></span> <span class='ocrx_word' id='word_1_205' title='bbox 1620 1750 1665 1783; x_wconf 80' lang='lat' dir='ltr'><em>ut</em></span> <span class='ocrx_word' id='word_1_206' title='bbox 1690 1748 1733 1782; x_wconf 90' lang='lat' dir='ltr'><em>in</em></span> <span class='ocrx_word' id='word_1_207' title='bbox 1759 1757 1818 1782; x_wconf 86' lang='lat' dir='ltr'>ar·</span> 
     </span>
    </p>
   </div>
   <div class='ocr_carea' id='block_1_5' title="bbox 390 1794 1820 2129">
    <p class='ocr_par' dir='ltr' id='par_1_5' title="bbox 392 1794 1819 1843">
     <span class='ocr_line' id='line_1_23' title="bbox 392 1794 1819 1843; baseline -0.001 -12"><span class='ocrx_word' id='word_1_208' title='bbox 392 1800 599 1843; x_wconf 84' lang='lat' dir='ltr'>gumento,</span> <span class='ocrx_word' id='word_1_209' title='bbox 627 1807 665 1831; x_wconf 89' lang='lat' dir='ltr'><em>v.</em></span> <span class='ocrx_word' id='word_1_210' title='bbox 685 1796 737 1831; x_wconf 81' lang='lat' dir='ltr'><em>ad</em></span> <span class='ocrx_word' id='word_1_211' title='bbox 756 1796 853 1832; x_wconf 87' lang='lat' dir='ltr'>XIII</span> <span class='ocrx_word' id='word_1_212' title='bbox 873 1797 903 1840; x_wconf 91' lang='lat'><em>1,</em></span> <span class='ocrx_word' id='word_1_213' title='bbox 923 1797 955 1840; x_wconf 83' lang='lat'><em>2,</em></span> <span class='ocrx_word' id='word_1_214' title='bbox 974 1797 1072 1841; x_wconf 80' lang='grc' dir='ltr'><em>ἑλὲνη</em></span> <span class='ocrx_word' id='word_1_215' title='bbox 1093 1794 1228 1831; x_wconf 77' lang='lat' dir='ltr'>RwDi</span> <span class='ocrx_word' id='word_1_216' title='bbox 1326 1796 1347 1831; x_wconf 87' lang='grc'><strong>6</strong></span> <span class='ocrx_word' id='word_1_217' title='bbox 1374 1798 1464 1841; x_wconf 88' lang='lat' dir='ltr'>post</span> <span class='ocrx_word' id='word_1_218' title='bbox 1489 1795 1562 1834; x_wconf 82' lang='grc' dir='ltr'><em>υἱὸς</em></span> <span class='ocrx_word' id='word_1_219' title='bbox 1589 1795 1680 1831; x_wconf 86' lang='lat' dir='ltr'>add.</span> <span class='ocrx_word' id='word_1_220' title='bbox 1706 1795 1742 1830; x_wconf 80' lang='grc' dir='ltr'><em>ἐν</em></span> <span class='ocrx_word' id='word_1_221' title='bbox 1768 1801 1819 1840; x_wconf 78' lang='grc' dir='ltr'><em>τῷ</em></span> 
     </span>
    </p>

    <p class='ocr_par' dir='ltr' id='par_1_6' title="bbox 390 1841 1820 1890">
     <span class='ocr_line' id='line_1_24' title="bbox 390 1841 1820 1890; baseline -0.001 -11"><span class='ocrx_word' id='word_1_222' title='bbox 390 1849 461 1880; x_wconf 86' lang='grc' dir='ltr'><em>τῶν</em></span> <span class='ocrx_word' id='word_1_223' title='bbox 479 1845 590 1890; x_wconf 86' lang='grc' dir='ltr'><em>ἁγίων</em></span> <span class='ocrx_word' id='word_1_224' title='bbox 607 1845 812 1880; x_wconf 84' lang='grc' dir='ltr'><em>ἀποστόλων</em></span> <span class='ocrx_word' id='word_1_225' title='bbox 829 1850 905 1889; x_wconf 79' lang='grc' dir='ltr'><em>ναῷ</em></span> <span class='ocrx_word' id='word_1_226' title='bbox 932 1842 1094 1889; x_wconf 66' lang='lat' dir='ltr'><em>prDi</em></span> <span class='ocrx_word' id='word_1_227' title='bbox 1183 1843 1365 1889; x_wconf 82' lang='grc' dir='ltr'><em>βασιλικὸς</em></span> <span class='ocrx_word' id='word_1_228' title='bbox 1382 1842 1427 1887; x_wconf 90' lang='grc' dir='ltr'><em>Α,</em></span> <span class='ocrx_word' id='word_1_229' title='bbox 1453 1844 1648 1888; x_wconf 83' lang='grc' dir='ltr'><em>βασιλικῶς</em></span> <span class='ocrx_word' id='word_1_230' title='bbox 1662 1841 1820 1889; x_wconf 77' lang='lat' dir='ltr'><em>prDi</em></span> 
     </span>
    </p>

    <p class='ocr_par' dir='ltr' id='par_1_7' title="bbox 391 1891 1818 1974">
     <span class='ocr_line' id='line_1_25' title="bbox 391 1891 1818 1974; baseline -0.002 -46"><span class='ocrx_word' id='word_1_231' title='bbox 391 1893 414 1961; x_wconf 47' lang='lat'><em>8.</em></span> <span class='ocrx_word' id='word_1_232' title='bbox 439 1891 709 1945; x_wconf 66' lang='grc' dir='ltr'><em>Σωτηρόπολιν]</em></span> <span class='ocrx_word' id='word_1_233' title='bbox 751 1892 794 1927; x_wconf 94' lang='lat' dir='ltr'><em>V.</em></span> <span class='ocrx_word' id='word_1_234' title='bbox 821 1892 1022 1947; x_wconf 81' lang='lat' dir='ltr'>Tafelium</span> <span class='ocrx_word' id='word_1_235' title='bbox 1052 1891 1257 1966; x_wconf 57' lang='lat' dir='ltr'>gonstant.</span> <span class='ocrx_word' id='word_1_236' title='bbox 1284 1892 1606 1974; x_wconf 43' lang='lat'><em>1337213231533315332&amp;</em></span> <span class='ocrx_word' id='word_1_237' title='bbox 1625 1891 1674 1974; x_wconf 60' lang='lat' dir='ltr'><em>dg</em></span> <span class='ocrx_word' id='word_1_238' title='bbox 1701 1901 1818 1974; x_wconf 40' lang='grc' dir='ltr'><em>ἵζ’-ἕξ.</em></span> 
     </span>
    </p>

    <p class='ocr_par' dir='ltr' id='par_1_8' title="bbox 391 1939 1818 2034">
     <span class='ocr_line' id='line_1_26' title="bbox 391 1939 1818 2034; baseline -0.001 -11"><span class='ocrx_word' id='word_1_239' title='bbox 391 1951 513 2034; x_wconf 46' lang='grc' dir='ltr'><em>ἓῗθέἒ,</em></span> <span class='ocrx_word' id='word_1_240' title='bbox 531 1940 884 2023; x_wconf 53' lang='grc' dir='ltr'><em>ξὲΖΒιξῖῗῑίζίξιιεῗέ</em></span> <span class='ocrx_word' id='word_1_241' title='bbox 913 1939 1272 2032; x_wconf 36' lang='grc' dir='ltr'><em>Ταξιὲκῒιζσέὃέἳνξι</em></span> <span class='ocrx_word' id='word_1_242' title='bbox 1300 1963 1343 1973; x_wconf 41' lang='grc' dir='ltr'><em>..Η</em></span> <span class='ocrx_word' id='word_1_243' title='bbox 1360 1991 1451 2032; x_wconf 80' lang='lat' dir='ltr'>post</span> <span class='ocrx_word' id='word_1_244' title='bbox 1476 1950 1699 2032; x_wconf 57' lang='grc' dir='ltr'><em>χρησάμενοζ</em></span> <span class='ocrx_word' id='word_1_245' title='bbox 1726 1966 1818 2022; x_wconf 56' lang='lat' dir='ltr'><em>add:</em></span> 
     </span>
    </p>

    <p class='ocr_par' dir='ltr' id='par_1_9' title="bbox 391 2033 1820 2129">
     <span class='ocr_line' id='line_1_27' title="bbox 391 2033 1820 2119; baseline -0.001 -48"><span class='ocrx_word' id='word_1_246' title='bbox 391 2036 598 2119; x_wconf 51' lang='grc' dir='ltr'><em>ᾞῦἦομάτοις</em></span> <span class='ocrx_word' id='word_1_247' title='bbox 625 2035 721 2118; x_wconf 54' lang='grc' dir='ltr'><em>ῼκέρ</em></span> <span class='ocrx_word' id='word_1_248' title='bbox 853 2039 943 2081; x_wconf 89' lang='lat' dir='ltr'>post</span> <span class='ocrx_word' id='word_1_249' title='bbox 969 2035 1162 2082; x_wconf 82' lang='grc' dir='ltr'><em>φάρμακόν</em></span> <span class='ocrx_word' id='word_1_250' title='bbox 1189 2034 1281 2069; x_wconf 85' lang='lat' dir='ltr'>add.</span> <span class='ocrx_word' id='word_1_251' title='bbox 1308 2049 1337 2069; x_wconf 82' lang='grc' dir='ltr'><em>τι</em></span> <span class='ocrx_word' id='word_1_252' title='bbox 1367 2033 1523 2080; x_wconf 73' lang='lat' dir='ltr'><em>prDz·</em></span> <span class='ocrx_word' id='word_1_253' title='bbox 1655 2035 1700 2070; x_wconf 90' lang='grc'><em>10</em></span> <span class='ocrx_word' id='word_1_254' title='bbox 1723 2034 1820 2080; x_wconf 83' lang='grc' dir='ltr'><em>παρὰ</em></span> 
     </span>
     <span class='ocr_line' id='line_1_28' title="bbox 466 2093 692 2129; baseline 0 -11"><span class='ocrx_word' id='word_1_255' title='bbox 466 2094 540 2129; x_wconf 90' lang='lat' dir='ltr'><em>wp,</em></span> <span class='ocrx_word' id='word_1_256' title='bbox 565 2097 646 2128; x_wconf 85' lang='grc' dir='ltr'><em>περι</em></span> <span class='ocrx_word' id='word_1_257' title='bbox 686 2093 692 2107; x_wconf 72' lang='lat'><strong><em>⁴</em></strong></span> 
     </span>
    </p>
   </div>
   <div class='ocr_carea' id='block_1_6' title="bbox 261 2223 1821 2895">
    <p class='ocr_par' dir='ltr' id='par_1_10' title="bbox 261 2223 1820 2321">
     <span class='ocr_line' id='line_1_29' title="bbox 261 2223 1820 2273; baseline -0.001 -11"><span class='ocrx_word' id='word_1_258' title='bbox 261 2223 308 2258; x_wconf 77' lang='lat'><em>23</em></span> <span class='ocrx_word' id='word_1_259' title='bbox 321 2226 613 2272; x_wconf 82' lang='lat' dir='ltr'><strong>Alexandrum,</strong></span> <span class='ocrx_word' id='word_1_260' title='bbox 640 2227 747 2271; x_wconf 87' lang='lat' dir='ltr'>(nam</span> <span class='ocrx_word' id='word_1_261' title='bbox 771 2227 946 2262; x_wconf 78' lang='lat' dir='ltr'>inclutus</span> <span class='ocrx_word' id='word_1_262' title='bbox 969 2226 1254 2273; x_wconf 80' lang='lat' dir='ltr'>Metrophanes</span> <span class='ocrx_word' id='word_1_263' title='bbox 1274 2227 1454 2270; x_wconf 82' lang='lat' dir='ltr'>obierat),</span> <span class='ocrx_word' id='word_1_264' title='bbox 1483 2227 1533 2261; x_wconf 89' lang='lat' dir='ltr'><em>ad</em></span> <span class='ocrx_word' id='word_1_265' title='bbox 1553 2236 1667 2261; x_wconf 88' lang='lat' dir='ltr'>suam</span> <span class='ocrx_word' id='word_1_266' title='bbox 1687 2236 1820 2271; x_wconf 85' lang='lat' dir='ltr'>quem-</span> 
     </span>
     <span class='ocr_line' id='line_1_30' title="bbox 322 2274 1669 2321; baseline -0.001 -11"><span class='ocrx_word' id='word_1_267' title='bbox 322 2285 402 2321; x_wconf 88' lang='lat' dir='ltr'>que</span> <span class='ocrx_word' id='word_1_268' title='bbox 428 2275 658 2320; x_wconf 85' lang='lat' dir='ltr'>paroeciam</span> <span class='ocrx_word' id='word_1_269' title='bbox 690 2274 848 2319; x_wconf 85' lang='lat' dir='ltr'><strong>dimisit,</strong></span> <span class='ocrx_word' id='word_1_270' title='bbox 874 2275 1097 2310; x_wconf 80' lang='lat' dir='ltr'>honoribus</span> <span class='ocrx_word' id='word_1_271' title='bbox 1126 2275 1323 2320; x_wconf 90' lang='lat' dir='ltr'>donisque</span> <span class='ocrx_word' id='word_1_272' title='bbox 1350 2275 1528 2320; x_wconf 78' lang='lat' dir='ltr'>benigne</span> <span class='ocrx_word' id='word_1_273' title='bbox 1555 2274 1669 2309; x_wconf 83' lang='lat' dir='ltr'>datis.</span> 
     </span>
    </p>

    <p class='ocr_par' dir='ltr' id='par_1_11' title="bbox 262 2319 1821 2416">
     <span class='ocr_line' id='line_1_31' title="bbox 262 2319 1821 2368; baseline 0.001 -14"><span class='ocrx_word' id='word_1_274' title='bbox 262 2319 308 2354; x_wconf 72' lang='lat'><em>24</em></span> <span class='ocrx_word' id='word_1_275' title='bbox 441 2322 564 2368; x_wconf 84' lang='lat' dir='ltr'>Regis</span> <span class='ocrx_word' id='word_1_276' title='bbox 591 2325 727 2358; x_wconf 86' lang='lat' dir='ltr'>autem</span> <span class='ocrx_word' id='word_1_277' title='bbox 753 2325 882 2357; x_wconf 85' lang='lat' dir='ltr'>mater</span> <span class='ocrx_word' id='word_1_278' title='bbox 909 2325 1049 2358; x_wconf 83' lang='lat' dir='ltr'>sancta</span> <span class='ocrx_word' id='word_1_279' title='bbox 1075 2322 1232 2358; x_wconf 86' lang='lat' dir='ltr'>Helena</span> <span class='ocrx_word' id='word_1_280' title='bbox 1258 2323 1426 2368; x_wconf 83' lang='lat' dir='ltr'>grandis</span> <span class='ocrx_word' id='word_1_281' title='bbox 1453 2325 1553 2357; x_wconf 88' lang='lat' dir='ltr'>natu</span> <span class='ocrx_word' id='word_1_282' title='bbox 1581 2323 1687 2362; x_wconf 87' lang='lat' dir='ltr'>(nam</span> <span class='ocrx_word' id='word_1_283' title='bbox 1715 2323 1821 2356; x_wconf 85' lang='lat' dir='ltr'>octo-</span> 
     </span>
     <span class='ocr_line' id='line_1_32' title="bbox 322 2369 1819 2416; baseline -0.001 -11"><span class='ocrx_word' id='word_1_284' title='bbox 322 2371 437 2416; x_wconf 81' lang='lat' dir='ltr'>ginta</span> <span class='ocrx_word' id='word_1_285' title='bbox 456 2381 584 2406; x_wconf 87' lang='lat' dir='ltr'>annos</span> <span class='ocrx_word' id='word_1_286' title='bbox 603 2371 753 2405; x_wconf 84' lang='lat' dir='ltr'>vixisse</span> <span class='ocrx_word' id='word_1_287' title='bbox 772 2370 933 2411; x_wconf 84' lang='lat' dir='ltr'>dieitur)</span> <span class='ocrx_word' id='word_1_288' title='bbox 956 2371 997 2405; x_wconf 89' lang='lat' dir='ltr'><em>in</em></span> <span class='ocrx_word' id='word_1_289' title='bbox 1017 2371 1210 2406; x_wconf 77' lang='lat' dir='ltr'>caelestes</span> <span class='ocrx_word' id='word_1_290' title='bbox 1229 2371 1459 2405; x_wconf 80' lang='lat' dir='ltr'>mansiones</span> <span class='ocrx_word' id='word_1_291' title='bbox 1478 2369 1672 2412; x_wconf 77' lang='lat' dir='ltr'>discessit,</span> <span class='ocrx_word' id='word_1_292' title='bbox 1699 2379 1819 2414; x_wconf 83' lang='lat' dir='ltr'>quam</span> 
     </span>
    </p>

    <p class='ocr_par' dir='ltr' id='par_1_12' title="bbox 263 2415 1821 2511">
     <span class='ocr_line' id='line_1_33' title="bbox 263 2415 1821 2464; baseline 0 -12"><span class='ocrx_word' id='word_1_293' title='bbox 263 2415 309 2450; x_wconf 74' lang='lat'><em>25</em></span> <span class='ocrx_word' id='word_1_294' title='bbox 323 2419 427 2453; x_wconf 88' lang='lat' dir='ltr'>filius</span> <span class='ocrx_word' id='word_1_295' title='bbox 452 2419 647 2464; x_wconf 80' lang='lat' dir='ltr'>regaliter</span> <span class='ocrx_word' id='word_1_296' title='bbox 674 2418 864 2453; x_wconf 78' lang='lat' dir='ltr'>condidit.</span> <span class='ocrx_word' id='word_1_297' title='bbox 916 2418 986 2453; x_wconf 84' lang='lat' dir='ltr'>Ille</span> <span class='ocrx_word' id='word_1_298' title='bbox 1018 2428 1116 2453; x_wconf 83' lang='lat' dir='ltr'>vero</span> <span class='ocrx_word' id='word_1_299' title='bbox 1148 2421 1337 2464; x_wconf 81' lang='lat' dir='ltr'>suscepta</span> <span class='ocrx_word' id='word_1_300' title='bbox 1365 2421 1505 2453; x_wconf 83' lang='lat' dir='ltr'>eontra</span> <span class='ocrx_word' id='word_1_301' title='bbox 1531 2417 1675 2452; x_wconf 84' lang='lat' dir='ltr'>Persas</span> <span class='ocrx_word' id='word_1_302' title='bbox 1701 2427 1821 2463; x_wconf 83' lang='lat' dir='ltr'>expe--</span> 
     </span>
     <span class='ocr_line' id='line_1_34' title="bbox 324 2465 1821 2511; baseline -0.001 -11"><span class='ocrx_word' id='word_1_303' title='bbox 324 2466 475 2501; x_wconf 83' lang='lat' dir='ltr'>ditione</span> <span class='ocrx_word' id='word_1_304' title='bbox 501 2466 732 2501; x_wconf 80' lang='lat' dir='ltr'>triremibus</span> <span class='ocrx_word' id='word_1_305' title='bbox 759 2465 1025 2511; x_wconf 87' lang='lat' dir='ltr'>Soteropolim</span> <span class='ocrx_word' id='word_1_306' title='bbox 1054 2466 1245 2509; x_wconf 84' lang='lat' dir='ltr'>defertur,</span> <span class='ocrx_word' id='word_1_307' title='bbox 1274 2476 1380 2511; x_wconf 82' lang='lat' dir='ltr'>quae</span> <span class='ocrx_word' id='word_1_308' title='bbox 1406 2476 1514 2500; x_wconf 83' lang='lat' dir='ltr'>nunc</span> <span class='ocrx_word' id='word_1_309' title='bbox 1532 2465 1677 2510; x_wconf 78' lang='lat' dir='ltr'>Pythia</span> <span class='ocrx_word' id='word_1_310' title='bbox 1703 2474 1821 2500; x_wconf 81' lang='lat' dir='ltr'>voea-</span> 
     </span>
    </p>

    <p class='ocr_par' dir='ltr' id='par_1_13' title="bbox 263 2510 1820 2558">
     <span class='ocr_line' id='line_1_35' title="bbox 263 2510 1820 2558; baseline -0.001 -10"><span class='ocrx_word' id='word_1_311' title='bbox 263 2510 309 2544; x_wconf 73' lang='lat'><em>26</em></span> <span class='ocrx_word' id='word_1_312' title='bbox 323 2517 400 2558; x_wconf 83' lang='lat' dir='ltr'>tur,</span> <span class='ocrx_word' id='word_1_313' title='bbox 427 2518 465 2549; x_wconf 86' lang='lat' dir='ltr'><em>et</em></span> <span class='ocrx_word' id='word_1_314' title='bbox 493 2514 632 2549; x_wconf 82' lang='lat' dir='ltr'>calidis</span> <span class='ocrx_word' id='word_1_315' title='bbox 658 2513 765 2548; x_wconf 84' lang='lat' dir='ltr'>illius</span> <span class='ocrx_word' id='word_1_316' title='bbox 791 2513 868 2549; x_wconf 86' lang='lat' dir='ltr'>loci</span> <span class='ocrx_word' id='word_1_317' title='bbox 887 2514 1003 2558; x_wconf 83' lang='lat' dir='ltr'>aquis</span> <span class='ocrx_word' id='word_1_318' title='bbox 1021 2523 1130 2556; x_wconf 90' lang='lat' dir='ltr'>usus,</span> <span class='ocrx_word' id='word_1_319' title='bbox 1157 2514 1227 2548; x_wconf 84' lang='lat' dir='ltr'><em>ubi</em></span> <span class='ocrx_word' id='word_1_320' title='bbox 1247 2514 1366 2548; x_wconf 86' lang='lat' dir='ltr'>etiam</span> <span class='ocrx_word' id='word_1_321' title='bbox 1386 2514 1565 2548; x_wconf 84' lang='lat' dir='ltr'>toxicum</span> <span class='ocrx_word' id='word_1_322' title='bbox 1585 2522 1609 2546; x_wconf 85' lang='lat' dir='ltr'>a</span> <span class='ocrx_word' id='word_1_323' title='bbox 1627 2512 1820 2547; x_wconf 79' lang='lat' dir='ltr'>fratribus</span> 
     </span>
    </p>

    <p class='ocr_par' dir='ltr' id='par_1_14' title="bbox 263 2557 1820 2701">
     <span class='ocr_line' id='line_1_36' title="bbox 263 2557 1820 2606; baseline 0.001 -14"><span class='ocrx_word' id='word_1_324' title='bbox 263 2557 309 2592; x_wconf 80' lang='lat'><em>27</em></span> <span class='ocrx_word' id='word_1_325' title='bbox 323 2561 457 2596; x_wconf 82' lang='lat' dir='ltr'>nothis</span> <span class='ocrx_word' id='word_1_326' title='bbox 489 2564 756 2606; x_wconf 87' lang='lat' dir='ltr'>temperatum</span> <span class='ocrx_word' id='word_1_327' title='bbox 790 2561 971 2597; x_wconf 83' lang='lat' dir='ltr'>hausisse</span> <span class='ocrx_word' id='word_1_328' title='bbox 1003 2563 1141 2604; x_wconf 81' lang='lat' dir='ltr'>fertur,</span> <span class='ocrx_word' id='word_1_329' title='bbox 1177 2561 1450 2596; x_wconf 74' lang='lat' dir='ltr'>Nicomediam</span> <span class='ocrx_word' id='word_1_330' title='bbox 1483 2561 1702 2606; x_wconf 78' lang='lat' dir='ltr'>profectus,</span> <span class='ocrx_word' id='word_1_331' title='bbox 1737 2559 1820 2595; x_wconf 92' lang='lat' dir='ltr'>diu-</span> 
     </span>
     <span class='ocr_line' id='line_1_37' title="bbox 326 2608 1820 2654; baseline 0 -12"><span class='ocrx_word' id='word_1_332' title='bbox 326 2609 520 2644; x_wconf 89' lang='lat' dir='ltr'>turnitate</span> <span class='ocrx_word' id='word_1_333' title='bbox 546 2609 675 2644; x_wconf 84' lang='lat' dir='ltr'>morbi</span> <span class='ocrx_word' id='word_1_334' title='bbox 703 2609 926 2644; x_wconf 82' lang='lat' dir='ltr'>exstinctus</span> <span class='ocrx_word' id='word_1_335' title='bbox 953 2612 1022 2653; x_wconf 84' lang='lat' dir='ltr'>est,</span> <span class='ocrx_word' id='word_1_336' title='bbox 1051 2619 1179 2644; x_wconf 87' lang='lat' dir='ltr'>annos</span> <span class='ocrx_word' id='word_1_337' title='bbox 1199 2609 1378 2654; x_wconf 82' lang='lat' dir='ltr'>quinque</span> <span class='ocrx_word' id='word_1_338' title='bbox 1398 2612 1436 2644; x_wconf 86' lang='lat' dir='ltr'><em>et</em></span> <span class='ocrx_word' id='word_1_339' title='bbox 1455 2608 1670 2653; x_wconf 77' lang='lat' dir='ltr'>sexaginta</span> <span class='ocrx_word' id='word_1_340' title='bbox 1689 2609 1820 2651; x_wconf 85' lang='lat' dir='ltr'>natus,</span> 
     </span>
     <span class='ocr_line' id='line_1_38' title="bbox 325 2656 1818 2701; baseline 0 -11"><span class='ocrx_word' id='word_1_341' title='bbox 325 2666 414 2691; x_wconf 81' lang='lat' dir='ltr'><em>cum</em></span> <span class='ocrx_word' id='word_1_342' title='bbox 455 2656 535 2691; x_wconf 86' lang='lat' dir='ltr'><em>duo</em></span> <span class='ocrx_word' id='word_1_343' title='bbox 580 2660 618 2691; x_wconf 92' lang='lat' dir='ltr'><em>et</em></span> <span class='ocrx_word' id='word_1_344' title='bbox 661 2657 839 2701; x_wconf 84' lang='lat' dir='ltr'>triginta,</span> <span class='ocrx_word' id='word_1_345' title='bbox 883 2656 1066 2692; x_wconf 79' lang='lat' dir='ltr'>deductis</span> <span class='ocrx_word' id='word_1_346' title='bbox 1110 2656 1269 2691; x_wconf 84' lang='lat' dir='ltr'>duobus</span> <span class='ocrx_word' id='word_1_347' title='bbox 1311 2657 1527 2699; x_wconf 84' lang='lat' dir='ltr'>mensibus,</span> <span class='ocrx_word' id='word_1_348' title='bbox 1570 2656 1818 2701; x_wconf 78' lang='lat' dir='ltr'>imperasset.</span> 
     </span>
    </p>

    <p class='ocr_par' dir='ltr' id='par_1_15' title="bbox 264 2701 1820 2895">
     <span class='ocr_line' id='line_1_39' title="bbox 264 2701 1820 2749; baseline 0.001 -13"><span class='ocrx_word' id='word_1_349' title='bbox 264 2701 310 2736; x_wconf 73' lang='lat'><em>28</em></span> <span class='ocrx_word' id='word_1_350' title='bbox 325 2703 451 2745; x_wconf 78' lang='lat' dir='ltr'>Quem</span> <span class='ocrx_word' id='word_1_351' title='bbox 480 2714 570 2739; x_wconf 85' lang='lat' dir='ltr'>eum</span> <span class='ocrx_word' id='word_1_352' title='bbox 588 2705 692 2739; x_wconf 86' lang='lat' dir='ltr'>filius</span> <span class='ocrx_word' id='word_1_353' title='bbox 712 2703 971 2740; x_wconf 85' lang='lat' dir='ltr'>Constantius</span> <span class='ocrx_word' id='word_1_354' title='bbox 989 2703 1203 2739; x_wconf 83' lang='lat' dir='ltr'>Antiochia</span> <span class='ocrx_word' id='word_1_355' title='bbox 1230 2704 1436 2749; x_wconf 72' lang='lat' dir='ltr'>profectus</span> <span class='ocrx_word' id='word_1_356' title='bbox 1463 2705 1570 2745; x_wconf 87' lang='lat' dir='ltr'>(nam</span> <span class='ocrx_word' id='word_1_357' title='bbox 1596 2703 1649 2737; x_wconf 91' lang='lat' dir='ltr'><em>ibi</em></span> <span class='ocrx_word' id='word_1_358' title='bbox 1678 2704 1820 2738; x_wconf 83' lang='lat' dir='ltr'>eontra</span> 
     </span>
     <span class='ocr_line' id='line_1_40' title="bbox 323 2751 1818 2797; baseline -0.001 -12"><span class='ocrx_word' id='word_1_359' title='bbox 323 2751 469 2786; x_wconf 80' lang='lat' dir='ltr'>Persas</span> <span class='ocrx_word' id='word_1_360' title='bbox 491 2751 718 2797; x_wconf 83' lang='lat' dir='ltr'>pugnabat)</span> <span class='ocrx_word' id='word_1_361' title='bbox 744 2752 878 2788; x_wconf 83' lang='lat' dir='ltr'>adhue</span> <span class='ocrx_word' id='word_1_362' title='bbox 904 2753 1107 2788; x_wconf 88' lang='lat' dir='ltr'>viventem</span> <span class='ocrx_word' id='word_1_363' title='bbox 1134 2752 1366 2795; x_wconf 80' lang='lat' dir='ltr'>invenisset,</span> <span class='ocrx_word' id='word_1_364' title='bbox 1394 2751 1548 2786; x_wconf 84' lang='lat' dir='ltr'>funeris</span> <span class='ocrx_word' id='word_1_365' title='bbox 1574 2760 1713 2785; x_wconf 83' lang='lat' dir='ltr'>euram</span> <span class='ocrx_word' id='word_1_366' title='bbox 1739 2760 1818 2784; x_wconf 89' lang='lat' dir='ltr'><em>ma-</em></span> 
     </span>
     <span class='ocr_line' id='line_1_41' title="bbox 324 2798 1818 2845; baseline 0.001 -12"><span class='ocrx_word' id='word_1_367' title='bbox 324 2798 473 2844; x_wconf 78' lang='lat' dir='ltr'>gnifiee</span> <span class='ocrx_word' id='word_1_368' title='bbox 498 2799 623 2844; x_wconf 84' lang='lat' dir='ltr'>gessit</span> <span class='ocrx_word' id='word_1_369' title='bbox 648 2802 687 2835; x_wconf 86' lang='lat' dir='ltr'><em>et</em></span> <span class='ocrx_word' id='word_1_370' title='bbox 712 2800 753 2835; x_wconf 90' lang='lat' dir='ltr'><em>in</em></span> <span class='ocrx_word' id='word_1_371' title='bbox 780 2802 1012 2835; x_wconf 84' lang='lat' dir='ltr'>sanctorum</span> <span class='ocrx_word' id='word_1_372' title='bbox 1038 2799 1313 2845; x_wconf 85' lang='lat' dir='ltr'>apostolorum</span> <span class='ocrx_word' id='word_1_373' title='bbox 1335 2798 1448 2842; x_wconf 75' lang='lat' dir='ltr'>aede,</span> <span class='ocrx_word' id='word_1_374' title='bbox 1475 2800 1664 2845; x_wconf 85' lang='lat' dir='ltr'>separata</span> <span class='ocrx_word' id='word_1_375' title='bbox 1682 2801 1818 2834; x_wconf 78' lang='lat' dir='ltr'>tamen</span> 
     </span>
     <span class='ocr_line' id='line_1_42' title="bbox 325 2846 1075 2895; baseline 0.004 -13"><span class='ocrx_word' id='word_1_376' title='bbox 325 2846 486 2893; x_wconf 82' lang='lat' dir='ltr'>porticu</span> <span class='ocrx_word' id='word_1_377' title='bbox 512 2846 565 2883; x_wconf 84' lang='lat' dir='ltr'><em>ad</em></span> <span class='ocrx_word' id='word_1_378' title='bbox 590 2846 632 2883; x_wconf 90' lang='lat' dir='ltr'><em>id</em></span> <span class='ocrx_word' id='word_1_379' title='bbox 655 2847 880 2894; x_wconf 82' lang='lat' dir='ltr'>aedificata,</span> <span class='ocrx_word' id='word_1_380' title='bbox 908 2847 1075 2895; x_wconf 83' lang='lat' dir='ltr'>sepeliit.</span> 
     </span>
    </p>
   </div>
  </div>
 </body>
</html>
