<?xml version="1.0" encoding="UTF-8"?>
<!DOCTYPE html PUBLIC "-//W3C//DTD XHTML 1.0 Transitional//EN"
    "http://www.w3.org/TR/xhtml1/DTD/xhtml1-transitional.dtd">
<html xmlns="http://www.w3.org/1999/xhtml" xml:lang="en" lang="en">
 <head>
  <title>
</title>
<meta http-equiv="Content-Type" content="text/html;charset=utf-8" />
  <meta name='ocr-system' content='tesseract 3.04.00' />
  <meta name='ocr-capabilities' content='ocr_page ocr_carea ocr_par ocr_line ocrx_word'/>
</head>
<body>
  <div class='ocr_page' id='page_1' title='image "./corpusscriptorum31niebuoft/corpusscriptorum31niebuoft_0182.png"; bbox 0 0 2054 3282; ppageno 0'>
   <div class='ocr_carea' id='block_1_1' title="bbox 303 214 1401 259">
    <p class='ocr_par' dir='ltr' id='par_1_1' title="bbox 303 214 1401 259">
     <span class='ocr_line' id='line_1_1' title="bbox 303 214 1401 259; baseline -0.004 -5"><span class='ocrx_word' id='word_1_1' title='bbox 303 219 369 254; x_wconf 78' lang='lat' dir='ltr'><em>15ss</em></span> <span class='ocrx_word' id='word_1_2' title='bbox 705 217 886 255; x_wconf 79' lang='lat' dir='ltr'>ZONAR.</span> <span class='ocrx_word' id='word_1_3' title='bbox 913 216 1043 252; x_wconf 84' lang='lat' dir='ltr'>EPIT.</span> <span class='ocrx_word' id='word_1_4' title='bbox 1070 215 1162 252; x_wconf 85' lang='lat' dir='ltr'><em>X1V</em></span> <span class='ocrx_word' id='word_1_5' title='bbox 1188 217 1221 259; x_wconf 80' lang='grc'><em>6,</em></span> <span class='ocrx_word' id='word_1_6' title='bbox 1248 214 1401 250; x_wconf 75' lang='grc'>25-36.</span> 
     </span>
    </p>
   </div>
   <div class='ocr_carea' id='block_1_2' title="bbox 34 338 1862 1566">
    <p class='ocr_par' dir='ltr' id='par_1_2' title="bbox 96 338 1860 1220">
     <span class='ocr_line' id='line_1_2' title="bbox 300 338 1798 395; baseline -0.001 -13"><span class='ocrx_word' id='word_1_7' title='bbox 300 345 384 382; x_wconf 84' lang='grc' dir='ltr'><em>τῶν</em></span> <span class='ocrx_word' id='word_1_8' title='bbox 427 342 697 395; x_wconf 69' lang='grc' dir='ltr'><em>κρατούντων</em></span> <span class='ocrx_word' id='word_1_9' title='bbox 740 341 944 392; x_wconf 74' lang='grc' dir='ltr'><em>ἐξέθορον</em></span> <span class='ocrx_word' id='word_1_10' title='bbox 987 339 1165 392; x_wconf 77' lang='grc' dir='ltr'><em>ἔνοπλοι,</em></span> <span class='ocrx_word' id='word_1_11' title='bbox 1213 339 1297 379; x_wconf 79' lang='grc' dir='ltr'><em>κοίκ</em></span> <span class='ocrx_word' id='word_1_12' title='bbox 1344 343 1416 393; x_wconf 85' lang='grc' dir='ltr'><em>τῆς</em></span> <span class='ocrx_word' id='word_1_13' title='bbox 1461 338 1626 386; x_wconf 88' lang='grc' dir='ltr'><em>πόλεως</em></span> <span class='ocrx_word' id='word_1_14' title='bbox 1669 339 1798 394; x_wconf 77' lang='grc' dir='ltr'><em>ἕτεροι</em></span> 
     </span>
     <span class='ocr_line' id='line_1_3' title="bbox 96 406 1799 465; baseline -0.001 -14"><span class='ocrx_word' id='word_1_15' title='bbox 96 415 177 451; x_wconf 88' lang='lat' dir='ltr'><em>PII</em></span> <span class='ocrx_word' id='word_1_16' title='bbox 191 414 543 465; x_wconf 84' lang='grc' dir='ltr'><em>63Αστρατιῶται</em></span> <span class='ocrx_word' id='word_1_17' title='bbox 573 410 644 451; x_wconf 86' lang='grc' dir='ltr'><em>καὶ</em></span> <span class='ocrx_word' id='word_1_18' title='bbox 677 411 716 451; x_wconf 85' lang='grc' dir='ltr'><em>οἱ</em></span> <span class='ocrx_word' id='word_1_19' title='bbox 746 410 957 463; x_wconf 79' lang='grc' dir='ltr'><em>βάρβαροι</em></span> <span class='ocrx_word' id='word_1_20' title='bbox 995 408 1312 462; x_wconf 77' lang='grc' dir='ltr'><em>ἐπεισέφρησαν,</em></span> <span class='ocrx_word' id='word_1_21' title='bbox 1358 406 1429 448; x_wconf 86' lang='grc' dir='ltr'><em>καὶ</em></span> <span class='ocrx_word' id='word_1_22' title='bbox 1467 407 1516 448; x_wconf 88' lang='grc' dir='ltr'><em>τὰ</em></span> <span class='ocrx_word' id='word_1_23' title='bbox 1555 408 1698 463; x_wconf 86' lang='grc' dir='ltr'><em>πλήθη</em></span> <span class='ocrx_word' id='word_1_24' title='bbox 1737 409 1799 454; x_wconf 85' lang='grc' dir='ltr'><em>ὡς</em></span> 
     </span>
     <span class='ocr_line' id='line_1_4' title="bbox 299 476 1798 533; baseline -0.001 -13"><span class='ocrx_word' id='word_1_25' title='bbox 299 479 452 532; x_wconf 79' lang='grc' dir='ltr'><em>χόρτον</em></span> <span class='ocrx_word' id='word_1_26' title='bbox 482 480 580 520; x_wconf 80' lang='grc' dir='ltr'><em>ἄνευ</em></span> <span class='ocrx_word' id='word_1_27' title='bbox 610 479 782 533; x_wconf 80' lang='grc' dir='ltr'><em>φειδοῦς</em></span> <span class='ocrx_word' id='word_1_28' title='bbox 811 478 1059 530; x_wconf 82' lang='grc' dir='ltr'><em>ἐξεθέριζον,</em></span> <span class='ocrx_word' id='word_1_29' title='bbox 1092 477 1173 531; x_wconf 78' lang='grc' dir='ltr'><em>ἤδη</em></span> <span class='ocrx_word' id='word_1_30' title='bbox 1207 476 1278 518; x_wconf 86' lang='grc' dir='ltr'><em>καὶ</em></span> <span class='ocrx_word' id='word_1_31' title='bbox 1308 476 1417 530; x_wconf 86' lang='grc' dir='ltr'><em>πρὸς</em></span> <span class='ocrx_word' id='word_1_32' title='bbox 1447 476 1602 531; x_wconf 81' lang='grc' dir='ltr'><em>ἄλληλα</em></span> <span class='ocrx_word' id='word_1_33' title='bbox 1634 477 1798 518; x_wconf 87' lang='grc' dir='ltr'><em>στασιά-</em></span> 
     </span>
     <span class='ocr_line' id='line_1_5' title="bbox 240 545 1801 601; baseline -0.002 -12"><span class='ocrx_word' id='word_1_34' title='bbox 240 554 286 589; x_wconf 78' lang='lat'><em>‘26</em></span> <span class='ocrx_word' id='word_1_35' title='bbox 301 559 446 589; x_wconf 81' lang='grc' dir='ltr'><em>σαντα·</em></span> <span class='ocrx_word' id='word_1_36' title='bbox 490 546 641 601; x_wconf 86' lang='grc' dir='ltr'><em>μεστὸν</em></span> <span class='ocrx_word' id='word_1_37' title='bbox 679 547 758 600; x_wconf 85' lang='grc' dir='ltr'><em>γὰρ</em></span> <span class='ocrx_word' id='word_1_38' title='bbox 796 546 848 600; x_wconf 77' lang='grc' dir='ltr'><em>ἦν</em></span> <span class='ocrx_word' id='word_1_39' title='bbox 885 546 1134 599; x_wconf 82' lang='grc' dir='ltr'><em>ἀνθρώπων</em></span> <span class='ocrx_word' id='word_1_40' title='bbox 1165 545 1211 587; x_wconf 87' lang='grc' dir='ltr'><em>τὸ</em></span> <span class='ocrx_word' id='word_1_41' title='bbox 1243 546 1437 600; x_wconf 89' lang='grc' dir='ltr'><em>θέατρον,</em></span> <span class='ocrx_word' id='word_1_42' title='bbox 1481 549 1566 587; x_wconf 87' lang='grc' dir='ltr'><em>τῶν</em></span> <span class='ocrx_word' id='word_1_43' title='bbox 1607 545 1686 600; x_wconf 82' lang='grc' dir='ltr'><em>μὲν</em></span> <span class='ocrx_word' id='word_1_44' title='bbox 1728 550 1801 600; x_wconf 87' lang='grc' dir='ltr'><em>τῆς</em></span> 
     </span>
     <span class='ocr_line' id='line_1_6' title="bbox 299 614 1836 669; baseline -0.002 -11"><span class='ocrx_word' id='word_1_45' title='bbox 299 620 384 658; x_wconf 84' lang='grc' dir='ltr'><em>τῶν</em></span> <span class='ocrx_word' id='word_1_46' title='bbox 410 615 714 664; x_wconf 83' lang='grc' dir='ltr'><em>στασιαζόντων</em></span> <span class='ocrx_word' id='word_1_47' title='bbox 734 615 900 669; x_wconf 85' lang='grc' dir='ltr'><em>μοίρας,</em></span> <span class='ocrx_word' id='word_1_48' title='bbox 933 618 1018 655; x_wconf 81' lang='grc' dir='ltr'><em>τῶν</em></span> <span class='ocrx_word' id='word_1_49' title='bbox 1051 615 1098 656; x_wconf 88' lang='grc' dir='ltr'><em>δέ</em></span> <span class='ocrx_word' id='word_1_50' title='bbox 1129 630 1173 668; x_wconf 92' lang='grc' dir='ltr'><em>γε</em></span> <span class='ocrx_word' id='word_1_51' title='bbox 1204 614 1409 656; x_wconf 84' lang='grc' dir='ltr'><em>πλειόνων</em></span> <span class='ocrx_word' id='word_1_52' title='bbox 1440 614 1546 656; x_wconf 84' lang='grc' dir='ltr'><em>κατὰ</em></span> <span class='ocrx_word' id='word_1_53' title='bbox 1578 615 1684 657; x_wconf 90' lang='grc' dir='ltr'><em>θέαν</em></span> <span class='ocrx_word' id='word_1_54' title='bbox 1714 617 1836 656; x_wconf 76' lang='grc' dir='ltr'><em>τῶνὸ</em></span> 
     </span>
     <span class='ocr_line' id='line_1_7' title="bbox 301 682 1799 739; baseline -0.001 -13"><span class='ocrx_word' id='word_1_55' title='bbox 301 686 532 739; x_wconf 85' lang='grc' dir='ltr'><em>γινομένων</em></span> <span class='ocrx_word' id='word_1_56' title='bbox 580 684 651 725; x_wconf 85' lang='grc' dir='ltr'><em>καὶ</em></span> <span class='ocrx_word' id='word_1_57' title='bbox 698 688 771 738; x_wconf 84' lang='grc' dir='ltr'><em>τῆς</em></span> <span class='ocrx_word' id='word_1_58' title='bbox 813 687 886 724; x_wconf 83' lang='grc' dir='ltr'><em>τοῦ</em></span> <span class='ocrx_word' id='word_1_59' title='bbox 926 682 1124 724; x_wconf 46' lang='grc' dir='ltr'><em>Ἱγπατίοι)</em></span> <span class='ocrx_word' id='word_1_60' title='bbox 1169 683 1445 738; x_wconf 83' lang='grc' dir='ltr'><em>ἀναρρήσεως</em></span> <span class='ocrx_word' id='word_1_61' title='bbox 1488 684 1799 738; x_wconf 84' lang='grc' dir='ltr'><em>ἠθροισμένων.</em></span> 
     </span>
     <span class='ocr_line' id='line_1_8' title="bbox 241 751 1800 808; baseline -0.001 -13"><span class='ocrx_word' id='word_1_62' title='bbox 241 760 286 795; x_wconf 77' lang='lat'><em>27</em></span> <span class='ocrx_word' id='word_1_63' title='bbox 299 753 371 795; x_wconf 86' lang='grc' dir='ltr'><em>τὸν</em></span> <span class='ocrx_word' id='word_1_64' title='bbox 403 754 448 795; x_wconf 87' lang='grc' dir='ltr'><em>δὲ</em></span> <span class='ocrx_word' id='word_1_65' title='bbox 465 753 660 794; x_wconf 64' lang='grc' dir='ltr'><em>“Ῡπάτιον</em></span> <span class='ocrx_word' id='word_1_66' title='bbox 692 752 964 807; x_wconf 77' lang='grc' dir='ltr'><em>συλλαβόντες</em></span> <span class='ocrx_word' id='word_1_67' title='bbox 995 752 1065 793; x_wconf 84' lang='grc' dir='ltr'><em>καὶ</em></span> <span class='ocrx_word' id='word_1_68' title='bbox 1095 751 1321 808; x_wconf 83' lang='grc' dir='ltr'><em>Πομπήιον</em></span> <span class='ocrx_word' id='word_1_69' title='bbox 1351 752 1423 795; x_wconf 88' lang='grc' dir='ltr'><em>τὸν</em></span> <span class='ocrx_word' id='word_1_70' title='bbox 1454 752 1640 807; x_wconf 78' lang='grc' dir='ltr'><em>ἀδελφὸν</em></span> <span class='ocrx_word' id='word_1_71' title='bbox 1671 753 1800 794; x_wconf 83' lang='grc' dir='ltr'><em>αὐτοῦ</em></span> 
     </span>
     <span class='ocr_line' id='line_1_9' title="bbox 300 821 1800 877; baseline 0 -14"><span class='ocrx_word' id='word_1_72' title='bbox 300 827 361 876; x_wconf 72' lang='grc' dir='ltr'><em>τῷ</em></span> <span class='ocrx_word' id='word_1_73' title='bbox 397 822 559 876; x_wconf 83' lang='grc' dir='ltr'><em>βασιλεῖ</em></span> <span class='ocrx_word' id='word_1_74' title='bbox 591 823 874 876; x_wconf 82' lang='grc' dir='ltr'><em>προσήγαγον,</em></span> <span class='ocrx_word' id='word_1_75' title='bbox 920 823 964 863; x_wconf 86' lang='grc' dir='ltr'><em>οἳ</em></span> <span class='ocrx_word' id='word_1_76' title='bbox 989 821 1061 862; x_wconf 82' lang='grc' dir='ltr'><em>καὶ</em></span> <span class='ocrx_word' id='word_1_77' title='bbox 1092 822 1363 877; x_wconf 71' lang='grc' dir='ltr'><em>ἀνῃρέθησαν</em></span> <span class='ocrx_word' id='word_1_78' title='bbox 1394 822 1465 864; x_wconf 85' lang='grc' dir='ltr'><em>καὶ</em></span> <span class='ocrx_word' id='word_1_79' title='bbox 1496 823 1540 863; x_wconf 82' lang='grc' dir='ltr'><em>αἱ</em></span> <span class='ocrx_word' id='word_1_80' title='bbox 1569 821 1800 876; x_wconf 86' lang='grc' dir='ltr'><em>περιουσίαι</em></span> 
     </span>
     <span class='ocr_line' id='line_1_10' title="bbox 241 890 1798 946; baseline 0 -14"><span class='ocrx_word' id='word_1_81' title='bbox 241 898 287 932; x_wconf 72' lang='lat'><em>28</em></span> <span class='ocrx_word' id='word_1_82' title='bbox 301 891 441 932; x_wconf 78' lang='grc' dir='ltr'><em>αὐτῶν</em></span> <span class='ocrx_word' id='word_1_83' title='bbox 480 891 789 945; x_wconf 74' lang='grc' dir='ltr'><em>ἐδημεύθησαν.</em></span> <span class='ocrx_word' id='word_1_84' title='bbox 851 894 936 931; x_wconf 84' lang='grc' dir='ltr'><em>τῶν</em></span> <span class='ocrx_word' id='word_1_85' title='bbox 969 890 1007 932; x_wconf 81' lang='grc' dir='ltr'><em>δ’</em></span> <span class='ocrx_word' id='word_1_86' title='bbox 1040 891 1087 932; x_wconf 85' lang='grc' dir='ltr'><em>ἐκ</em></span> <span class='ocrx_word' id='word_1_87' title='bbox 1125 895 1198 933; x_wconf 86' lang='grc' dir='ltr'><em>τοῦ</em></span> <span class='ocrx_word' id='word_1_88' title='bbox 1232 891 1372 946; x_wconf 86' lang='grc' dir='ltr'><em>δήμου</em></span> <span class='ocrx_word' id='word_1_89' title='bbox 1405 891 1713 945; x_wconf 66' lang='grc' dir='ltr'><em>(ἔναιρε-θέντων</em></span> <span class='ocrx_word' id='word_1_90' title='bbox 1743 891 1798 932; x_wconf 85' lang='grc' dir='ltr'><em>εἶ-</em></span> 
     </span>
     <span class='ocr_line' id='line_1_11' title="bbox 241 958 1860 1015; baseline -0.001 -15"><span class='ocrx_word' id='word_1_91' title='bbox 241 966 286 1001; x_wconf 71' lang='lat'><em>99</em></span> <span class='ocrx_word' id='word_1_92' title='bbox 300 959 441 1013; x_wconf 88' lang='grc' dir='ltr'><em>κάσθη</em></span> <span class='ocrx_word' id='word_1_93' title='bbox 474 958 575 1000; x_wconf 84' lang='grc' dir='ltr'><em>εἶναι</em></span> <span class='ocrx_word' id='word_1_94' title='bbox 606 959 630 1000; x_wconf 85' lang='grc' dir='ltr'>ὁ</span> <span class='ocrx_word' id='word_1_95' title='bbox 662 959 847 1014; x_wconf 82' lang='grc' dir='ltr'><em>ἀριθμὸς</em></span> <span class='ocrx_word' id='word_1_96' title='bbox 879 960 979 1001; x_wconf 80' lang='grc' dir='ltr'><em>ὡσεὶ</em></span> <span class='ocrx_word' id='word_1_97' title='bbox 1009 961 1317 1014; x_wconf 88' lang='grc' dir='ltr'><em>τεσσαράκοντα</em></span> <span class='ocrx_word' id='word_1_98' title='bbox 1347 961 1538 1015; x_wconf 80' lang='grc' dir='ltr'><em>χιλιάδες.</em></span> <span class='ocrx_word' id='word_1_99' title='bbox 1601 959 1695 1015; x_wconf 78' lang='grc' dir='ltr'><em>οὐχὶ</em></span> <span class='ocrx_word' id='word_1_100' title='bbox 1715 963 1800 1001; x_wconf 84' lang='grc' dir='ltr'><em>τῶν</em></span> <span class='ocrx_word' id='word_1_101' title='bbox 1815 963 1860 998; x_wconf 93' lang='grc'><em>10</em></span> 
     </span>
     <span class='ocr_line' id='line_1_12' title="bbox 300 1028 1799 1084; baseline 0.001 -15"><span class='ocrx_word' id='word_1_102' title='bbox 300 1029 533 1083; x_wconf 80' lang='grc' dir='ltr'><em>εἰρημένων</em></span> <span class='ocrx_word' id='word_1_103' title='bbox 571 1028 616 1070; x_wconf 83' lang='grc' dir='ltr'><em>δὲ</em></span> <span class='ocrx_word' id='word_1_104' title='bbox 657 1029 734 1070; x_wconf 83' lang='grc' dir='ltr'><em>δύο</em></span> <span class='ocrx_word' id='word_1_105' title='bbox 772 1029 943 1083; x_wconf 82' lang='grc' dir='ltr'><em>ἀνδρῶν</em></span> <span class='ocrx_word' id='word_1_106' title='bbox 974 1030 1122 1084; x_wconf 89' lang='grc' dir='ltr'><em>μόνων</em></span> <span class='ocrx_word' id='word_1_107' title='bbox 1153 1029 1452 1084; x_wconf 75' lang='grc' dir='ltr'><em>ἐδημεύθησαν</em></span> <span class='ocrx_word' id='word_1_108' title='bbox 1483 1030 1526 1070; x_wconf 87' lang='grc' dir='ltr'><em>αἱ</em></span> <span class='ocrx_word' id='word_1_109' title='bbox 1556 1029 1799 1083; x_wconf 85' lang='grc' dir='ltr'><em>περιουσίαι,</em></span> 
     </span>
     <span class='ocr_line' id='line_1_13' title="bbox 301 1096 1802 1154; baseline 0.001 -17"><span class='ocrx_word' id='word_1_110' title='bbox 301 1096 403 1138; x_wconf 80' lang='grc' dir='ltr'><em>ἀλλὰ</em></span> <span class='ocrx_word' id='word_1_111' title='bbox 435 1097 506 1138; x_wconf 79' lang='grc' dir='ltr'><em>καὶ</em></span> <span class='ocrx_word' id='word_1_112' title='bbox 537 1098 692 1151; x_wconf 84' lang='grc' dir='ltr'><em>ἑτέρων</em></span> <span class='ocrx_word' id='word_1_113' title='bbox 722 1098 927 1140; x_wconf 86' lang='grc' dir='ltr'><em>πλειόνων</em></span> <span class='ocrx_word' id='word_1_114' title='bbox 959 1099 1262 1154; x_wconf 84' lang='grc' dir='ltr'><em>συγκλητικῶν·</em></span> <span class='ocrx_word' id='word_1_115' title='bbox 1295 1099 1479 1140; x_wconf 86' lang='grc' dir='ltr'><em>κάκεῖνοι</em></span> <span class='ocrx_word' id='word_1_116' title='bbox 1502 1098 1547 1140; x_wconf 81' lang='grc' dir='ltr'><em>δὲ</em></span> <span class='ocrx_word' id='word_1_117' title='bbox 1567 1098 1802 1144; x_wconf 84' lang='grc' dir='ltr'><em>πολυειδῶς</em></span> 
     </span>
     <span class='ocr_line' id='line_1_14' title="bbox 300 1165 605 1220; baseline 0.003 -14"><span class='ocrx_word' id='word_1_118' title='bbox 300 1165 605 1220; x_wconf 88' lang='grc' dir='ltr'><em>ἐκολάσθησαν.</em></span> 
     </span>
    </p>

    <p class='ocr_par' dir='ltr' id='par_1_3' title="bbox 182 1234 1862 1429">
     <span class='ocr_line' id='line_1_15' title="bbox 182 1234 1801 1292; baseline 0.001 -16"><span class='ocrx_word' id='word_1_119' title='bbox 182 1241 214 1276; x_wconf 94' lang='grc' dir='ltr'>Β</span> <span class='ocrx_word' id='word_1_120' title='bbox 239 1241 287 1276; x_wconf 83' lang='grc'><em>30</em></span> <span class='ocrx_word' id='word_1_121' title='bbox 413 1234 486 1276; x_wconf 82' lang='grc' dir='ltr'><em>Ἐν</em></span> <span class='ocrx_word' id='word_1_122' title='bbox 518 1235 564 1277; x_wconf 85' lang='grc' dir='ltr'><em>δὲ</em></span> <span class='ocrx_word' id='word_1_123' title='bbox 594 1240 644 1291; x_wconf 86' lang='grc' dir='ltr'><em>τῇ</em></span> <span class='ocrx_word' id='word_1_124' title='bbox 676 1237 811 1278; x_wconf 88' lang='grc' dir='ltr'><em>στάσει</em></span> <span class='ocrx_word' id='word_1_125' title='bbox 841 1237 983 1292; x_wconf 83' lang='grc' dir='ltr'><em>ταύτῃ,</em></span> <span class='ocrx_word' id='word_1_126' title='bbox 1029 1237 1090 1283; x_wconf 79' lang='grc' dir='ltr'><em>ὡς</em></span> <span class='ocrx_word' id='word_1_127' title='bbox 1123 1238 1290 1292; x_wconf 84' lang='grc' dir='ltr'><em>εἴρηται,</em></span> <span class='ocrx_word' id='word_1_128' title='bbox 1335 1241 1407 1291; x_wconf 85' lang='grc' dir='ltr'><em>τῆς</em></span> <span class='ocrx_word' id='word_1_129' title='bbox 1436 1237 1621 1291; x_wconf 87' lang='grc' dir='ltr'><em>μεγάλης</em></span> <span class='ocrx_word' id='word_1_130' title='bbox 1652 1236 1801 1291; x_wconf 83' lang='grc' dir='ltr'><em>ἐκκλη-</em></span> 
     </span>
     <span class='ocr_line' id='line_1_16' title="bbox 301 1303 1862 1360; baseline 0.002 -16"><span class='ocrx_word' id='word_1_131' title='bbox 301 1303 391 1349; x_wconf 86' lang='grc' dir='ltr'><em>σίας</em></span> <span class='ocrx_word' id='word_1_132' title='bbox 421 1304 662 1359; x_wconf 83' lang='grc' dir='ltr'><em>καυθείσης,</em></span> <span class='ocrx_word' id='word_1_133' title='bbox 695 1304 745 1360; x_wconf 80' lang='grc' dir='ltr'><em>ἧς</em></span> <span class='ocrx_word' id='word_1_134' title='bbox 777 1306 979 1360; x_wconf 86' lang='grc' dir='ltr'><em>δομήτωρ</em></span> <span class='ocrx_word' id='word_1_135' title='bbox 1011 1306 1063 1360; x_wconf 81' lang='grc' dir='ltr'><em>ἧν</em></span> <span class='ocrx_word' id='word_1_136' title='bbox 1094 1306 1118 1347; x_wconf 84' lang='grc' dir='ltr'>ὁ</span> <span class='ocrx_word' id='word_1_137' title='bbox 1147 1306 1451 1359; x_wconf 87' lang='grc' dir='ltr'><em>Κωνστάντιος,</em></span> <span class='ocrx_word' id='word_1_138' title='bbox 1484 1306 1627 1360; x_wconf 84' lang='grc' dir='ltr'><em>ἑτέραν</em></span> <span class='ocrx_word' id='word_1_139' title='bbox 1657 1305 1803 1359; x_wconf 76' lang='grc' dir='ltr'><em>πολλῷ</em></span> <span class='ocrx_word' id='word_1_140' title='bbox 1817 1306 1862 1342; x_wconf 83' lang='grc'><em>15</em></span> 
     </span>
     <span class='ocr_line' id='line_1_17' title="bbox 300 1372 1801 1429; baseline 0.001 -16"><span class='ocrx_word' id='word_1_141' title='bbox 300 1372 432 1425; x_wconf 77' lang='grc' dir='ltr'><em>μείζω</em></span> <span class='ocrx_word' id='word_1_142' title='bbox 476 1372 547 1414; x_wconf 90' lang='grc' dir='ltr'><em>καὶ</em></span> <span class='ocrx_word' id='word_1_143' title='bbox 583 1375 936 1428; x_wconf 80' lang='grc' dir='ltr'><em>περιῳανεστέραν</em></span> <span class='ocrx_word' id='word_1_144' title='bbox 974 1375 998 1416; x_wconf 85' lang='grc' dir='ltr'>ὁ</span> <span class='ocrx_word' id='word_1_145' title='bbox 1034 1375 1225 1429; x_wconf 85' lang='grc' dir='ltr'><em>βασιλεὺς</em></span> <span class='ocrx_word' id='word_1_146' title='bbox 1259 1374 1541 1420; x_wconf 82' lang='grc' dir='ltr'><em>Ἰουστινιανὸς</em></span> <span class='ocrx_word' id='word_1_147' title='bbox 1585 1374 1801 1429; x_wconf 83' lang='grc' dir='ltr'><em>ἀπήρξατο</em></span> 
     </span>
    </p>

    <p class='ocr_par' dir='ltr' id='par_1_4' title="bbox 34 1435 1801 1566">
     <span class='ocr_line' id='line_1_18' title="bbox 34 1435 1801 1512; baseline 0.002 -31"><span class='ocrx_word' id='word_1_148' title='bbox 34 1441 287 1512; x_wconf 39' lang='grc' dir='ltr'><em>8·63ξῑ(ὲξιῙΙ-ῘΙῙ·532</em></span> <span class='ocrx_word' id='word_1_149' title='bbox 301 1446 574 1495; x_wconf 73' lang='grc' dir='ltr'><em>καινουργεῖν,</em></span> <span class='ocrx_word' id='word_1_150' title='bbox 606 1447 678 1497; x_wconf 82' lang='grc' dir='ltr'><em>τῆς</em></span> <span class='ocrx_word' id='word_1_151' title='bbox 710 1444 941 1497; x_wconf 84' lang='grc' dir='ltr'><em>οἰκοδομῆς</em></span> <span class='ocrx_word' id='word_1_152' title='bbox 973 1445 1100 1498; x_wconf 77' lang='grc' dir='ltr'><em>αὐτῆς</em></span> <span class='ocrx_word' id='word_1_153' title='bbox 1132 1443 1360 1498; x_wconf 80' lang='grc' dir='ltr'><em>ἀρχθείσης</em></span> <span class='ocrx_word' id='word_1_154' title='bbox 1390 1442 1496 1484; x_wconf 84' lang='grc' dir='ltr'><em>κατὰ</em></span> <span class='ocrx_word' id='word_1_155' title='bbox 1528 1442 1574 1484; x_wconf 85' lang='grc' dir='ltr'><em>τὸ</em></span> <span class='ocrx_word' id='word_1_156' title='bbox 1596 1435 1676 1497; x_wconf 55' lang='lat' dir='ltr'><em>,qd</em></span> <span class='ocrx_word' id='word_1_157' title='bbox 1699 1443 1801 1489; x_wconf 80' lang='grc' dir='ltr'><em>ἔτος,</em></span> 
     </span>
     <span class='ocr_line' id='line_1_19' title="bbox 302 1510 1800 1566; baseline 0.001 -16"><span class='ocrx_word' id='word_1_158' title='bbox 302 1510 557 1556; x_wconf 77' lang='grc' dir='ltr'><em>ἶνδικτιῶνος</em></span> <span class='ocrx_word' id='word_1_159' title='bbox 592 1512 961 1566; x_wconf 81' lang='grc' dir='ltr'><em>πεντεκαιδεκάτης</em></span> <span class='ocrx_word' id='word_1_160' title='bbox 999 1513 1262 1566; x_wconf 77' lang='grc' dir='ltr'><em>ἐνισταμένης</em></span> <span class='ocrx_word' id='word_1_161' title='bbox 1297 1512 1340 1554; x_wconf 83' lang='grc' dir='ltr'><em>ἐν</em></span> <span class='ocrx_word' id='word_1_162' title='bbox 1377 1512 1657 1566; x_wconf 82' lang='grc' dir='ltr'><em>Φευρουαρίῳ</em></span> <span class='ocrx_word' id='word_1_163' title='bbox 1687 1511 1800 1566; x_wconf 88' lang='grc' dir='ltr'><em>μηνί.</em></span> 
     </span>
    </p>
   </div>
   <div class='ocr_carea' id='block_1_3' title="bbox 301 1675 1802 1772">
    <p class='ocr_par' dir='ltr' id='par_1_5' title="bbox 301 1675 1802 1772">
     <span class='ocr_line' id='line_1_20' title="bbox 303 1675 1802 1724; baseline 0.001 -13"><span class='ocrx_word' id='word_1_164' title='bbox 303 1675 323 1711; x_wconf 82' lang='grc'>4</span> <span class='ocrx_word' id='word_1_165' title='bbox 348 1675 428 1722; x_wconf 82' lang='grc' dir='ltr'><em>περὶ</em></span> <span class='ocrx_word' id='word_1_166' title='bbox 454 1681 525 1712; x_wconf 84' lang='grc' dir='ltr'><em>τῶν</em></span> <span class='ocrx_word' id='word_1_167' title='bbox 550 1677 809 1723; x_wconf 83' lang='grc' dir='ltr'><em>ἀναιρεθέντων</em></span> <span class='ocrx_word' id='word_1_168' title='bbox 834 1678 875 1713; x_wconf 86' lang='grc' dir='ltr'><em>ἐκ</em></span> <span class='ocrx_word' id='word_1_169' title='bbox 901 1684 962 1714; x_wconf 87' lang='grc' dir='ltr'><em>τοῦ</em></span> <span class='ocrx_word' id='word_1_170' title='bbox 988 1678 1105 1724; x_wconf 85' lang='grc' dir='ltr'><em>δήμου</em></span> <span class='ocrx_word' id='word_1_171' title='bbox 1131 1679 1167 1713; x_wconf 81' lang='grc' dir='ltr'><em>ἐν</em></span> <span class='ocrx_word' id='word_1_172' title='bbox 1193 1684 1242 1724; x_wconf 82' lang='grc' dir='ltr'><em>τῷ</em></span> <span class='ocrx_word' id='word_1_173' title='bbox 1272 1678 1415 1723; x_wconf 81' lang='grc' dir='ltr'><em>θεάτρῳ</em></span> <span class='ocrx_word' id='word_1_174' title='bbox 1442 1678 1471 1714; x_wconf 85' lang='lat' dir='ltr'>C</span> <span class='ocrx_word' id='word_1_175' title='bbox 1571 1677 1615 1713; x_wconf 76' lang='lat'><em>14</em></span> <span class='ocrx_word' id='word_1_176' title='bbox 1639 1677 1717 1723; x_wconf 81' lang='grc' dir='ltr'><em>περὶ</em></span> <span class='ocrx_word' id='word_1_177' title='bbox 1743 1682 1802 1723; x_wconf 88' lang='grc' dir='ltr'><em>τῆς</em></span> 
     </span>
     <span class='ocr_line' id='line_1_21' title="bbox 301 1724 1487 1772; baseline 0.002 -13"><span class='ocrx_word' id='word_1_178' title='bbox 301 1724 539 1770; x_wconf 84' lang='grc' dir='ltr'><em>ἀνοικοδομῆς</em></span> <span class='ocrx_word' id='word_1_179' title='bbox 566 1726 807 1772; x_wconf 85' lang='grc' dir='ltr'><em>(ἀνακοδομῆς</em></span> <span class='ocrx_word' id='word_1_180' title='bbox 833 1726 879 1769; x_wconf 83' lang='grc' dir='ltr'><em>Ε)</em></span> <span class='ocrx_word' id='word_1_181' title='bbox 908 1732 968 1772; x_wconf 86' lang='grc' dir='ltr'><em>τῆς</em></span> <span class='ocrx_word' id='word_1_182' title='bbox 992 1727 1146 1772; x_wconf 84' lang='grc' dir='ltr'><em>μεγάλης</em></span> <span class='ocrx_word' id='word_1_183' title='bbox 1171 1727 1360 1772; x_wconf 81' lang='grc' dir='ltr'><em>ἐκκλησίας</em></span> <span class='ocrx_word' id='word_1_184' title='bbox 1386 1725 1487 1762; x_wconf 82' lang='grc' dir='ltr'><em>ΑΟΕ</em></span> 
     </span>
    </p>
   </div>
   <div class='ocr_carea' id='block_1_4' title="bbox 375 1881 1804 2168">
    <p class='ocr_par' dir='ltr' id='par_1_6' title="bbox 375 1881 1804 2120">
     <span class='ocr_line' id='line_1_22' title="bbox 377 1881 1802 1928; baseline 0 -12"><span class='ocrx_word' id='word_1_185' title='bbox 377 1882 394 1916; x_wconf 92' lang='grc'><strong>1</strong></span> <span class='ocrx_word' id='word_1_186' title='bbox 423 1886 494 1916; x_wconf 85' lang='grc' dir='ltr'><em>τῶν</em></span> <span class='ocrx_word' id='word_1_187' title='bbox 519 1882 743 1926; x_wconf 83' lang='grc' dir='ltr'><em>κρατούντων</em></span> <span class='ocrx_word' id='word_1_188' title='bbox 769 1893 844 1918; x_wconf 90' lang='lat' dir='ltr'><em>om.</em></span> <span class='ocrx_word' id='word_1_189' title='bbox 872 1883 973 1928; x_wconf 86' lang='lat' dir='ltr'>pr</span> <span class='ocrx_word' id='word_1_190' title='bbox 1088 1883 1110 1918; x_wconf 87' lang='lat'>3</span> <span class='ocrx_word' id='word_1_191' title='bbox 1138 1886 1229 1928; x_wconf 80' lang='lat' dir='ltr'>post</span> <span class='ocrx_word' id='word_1_192' title='bbox 1254 1883 1322 1927; x_wconf 81' lang='grc' dir='ltr'><em>ἤδη</em></span> <span class='ocrx_word' id='word_1_193' title='bbox 1351 1882 1444 1917; x_wconf 88' lang='lat' dir='ltr'>add.</span> <span class='ocrx_word' id='word_1_194' title='bbox 1470 1881 1510 1917; x_wconf 85' lang='grc' dir='ltr'><em>δὲ</em></span> <span class='ocrx_word' id='word_1_195' title='bbox 1536 1882 1570 1916; x_wconf 96' lang='lat' dir='ltr'>D</span> <span class='ocrx_word' id='word_1_196' title='bbox 1684 1882 1707 1916; x_wconf 83' lang='lat'>4</span> <span class='ocrx_word' id='word_1_197' title='bbox 1733 1886 1802 1916; x_wconf 80' lang='grc' dir='ltr'><em>τῶν</em></span> 
     </span>
     <span class='ocr_line' id='line_1_23' title="bbox 375 1928 1803 1976; baseline 0 -12"><span class='ocrx_word' id='word_1_198' title='bbox 375 1928 456 1973; x_wconf 89' lang='lat' dir='ltr'><em>AR,</em></span> <span class='ocrx_word' id='word_1_199' title='bbox 483 1929 521 1964; x_wconf 86' lang='grc' dir='ltr'><em>τὸ</em></span> <span class='ocrx_word' id='word_1_200' title='bbox 546 1929 648 1976; x_wconf 90' lang='lat' dir='ltr'>pr</span> <span class='ocrx_word' id='word_1_201' title='bbox 792 1930 814 1966; x_wconf 87' lang='grc'><strong>9</strong></span> <span class='ocrx_word' id='word_1_202' title='bbox 840 1930 913 1975; x_wconf 74' lang='grc' dir='ltr'><em>τοῦ]</em></span> <span class='ocrx_word' id='word_1_203' title='bbox 939 1935 1009 1965; x_wconf 88' lang='grc' dir='ltr'><em>τῶν</em></span> <span class='ocrx_word' id='word_1_204' title='bbox 1036 1930 1072 1965; x_wconf 94' lang='lat' dir='ltr'>D</span> <span class='ocrx_word' id='word_1_205' title='bbox 1208 1930 1253 1965; x_wconf 85' lang='lat'><em>10</em></span> <span class='ocrx_word' id='word_1_206' title='bbox 1277 1930 1438 1975; x_wconf 86' lang='grc' dir='ltr'><em>χιλιάδας</em></span> <span class='ocrx_word' id='word_1_207' title='bbox 1464 1929 1500 1964; x_wconf 94' lang='lat' dir='ltr'>D</span> <span class='ocrx_word' id='word_1_208' title='bbox 1625 1930 1664 1964; x_wconf 87' lang='lat' dir='ltr'><em>ll</em></span> <span class='ocrx_word' id='word_1_209' title='bbox 1693 1931 1803 1974; x_wconf 87' lang='grc' dir='ltr'><em>μόνον</em></span> 
     </span>
     <span class='ocr_line' id='line_1_24' title="bbox 376 1976 1803 2023; baseline 0 -11"><span class='ocrx_word' id='word_1_210' title='bbox 376 1976 543 2023; x_wconf 79' lang='lat' dir='ltr'>prDz&#39;,</span> <span class='ocrx_word' id='word_1_211' title='bbox 572 1989 607 2013; x_wconf 85' lang='lat' dir='ltr'><em>v.</em></span> <span class='ocrx_word' id='word_1_212' title='bbox 636 1977 688 2013; x_wconf 84' lang='lat' dir='ltr'><em>ad</em></span> <span class='ocrx_word' id='word_1_213' title='bbox 715 1978 807 2014; x_wconf 91' lang='lat' dir='ltr'><em>XIV</em></span> <span class='ocrx_word' id='word_1_214' title='bbox 833 1979 864 2022; x_wconf 84' lang='lat'><em>6,</em></span> <span class='ocrx_word' id='word_1_215' title='bbox 891 1979 935 2014; x_wconf 87' lang='lat'><em>31</em></span> <span class='ocrx_word' id='word_1_216' title='bbox 1058 1978 1173 2013; x_wconf 84' lang='grc' dir='ltr'><em>οὐσίαι</em></span> <span class='ocrx_word' id='word_1_217' title='bbox 1201 1976 1362 2023; x_wconf 82' lang='lat' dir='ltr'><strong>prDz‘</strong></span> <span class='ocrx_word' id='word_1_218' title='bbox 1389 1978 1513 2023; x_wconf 89' lang='lat' dir='ltr'>(quod</span> <span class='ocrx_word' id='word_1_219' title='bbox 1541 1976 1597 2013; x_wconf 81' lang='lat' dir='ltr'>Di</span> <span class='ocrx_word' id='word_1_220' title='bbox 1623 1978 1710 2023; x_wconf 89' lang='lat' dir='ltr'>ipse</span> <span class='ocrx_word' id='word_1_221' title='bbox 1736 1978 1803 2012; x_wconf 90' lang='lat' dir='ltr'><em>im-</em></span> 
     </span>
     <span class='ocr_line' id='line_1_25' title="bbox 376 2025 1804 2071; baseline 0.001 -11"><span class='ocrx_word' id='word_1_222' title='bbox 376 2026 523 2070; x_wconf 85' lang='lat' dir='ltr'>probat</span> <span class='ocrx_word' id='word_1_223' title='bbox 541 2026 618 2061; x_wconf 91' lang='lat' dir='ltr'>vol.</span> <span class='ocrx_word' id='word_1_224' title='bbox 633 2026 667 2061; x_wconf 92' lang='lat' dir='ltr'><strong>V</strong></span> <span class='ocrx_word' id='word_1_225' title='bbox 686 2037 722 2071; x_wconf 84' lang='lat' dir='ltr'><em>p.</em></span> <span class='ocrx_word' id='word_1_226' title='bbox 740 2026 811 2069; x_wconf 89' lang='grc'>86),</span> <span class='ocrx_word' id='word_1_227' title='bbox 831 2037 868 2061; x_wconf 83' lang='grc' dir='ltr'><em>ν.</em></span> <span class='ocrx_word' id='word_1_228' title='bbox 883 2026 974 2061; x_wconf 93' lang='lat' dir='ltr'><em>XIV</em></span> <span class='ocrx_word' id='word_1_229' title='bbox 989 2027 1020 2069; x_wconf 78' lang='lat'><em>6,</em></span> <span class='ocrx_word' id='word_1_230' title='bbox 1040 2027 1073 2062; x_wconf 87' lang='lat'><em>9.</em></span> <span class='ocrx_word' id='word_1_231' title='bbox 1092 2027 1137 2063; x_wconf 82' lang='lat'><em>‘27</em></span> <span class='ocrx_word' id='word_1_232' title='bbox 1237 2026 1281 2061; x_wconf 88' lang='lat'><em>14</em></span> <span class='ocrx_word' id='word_1_233' title='bbox 1298 2025 1442 2071; x_wconf 80' lang='grc' dir='ltr'><em>εἴρηται]</em></span> <span class='ocrx_word' id='word_1_234' title='bbox 1464 2027 1484 2067; x_wconf 64' lang='grc' dir='ltr'><strong><em>ξ</em></strong></span> <span class='ocrx_word' id='word_1_235' title='bbox 1505 2026 1548 2060; x_wconf 85' lang='grc'><em>19</em></span> <span class='ocrx_word' id='word_1_236' title='bbox 1647 2025 1691 2061; x_wconf 83' lang='grc'><em>15</em></span> <span class='ocrx_word' id='word_1_237' title='bbox 1709 2028 1804 2061; x_wconf 82' lang='lat' dir='ltr'>aute</span> 
     </span>
     <span class='ocr_line' id='line_1_26' title="bbox 375 2073 1803 2120; baseline 0 -12"><span class='ocrx_word' id='word_1_238' title='bbox 375 2073 612 2112; x_wconf 86' lang='grc' dir='ltr'><em>κωνστάντιος</em></span> <span class='ocrx_word' id='word_1_239' title='bbox 638 2074 730 2109; x_wconf 81' lang='lat' dir='ltr'>add.</span> <span class='ocrx_word' id='word_1_240' title='bbox 757 2075 987 2119; x_wconf 80' lang='grc' dir='ltr'><em>αὐτοκράτωρ</em></span> <span class='ocrx_word' id='word_1_241' title='bbox 1012 2074 1108 2120; x_wconf 90' lang='lat' dir='ltr'>pr</span> <span class='ocrx_word' id='word_1_242' title='bbox 1209 2075 1252 2110; x_wconf 84' lang='lat'><em>17</em></span> <span class='ocrx_word' id='word_1_243' title='bbox 1278 2074 1448 2119; x_wconf 84' lang='grc' dir='ltr'><em>ἀρθείσης</em></span> <span class='ocrx_word' id='word_1_244' title='bbox 1473 2073 1505 2108; x_wconf 89' lang='grc' dir='ltr'>Ε</span> <span class='ocrx_word' id='word_1_245' title='bbox 1614 2073 1651 2108; x_wconf 89' lang='grc' dir='ltr'><em>τὸ</em></span> <span class='ocrx_word' id='word_1_246' title='bbox 1678 2084 1752 2108; x_wconf 90' lang='lat' dir='ltr'><em>om.</em></span> <span class='ocrx_word' id='word_1_247' title='bbox 1772 2073 1803 2108; x_wconf 83' lang='lat' dir='ltr'>E</span> 
     </span>
    </p>

    <p class='ocr_par' dir='ltr' id='par_1_7' title="bbox 423 2120 1803 2168">
     <span class='ocr_line' id='line_1_27' title="bbox 423 2120 1803 2168; baseline 0.001 -13"><span class='ocrx_word' id='word_1_248' title='bbox 423 2121 718 2166; x_wconf 82' lang='grc' dir='ltr'><em>ἑξακιςχιλιοστὸν</em></span> <span class='ocrx_word' id='word_1_249' title='bbox 744 2123 1019 2167; x_wconf 86' lang='grc' dir='ltr'><em>τεσσαρακοστὸν</em></span> <span class='ocrx_word' id='word_1_250' title='bbox 1046 2120 1203 2168; x_wconf 76' lang='lat' dir='ltr'><strong>prDz&#39;</strong></span> <span class='ocrx_word' id='word_1_251' title='bbox 1312 2122 1355 2157; x_wconf 88' lang='grc'><em>18</em></span> <span class='ocrx_word' id='word_1_252' title='bbox 1381 2122 1601 2160; x_wconf 84' lang='grc' dir='ltr'><em>ι’νδικτιῶνος</em></span> <span class='ocrx_word' id='word_1_253' title='bbox 1626 2135 1803 2156; x_wconf 83' lang='grc' dir='ltr'><em>πεντεκαι-</em></span> 
     </span>
    </p>
   </div>
   <div class='ocr_carea' id='block_1_5' title="bbox 376 2169 1242 2216">
    <p class='ocr_par' dir='ltr' id='par_1_8' title="bbox 376 2169 1242 2216">
     <span class='ocr_line' id='line_1_28' title="bbox 376 2169 1242 2216; baseline 0.002 -13"><span class='ocrx_word' id='word_1_254' title='bbox 376 2169 525 2214; x_wconf 86' lang='grc' dir='ltr'><em>δεκάτης</em></span> <span class='ocrx_word' id='word_1_255' title='bbox 553 2169 788 2215; x_wconf 82' lang='grc' dir='ltr'><em>ἑνισταμένης]</em></span> <span class='ocrx_word' id='word_1_256' title='bbox 816 2181 852 2205; x_wconf 84' lang='lat' dir='ltr'><em>V.</em></span> <span class='ocrx_word' id='word_1_257' title='bbox 880 2170 924 2205; x_wconf 88' lang='lat' dir='ltr'><em>L.</em></span> <span class='ocrx_word' id='word_1_258' title='bbox 952 2169 998 2205; x_wconf 88' lang='lat' dir='ltr'><em>G.</em></span> <span class='ocrx_word' id='word_1_259' title='bbox 1025 2181 1062 2216; x_wconf 86' lang='lat' dir='ltr'><em>p.</em></span> <span class='ocrx_word' id='word_1_260' title='bbox 1090 2170 1169 2214; x_wconf 71' lang='lat'>1⁶26,</span> <span class='ocrx_word' id='word_1_261' title='bbox 1198 2170 1242 2205; x_wconf 85' lang='lat'><em>18</em></span> 
     </span>
    </p>
   </div>
   <div class='ocr_carea' id='block_1_6' title="bbox 245 2330 1802 2948">
    <p class='ocr_par' dir='ltr' id='par_1_9' title="bbox 304 2330 1801 2426">
     <span class='ocr_line' id='line_1_29' title="bbox 304 2330 1801 2378; baseline -0.001 -12"><span class='ocrx_word' id='word_1_262' title='bbox 304 2331 407 2367; x_wconf 89' lang='lat' dir='ltr'>urbe</span> <span class='ocrx_word' id='word_1_263' title='bbox 434 2331 502 2366; x_wconf 86' lang='lat' dir='ltr'>alii</span> <span class='ocrx_word' id='word_1_264' title='bbox 528 2332 671 2368; x_wconf 82' lang='lat' dir='ltr'>milites</span> <span class='ocrx_word' id='word_1_265' title='bbox 698 2335 994 2378; x_wconf 87' lang='lat' dir='ltr'>praetereaque</span> <span class='ocrx_word' id='word_1_266' title='bbox 1034 2333 1199 2368; x_wconf 83' lang='lat' dir='ltr'>barbari</span> <span class='ocrx_word' id='word_1_267' title='bbox 1238 2332 1454 2367; x_wconf 81' lang='lat' dir='ltr'>intromissi</span> <span class='ocrx_word' id='word_1_268' title='bbox 1493 2330 1801 2373; x_wconf 81' lang='lat' dir='ltr'>multitudinem,</span> 
     </span>
     <span class='ocr_line' id='line_1_30' title="bbox 306 2377 1799 2426; baseline -0.001 -12"><span class='ocrx_word' id='word_1_269' title='bbox 306 2388 412 2424; x_wconf 87' lang='lat' dir='ltr'>quae</span> <span class='ocrx_word' id='word_1_270' title='bbox 438 2380 477 2414; x_wconf 86' lang='lat' dir='ltr'>et</span> <span class='ocrx_word' id='word_1_271' title='bbox 502 2379 590 2425; x_wconf 83' lang='lat' dir='ltr'>ipsa</span> <span class='ocrx_word' id='word_1_272' title='bbox 616 2380 697 2415; x_wconf 85' lang='lat' dir='ltr'>iam</span> <span class='ocrx_word' id='word_1_273' title='bbox 723 2380 827 2416; x_wconf 80' lang='lat' dir='ltr'>inter</span> <span class='ocrx_word' id='word_1_274' title='bbox 853 2390 896 2416; x_wconf 90' lang='lat' dir='ltr'><em>se</em></span> <span class='ocrx_word' id='word_1_275' title='bbox 923 2381 1154 2422; x_wconf 80' lang='lat' dir='ltr'>dissidebat,</span> <span class='ocrx_word' id='word_1_276' title='bbox 1188 2380 1382 2426; x_wconf 84' lang='lat' dir='ltr'>graminis</span> <span class='ocrx_word' id='word_1_277' title='bbox 1410 2380 1537 2414; x_wconf 84' lang='lat' dir='ltr'>instar</span> <span class='ocrx_word' id='word_1_278' title='bbox 1564 2377 1799 2421; x_wconf 81' lang='lat' dir='ltr'>caedebant,</span> 
     </span>
    </p>

    <p class='ocr_par' dir='ltr' id='par_1_10' title="bbox 245 2424 1799 2522">
     <span class='ocr_line' id='line_1_31' title="bbox 245 2424 1799 2472; baseline 0 -12"><span class='ocrx_word' id='word_1_279' title='bbox 245 2424 291 2459; x_wconf 79' lang='lat'><em>26</em></span> <span class='ocrx_word' id='word_1_280' title='bbox 306 2428 518 2472; x_wconf 80' lang='lat' dir='ltr'>parcentes</span> <span class='ocrx_word' id='word_1_281' title='bbox 544 2428 706 2463; x_wconf 90' lang='lat' dir='ltr'>nemini.</span> <span class='ocrx_word' id='word_1_282' title='bbox 756 2427 965 2464; x_wconf 86' lang='lat' dir='ltr'>Refertum</span> <span class='ocrx_word' id='word_1_283' title='bbox 992 2429 1098 2464; x_wconf 84' lang='lat' dir='ltr'>enirn</span> <span class='ocrx_word' id='word_1_284' title='bbox 1124 2431 1211 2463; x_wconf 86' lang='lat' dir='ltr'>erat</span> <span class='ocrx_word' id='word_1_285' title='bbox 1237 2428 1438 2463; x_wconf 75' lang='lat' dir='ltr'>theatrum</span> <span class='ocrx_word' id='word_1_286' title='bbox 1453 2426 1681 2462; x_wconf 89' lang='lat' dir='ltr'>hominibus</span> <span class='ocrx_word' id='word_1_287' title='bbox 1708 2435 1799 2460; x_wconf 86' lang='lat' dir='ltr'>cum</span> 
     </span>
     <span class='ocr_line' id='line_1_32' title="bbox 305 2473 1799 2522; baseline -0.001 -14"><span class='ocrx_word' id='word_1_288' title='bbox 305 2474 504 2510; x_wconf 76' lang='lat' dir='ltr'>seditiosis</span> <span class='ocrx_word' id='word_1_289' title='bbox 530 2478 614 2510; x_wconf 92' lang='lat' dir='ltr'><em>tum</em></span> <span class='ocrx_word' id='word_1_290' title='bbox 641 2475 823 2521; x_wconf 85' lang='lat' dir='ltr'>plurimis</span> <span class='ocrx_word' id='word_1_291' title='bbox 857 2477 1129 2522; x_wconf 81' lang='lat' dir='ltr'>congregatis,</span> <span class='ocrx_word' id='word_1_292' title='bbox 1155 2478 1200 2510; x_wconf 92' lang='lat' dir='ltr'><em>ut-</em></span> <span class='ocrx_word' id='word_1_293' title='bbox 1227 2479 1267 2510; x_wconf 88' lang='lat' dir='ltr'>et</span> <span class='ocrx_word' id='word_1_294' title='bbox 1291 2485 1357 2510; x_wconf 87' lang='lat' dir='ltr'><em>res</em></span> <span class='ocrx_word' id='word_1_295' title='bbox 1383 2478 1423 2510; x_wconf 89' lang='lat' dir='ltr'>et</span> <span class='ocrx_word' id='word_1_296' title='bbox 1447 2474 1671 2519; x_wconf 80' lang='lat' dir='ltr'>Hypatium</span> <span class='ocrx_word' id='word_1_297' title='bbox 1697 2473 1799 2508; x_wconf 87' lang='lat' dir='ltr'>salu-</span> 
     </span>
    </p>

    <p class='ocr_par' dir='ltr' id='par_1_11' title="bbox 245 2519 1801 2568">
     <span class='ocr_line' id='line_1_33' title="bbox 245 2519 1801 2568; baseline 0.001 -13"><span class='ocrx_word' id='word_1_298' title='bbox 245 2519 291 2554; x_wconf 77' lang='lat'><em>27</em></span> <span class='ocrx_word' id='word_1_299' title='bbox 306 2524 434 2557; x_wconf 85' lang='lat' dir='ltr'>tatum</span> <span class='ocrx_word' id='word_1_300' title='bbox 461 2526 702 2568; x_wconf 80' lang='lat' dir='ltr'>spectarent.</span> <span class='ocrx_word' id='word_1_301' title='bbox 753 2523 822 2559; x_wconf 87' lang='lat' dir='ltr'>Ille</span> <span class='ocrx_word' id='word_1_302' title='bbox 848 2534 931 2559; x_wconf 82' lang='lat' dir='ltr'>una</span> <span class='ocrx_word' id='word_1_303' title='bbox 967 2534 1058 2559; x_wconf 85' lang='lat' dir='ltr'>cum</span> <span class='ocrx_word' id='word_1_304' title='bbox 1085 2523 1277 2568; x_wconf 89' lang='lat' dir='ltr'>Pompeio</span> <span class='ocrx_word' id='word_1_305' title='bbox 1306 2523 1431 2557; x_wconf 78' lang='lat' dir='ltr'>fratre</span> <span class='ocrx_word' id='word_1_306' title='bbox 1457 2521 1510 2556; x_wconf 89' lang='lat' dir='ltr'><em>ad</em></span> <span class='ocrx_word' id='word_1_307' title='bbox 1535 2531 1675 2566; x_wconf 79' lang='lat' dir='ltr'>regem</span> <span class='ocrx_word' id='word_1_308' title='bbox 1713 2531 1801 2567; x_wconf 90' lang='lat' dir='ltr'>per-</span> 
     </span>
    </p>

    <p class='ocr_par' dir='ltr' id='par_1_12' title="bbox 246 2567 1801 2615">
     <span class='ocr_line' id='line_1_34' title="bbox 246 2567 1801 2615; baseline 0.001 -13"><span class='ocrx_word' id='word_1_309' title='bbox 246 2567 293 2602; x_wconf 81' lang='lat'><em>28</em></span> <span class='ocrx_word' id='word_1_310' title='bbox 307 2569 452 2605; x_wconf 79' lang='lat' dir='ltr'>duetus</span> <span class='ocrx_word' id='word_1_311' title='bbox 471 2570 668 2606; x_wconf 82' lang='lat' dir='ltr'>occiditur</span> <span class='ocrx_word' id='word_1_312' title='bbox 684 2572 799 2607; x_wconf 89' lang='lat' dir='ltr'>bonis</span> <span class='ocrx_word' id='word_1_313' title='bbox 819 2581 959 2607; x_wconf 88' lang='lat' dir='ltr'>eorum</span> <span class='ocrx_word' id='word_1_314' title='bbox 979 2571 1218 2607; x_wconf 83' lang='lat' dir='ltr'>confiscatis.</span> <span class='ocrx_word' id='word_1_315' title='bbox 1267 2570 1298 2604; x_wconf 88' lang='lat' dir='ltr'>E</span> <span class='ocrx_word' id='word_1_316' title='bbox 1314 2570 1464 2615; x_wconf 90' lang='lat' dir='ltr'>populo</span> <span class='ocrx_word' id='word_1_317' title='bbox 1484 2569 1591 2604; x_wconf 80' lang='lat' dir='ltr'>caesi</span> <span class='ocrx_word' id='word_1_318' title='bbox 1606 2572 1801 2614; x_wconf 77' lang='lat' dir='ltr'>putantur</span> 
     </span>
    </p>

    <p class='ocr_par' dir='ltr' id='par_1_13' title="bbox 245 2614 1802 2760">
     <span class='ocr_line' id='line_1_35' title="bbox 245 2614 1802 2664; baseline 0.001 -15"><span class='ocrx_word' id='word_1_319' title='bbox 245 2614 292 2649; x_wconf 78' lang='lat'><em>29</em></span> <span class='ocrx_word' id='word_1_320' title='bbox 307 2617 359 2651; x_wconf 82' lang='lat' dir='ltr'><em>ad</em></span> <span class='ocrx_word' id='word_1_321' title='bbox 384 2617 455 2652; x_wconf 91' lang='lat' dir='ltr'><em>XL</em></span> <span class='ocrx_word' id='word_1_322' title='bbox 482 2618 599 2653; x_wconf 83' lang='lat' dir='ltr'>milia.</span> <span class='ocrx_word' id='word_1_323' title='bbox 650 2618 791 2664; x_wconf 85' lang='lat' dir='ltr'>Neque</span> <span class='ocrx_word' id='word_1_324' title='bbox 824 2630 921 2655; x_wconf 86' lang='lat' dir='ltr'>vero</span> <span class='ocrx_word' id='word_1_325' title='bbox 948 2619 1105 2655; x_wconf 89' lang='lat' dir='ltr'>illorum</span> <span class='ocrx_word' id='word_1_326' title='bbox 1134 2618 1307 2654; x_wconf 90' lang='lat' dir='ltr'>duorum</span> <span class='ocrx_word' id='word_1_327' title='bbox 1335 2618 1547 2652; x_wconf 83' lang='lat' dir='ltr'>dumtaxat</span> <span class='ocrx_word' id='word_1_328' title='bbox 1573 2617 1681 2651; x_wconf 85' lang='lat' dir='ltr'>bona</span> <span class='ocrx_word' id='word_1_329' title='bbox 1708 2619 1802 2652; x_wconf 86' lang='lat' dir='ltr'>sunt</span> 
     </span>
     <span class='ocr_line' id='line_1_36' title="bbox 308 2664 1800 2713; baseline 0 -15"><span class='ocrx_word' id='word_1_330' title='bbox 308 2664 523 2709; x_wconf 79' lang='lat' dir='ltr'>publicata,</span> <span class='ocrx_word' id='word_1_331' title='bbox 551 2666 619 2701; x_wconf 88' lang='lat' dir='ltr'><em>sed</em></span> <span class='ocrx_word' id='word_1_332' title='bbox 647 2667 865 2702; x_wconf 77' lang='lat' dir='ltr'>multorum</span> <span class='ocrx_word' id='word_1_333' title='bbox 892 2670 1106 2713; x_wconf 84' lang='lat' dir='ltr'>praeterea</span> <span class='ocrx_word' id='word_1_334' title='bbox 1133 2666 1324 2702; x_wconf 84' lang='lat' dir='ltr'>senatorii</span> <span class='ocrx_word' id='word_1_335' title='bbox 1352 2665 1513 2708; x_wconf 87' lang='lat' dir='ltr'>ordinis,</span> <span class='ocrx_word' id='word_1_336' title='bbox 1546 2664 1678 2710; x_wconf 83' lang='lat' dir='ltr'>deque</span> <span class='ocrx_word' id='word_1_337' title='bbox 1703 2664 1800 2709; x_wconf 85' lang='lat' dir='ltr'>ipsis</span> 
     </span>
     <span class='ocr_line' id='line_1_37' title="bbox 307 2713 1150 2760; baseline 0.006 -15"><span class='ocrx_word' id='word_1_338' title='bbox 307 2722 387 2746; x_wconf 89' lang='lat' dir='ltr'><em>non</em></span> <span class='ocrx_word' id='word_1_339' title='bbox 413 2722 496 2747; x_wconf 91' lang='lat' dir='ltr'>uno</span> <span class='ocrx_word' id='word_1_340' title='bbox 521 2713 640 2749; x_wconf 89' lang='lat' dir='ltr'>modo</span> <span class='ocrx_word' id='word_1_341' title='bbox 668 2715 909 2760; x_wconf 83' lang='lat' dir='ltr'>supplicium</span> <span class='ocrx_word' id='word_1_342' title='bbox 935 2719 1150 2760; x_wconf 78' lang='lat' dir='ltr'>sumptum.</span> 
     </span>
    </p>

    <p class='ocr_par' dir='ltr' id='par_1_14' title="bbox 246 2757 1800 2948">
     <span class='ocr_line' id='line_1_38' title="bbox 246 2757 1799 2806; baseline 0.002 -15"><span class='ocrx_word' id='word_1_343' title='bbox 246 2757 295 2791; x_wconf 84' lang='lat'><em>30</em></span> <span class='ocrx_word' id='word_1_344' title='bbox 425 2759 504 2795; x_wconf 90' lang='lat' dir='ltr'><em>Pro</em></span> <span class='ocrx_word' id='word_1_345' title='bbox 517 2771 666 2806; x_wconf 82' lang='lat' dir='ltr'>magna</span> <span class='ocrx_word' id='word_1_346' title='bbox 678 2763 847 2798; x_wconf 79' lang='lat' dir='ltr'>eeclesia</span> <span class='ocrx_word' id='word_1_347' title='bbox 861 2773 884 2797; x_wconf 87' lang='lat' dir='ltr'>a</span> <span class='ocrx_word' id='word_1_348' title='bbox 896 2762 1130 2798; x_wconf 86' lang='lat' dir='ltr'>Constantio</span> <span class='ocrx_word' id='word_1_349' title='bbox 1146 2761 1318 2804; x_wconf 81' lang='lat' dir='ltr'>condita,</span> <span class='ocrx_word' id='word_1_350' title='bbox 1333 2771 1438 2806; x_wconf 87' lang='lat' dir='ltr'>quae</span> <span class='ocrx_word' id='word_1_351' title='bbox 1453 2761 1492 2795; x_wconf 90' lang='lat' dir='ltr'><em>in</em></span> <span class='ocrx_word' id='word_1_352' title='bbox 1505 2760 1579 2794; x_wconf 77' lang='lat' dir='ltr'><em>hae</em></span> <span class='ocrx_word' id='word_1_353' title='bbox 1591 2759 1799 2802; x_wconf 87' lang='lat' dir='ltr'>seditione,</span> 
     </span>
     <span class='ocr_line' id='line_1_39' title="bbox 308 2807 1799 2856; baseline 0.001 -16"><span class='ocrx_word' id='word_1_354' title='bbox 308 2808 353 2840; x_wconf 86' lang='lat' dir='ltr'><em>ut</em></span> <span class='ocrx_word' id='word_1_355' title='bbox 379 2808 606 2852; x_wconf 82' lang='lat' dir='ltr'>expositum</span> <span class='ocrx_word' id='word_1_356' title='bbox 634 2812 703 2853; x_wconf 85' lang='lat' dir='ltr'>est,</span> <span class='ocrx_word' id='word_1_357' title='bbox 731 2811 1016 2856; x_wconf 81' lang='lat' dir='ltr'>conflagrarat,</span> <span class='ocrx_word' id='word_1_358' title='bbox 1043 2809 1291 2845; x_wconf 79' lang='lat' dir='ltr'>lastinianus</span> <span class='ocrx_word' id='word_1_359' title='bbox 1306 2808 1472 2843; x_wconf 80' lang='lat' dir='ltr'>alteram</span> <span class='ocrx_word' id='word_1_360' title='bbox 1499 2817 1648 2842; x_wconf 85' lang='lat' dir='ltr'>novam</span> <span class='ocrx_word' id='word_1_361' title='bbox 1674 2807 1799 2842; x_wconf 87' lang='lat' dir='ltr'>multo</span> 
     </span>
     <span class='ocr_line' id='line_1_40' title="bbox 308 2854 1800 2901; baseline 0.001 -14"><span class='ocrx_word' id='word_1_362' title='bbox 308 2854 500 2889; x_wconf 82' lang='lat' dir='ltr'>maiorem</span> <span class='ocrx_word' id='word_1_363' title='bbox 527 2859 566 2890; x_wconf 82' lang='lat' dir='ltr'>et</span> <span class='ocrx_word' id='word_1_364' title='bbox 592 2856 849 2893; x_wconf 85' lang='lat' dir='ltr'>illustriorem</span> <span class='ocrx_word' id='word_1_365' title='bbox 875 2861 1087 2893; x_wconf 83' lang='lat' dir='ltr'>exstruere</span> <span class='ocrx_word' id='word_1_366' title='bbox 1125 2857 1267 2901; x_wconf 84' lang='lat' dir='ltr'>coepit,</span> <span class='ocrx_word' id='word_1_367' title='bbox 1309 2855 1630 2891; x_wconf 71' lang='lat' dir='ltr'>aedificationem</span> <span class='ocrx_word' id='word_1_368' title='bbox 1669 2854 1800 2899; x_wconf 89' lang='lat' dir='ltr'>auspi·</span> 
     </span>
     <span class='ocr_line' id='line_1_41' title="bbox 309 2902 1800 2948; baseline 0.001 -13"><span class='ocrx_word' id='word_1_369' title='bbox 309 2903 424 2936; x_wconf 84' lang='lat' dir='ltr'>catus</span> <span class='ocrx_word' id='word_1_370' title='bbox 450 2912 557 2937; x_wconf 89' lang='lat' dir='ltr'>anno</span> <span class='ocrx_word' id='word_1_371' title='bbox 588 2904 638 2938; x_wconf 84' lang='lat' dir='ltr'><em>ab</em></span> <span class='ocrx_word' id='word_1_372' title='bbox 667 2905 764 2939; x_wconf 83' lang='lat' dir='ltr'>orbe</span> <span class='ocrx_word' id='word_1_373' title='bbox 791 2905 952 2940; x_wconf 79' lang='lat' dir='ltr'>condito</span> <span class='ocrx_word' id='word_1_374' title='bbox 987 2906 1119 2941; x_wconf 73' lang='lat' dir='ltr'>sexies</span> <span class='ocrx_word' id='word_1_375' title='bbox 1145 2904 1352 2939; x_wconf 85' lang='lat' dir='ltr'>millesimo</span> <span class='ocrx_word' id='word_1_376' title='bbox 1381 2903 1706 2948; x_wconf 82' lang='lat' dir='ltr'>quadragesimo,</span> <span class='ocrx_word' id='word_1_377' title='bbox 1746 2902 1800 2936; x_wconf 91' lang='lat' dir='ltr'><em>in-</em></span> 
     </span>
    </p>
   </div>
  </div>
 </body>
</html>
