2054 3282
234 222 446 264 PVGNAE
465 221 570 264 CVM
587 221 765 264 PERSIS
782 220 1006 263 ῈΑΟΤΑΕ.
1050 220 1230 262 SIROES
1249 220 1423 262 PACEM
1441 222 1608 263 FACIT.
1662 225 1732 263 211

235 348 421 391 διώλεσε·
454 349 610 395 παῖδας
641 347 721 403 γὰρ
752 349 864 404 ἔχων
893 347 1088 403 πολλούς,
1118 346 1191 390 τὸν
1221 347 1420 390 ἁπάντων
1449 349 1734 404 πρεσβύτερον

232 417 394 473 Σιρόην
423 417 852 472 παραγκωνιζόμενος
879 417 1102 472 ἠβουλήθη
1126 417 1325 472 διάδοχον
1345 422 1418 473 τῆς
1439 418 1574 473 ἀρχῆς
1593 418 1735 473 ἕτερον

232 487 504 541 ποιήσασθαι,
548 486 811 540 καλούμενον
855 485 1099 540 ιῬΙερδασάν.
1162 487 1186 527 ὃ
1230 486 1355 540 γνοὺς
1397 487 1422 528 ὁ
1460 487 1621 541 Σιρόης
1662 486 1738 528 καί
1751 492 1794 527 16

232 570 345 602 τινας
389 559 475 597 τῶν
521 559 748 609 σατραπῶν
794 555 1173 609 ὑποποιησάμενος,
1225 555 1445 597 ἐπιτίθεται
1490 561 1552 610 τῷ
1596 561 1732 610 πατρί,

198 630 221 666 5
235 624 382 679 δεσμεῖ
406 640 448 666 τε
477 628 624 666 τοῦτον
653 624 726 665 καὶ
755 622 915 678 χρυσὸν
943 624 1061 678 αὐτῷ
1080 623 1213 665 πολὺν
1232 624 1487 679 παρατίθησι
1508 624 1579 666 καὶ
1600 624 1735 666 λίθων
1749 630 1827 666 PII
1835 630 1927 667 85A

234 695 320 735 τῶν
355 693 598 747 πολυτίμων
634 693 817 747 σωρούς,
861 691 960 733 “aad
991 693 1157 734 ταῦτα”
1186 693 1322 747 λέγων
1352 692 1609 748 κῬωμαίοις
1638 693 1736 739 τοὺς
1751 700 1794 735 17

233 760 408 816 Πέρσας
428 761 749 815 ἕξεπολέμωσας
769 761 840 802 καὶ
862 761 1053 815 ἀλλήλοις
1072 761 1285 816 μάχεσθαι
1309 761 1381 803 καὶ
1413 761 1735 817 διαφθείρεσθαι

233 830 562 884 κατηνάγκαζες·
594 829 781 871 ἀπόλαυε
811 830 948 871 τοίνυν
978 834 1064 871 τῶν
1095 830 1258 884 ἐφετῶν
1279 830 1386 872 σοι.”
1446 831 1529 873 εἷτα
1550 831 1623 873 τὸν
1644 831 1736 873 υἱὸν
1750 837 1795 873 18

234 898 364 940 αὐτοῦ
397 898 643 952 Μερδασάν,
688 896 727 952 ᾧ
763 898 837 953 τὴν
872 902 958 940 τῶν
989 898 1174 953 Περσῶν
1205 900 1380 941 ἀνετίθει
1411 900 1560 955 ἀρχήν,
1605 900 1736 942 ἀνεῖλε

176 974 223 1010 10
233 967 320 1023 πρὸ
352 967 595 1022 ὀφθαλμῶν
626 968 769 1015 αὐτοῦ,
800 967 903 1008 ἀλλὰ
933 968 1020 1022 μὴν
1051 968 1122 1009 καὶ
1142 967 1239 1014 τοὺς
1259 968 1411 1015 ἄλλους
1430 969 1585 1015 παῖδας
1605 969 1735 1011 αὐτοῦ

235 1035 307 1078 καὶ
338 1036 404 1078 ἐπὶ
433 1039 534 1078 πᾶσι
564 1035 772 1077 κάκεῖνον.
834 1035 1039 1090 ἐγκρατὴς
1070 1035 1146 1078 οὗν
1176 1041 1249 1091 τῆς
1279 1040 1365 1078 τῶν
1385 1036 1571 1091 Περσῶν
1602 1038 1736 1093 ἀρχῆς
1751 1044 1795 1079 19

235 1105 421 1159 γεγονὼς
459 1105 730 1159 διαπέμπεται
761 1104 870 1158 πρὸς
894 1104 1158 1159 Ἡράκλειον,
1203 1104 1273 1147 τὸν
1304 1110 1376 1147 τοῦ
1408 1104 1612 1160 Χοσρόου
1644 1107 1735 1148 ὄλε-

235 1174 346 1228 θρον
367 1174 485 1228 αὐτῷ
505 1173 887 1228 εὐαγγελιζόμενος·
919 1174 990 1215 καὶ
1012 1175 1286 1228 σπεισάμενος
1306 1175 1424 1228 αὐτῷ
1450 1175 1610 1221 πάντας
1639 1175 1736 1221 τοὺς
1748 1182 1796 1217 <20

47 1294 50 1296 v
236 1243 281 1285 ἓν
310 1242 487 1297 Περσίδι
519 1242 813 1297 αἰχμαλώτους
838 1242 1075 1297 Ῥωμαίους
1113 1243 1365 1296 ἐλευθέρους
1401 1244 1542 1298 ἀφῆκε
1579 1244 1651 1286 καὶ
1686 1243 1735 1285 τὰ

14 1319 43 1359 {v
81 1316 140 1353 ΙΙΙ
153 1317 225 1353 310
236 1313 346 1366 τίμια
386 1311 489 1359 ξύλα
527 1315 601 1353 τοῦ
639 1312 848 1366 σωτηρίου
887 1315 1070 1365 σταυροῦ
1110 1313 1228 1366 αὐτῷ
1270 1312 1522 1354 ἀποδέδωκε
1558 1313 1629 1354 καὶ
1664 1313 1736 1355 τὸν

235 1380 497 1435 πατριάρχην
534 1384 606 1435 τῆς
632 1379 906 1434 Ἰερουσαλὴμ
937 1379 1168 1434 Ζαχαρίαν.
1231 1380 1302 1422 καὶ
1333 1381 1358 1422 ὁ
1388 1381 1580 1435 βασιλεὺς
1612 1380 1737 1428 αὖθις
1750 1388 1794 1423 21
1823 1388 1853 1423 Β

235 1449 394 1495 πάντας
434 1448 532 1494 τοὺς
573 1447 689 1502 παρὰ
724 1447 948 1502 Ῥωμαίων
984 1450 1294 1503 κατεχομένους
1329 1448 1504 1502 Πέρσας
1540 1450 1737 1492 ἀπελθεῖν

235 1518 376 1573 ἀφῆκε
413 1517 522 1572 πρὸς
556 1516 654 1563 τοὺς
689 1517 878 1564 οἰκείους.
939 1522 1066 1559 ταῦτα
1105 1518 1148 1559 ἒν
1184 1519 1231 1566 ἒξ
1262 1519 1387 1560 ἔτεσιν
1418 1519 1576 1565 ἀνύσας
1602 1518 1734 1574 ‘Hyd-
1748 1527 1794 1561 22

233 1587 370 1633 κλειος
406 1586 478 1628 καὶ
511 1586 861 1641 ἀποκαταστήσας
897 1591 947 1641 τῇ
974 1586 1249 1642 Ἰερουσαλὴμ
1285 1586 1334 1628 τὰ
1373 1587 1483 1642 τίμια
1523 1587 1626 1636 ξύλα
1663 1588 1734 1630 καὶ

233 1729 278 1765 11
303 1730 355 1764 ὅτι
380 1729 402 1763 ὅ
423 1729 560 1774 Σιρόης
584 1728 795 1775 βασιλεύσας
819 1727 1000 1764 ἐσπείσατο
1023 1729 1211 1774 Ῥωμαίοις
1238 1728 1302 1765 CE

306 1861 324 1897 1
352 1860 411 1897 τὸν
423 1859 592 1907 prDi,
618 1859 738 1896 τῶνΑ
833 1860 1086 1907 πρεσβύτερον]
1114 1860 1176 1897 De
1203 1862 1481 1908 comparativo
1509 1873 1545 1898 v.
1566 1863 1618 1898 ad
1636 1862 1733 1898 XIII

304 1910 340 1953 3,
363 1909 386 1945 6
483 1910 505 1944 2
530 1908 654 1955 σιροὴν
671 1909 703 1944 E
727 1911 825 1951 (tuln
843 1911 968 1952 recte)
1065 1910 1098 1944 2.
1116 1911 1139 1944 3
1163 1910 1380 1955 ποιήσασθαι
1399 1914 1494 1946 ante
1513 1911 1682 1956 διάδοχον
1701 1911 1731 1945 B

350 1957 532 2003 μερδασάν
557 1957 592 1992 A
619 1957 799 2003 Theoph.
827 1957 844 1991 I
870 1968 906 2003 p.
933 1957 1014 2002 325,
1037 1958 1090 1993 16.
1113 1958 1166 1993 18.
1186 1958 1242 1993 21.
1266 1959 1322 2003 27,
1348 1959 1528 2003 μερδασᾶν
1556 1958 1665 2005 pr,
1695 1970 1730 1994 v.

306 2016 365 2041 VS.
391 2006 414 2041 9
521 2004 545 2039 4
568 2005 758 2040 ἐπιτίθεται
786 2003 952 2051 prDz‘,
979 2005 1179 2041 ὑποτίθεται
1206 2005 1241 2040 A
1351 2007 1372 2042 7
1397 2007 1575 2052 μάχεσθαι
1603 2017 1678 2042 om.
1703 2006 1732 2043 C

305 2054 327 2088 8
352 2053 612 2099 κατανάγκαζες
631 2053 662 2087 Ε
747 2052 816 2098 τὸν]
843 2053 903 2088 καὶ
930 2052 987 2087 τὸν
1010 2052 1045 2088 D
1127 2054 1149 2088 9
1173 2054 1353 2099 μερδασᾶν
1379 2054 1527 2100 Apr,
1556 2065 1658 2090 corr.
1676 2053 1734 2090 Di

307 2101 352 2137 10
377 2101 503 2140 ἄλλους
531 2111 606 2136 om.
627 2099 663 2135 D
763 2100 808 2135 12
834 2101 904 2147 τὸν]
932 2100 994 2147 τὴν
1013 2100 1048 2135 D
1149 2102 1194 2136 14
1216 2102 1460 2147 αἰχμαλώτους
1486 2103 1523 2138 ἐν
1547 2103 1684 2148 περσίδι
1703 2102 1733 2139 C

235 2242 334 2277 itum
353 2238 657 2284 matu1·andum;
683 2248 775 2274 narn
802 2249 892 2274 cum
914 2239 1060 2275 multos
1079 2239 1248 2275 haberet
1266 2239 1425 2285 liberm,
1452 2241 1603 2277 reiecto
1619 2240 1733 2278 Siroe

235 2293 335 2325 natu
362 2288 538 2324 omnium
574 2287 750 2322 maximo
787 2287 854 2322 alii
880 2287 1042 2323 tradere
1067 2287 1197 2323 voluit
1222 2297 1407 2334 regnum,
1445 2289 1609 2325 nomine
1634 2288 1733 2325 Mer-

236 2337 376 2373 dasan.
427 2335 515 2378 Quo
540 2333 675 2371 Siroes
712 2336 888 2381 cognito,
927 2335 1149 2371 conciliatis
1187 2336 1262 2371 sibi
1289 2336 1533 2381 quibusdam
1559 2338 1732 2383 satra-pis
1749 2337 1792 2373 16

235 2389 393 2431 patrem
429 2382 586 2419 invadit
613 2383 732 2428 eique
758 2385 798 2418 in
839 2383 1002 2418 vincula
1027 2384 1222 2427 coniecto,
1262 2394 1353 2419 cum
1379 2384 1549 2419 multum
1575 2385 1665 2420 auri
1693 2389 1733 2420 ot

236 2433 502 2479 pretiosarum
530 2441 783 2476 gemmarum
810 2441 981 2466 acervos
1007 2433 1294 2477 proposuisset,
1328 2431 1420 2467 “Ob
1446 2432 1579 2468 haec”
1603 2433 1734 2478 inquit
1749 2434 1792 2469 17

234 2481 469 2516 “Romanos
495 2482 636 2514 contra
650 2478 795 2514 Persas
810 2479 1017 2514 concitasti
1037 2489 1086 2514 ac
1100 2480 1249 2515 mutuis
1275 2479 1469 2515 caedibus
1496 2483 1535 2516 et
1549 2480 1733 2516 cladibus

237 2528 416 2576 grassari
443 2526 640 2572 cogebas3
678 2527 815 2562 fruere
842 2527 967 2572 igitur
1005 2527 1215 2563 desideriis
1242 2527 1364 2563 tuis.”
1412 2526 1570 2563 Deinde
1607 2528 1731 2564 filium
1749 2530 1793 2565 18

238 2586 402 2623 quoquc
419 2575 524 2610 iliius
539 2574 764 2618 Mcrdasam
792 2575 855 2610 cui
875 2584 1047 2619 regnum
1068 2575 1301 2620 destinarat,
1328 2578 1566 2621 ceterosque
1584 2575 1733 2612 liberos

237 2625 279 2660 in
305 2626 524 2669 conspectu
550 2622 656 2657 iilius
693 2632 742 2657 ac
768 2626 850 2657 tum
890 2622 1050 2658 demum
1090 2623 1222 2668 ipsum
1249 2633 1414 2668 quoque
1450 2623 1621 2659 sustulit.
1673 2623 1793 2659 lta¹9

237 2682 365 2718 regno
391 2671 606 2706 Persarum
645 2671 796 2715 potitus
822 2670 980 2716 legatos
1012 2670 1064 2705 ad
1091 2670 1322 2706 Heraclium
1360 2671 1490 2716 mittit,
1529 2670 1733 2707 chosroae

236 2720 442 2756 interitum
460 2718 514 2753 illi
541 2718 743 2762 nuntians,
771 2728 952 2763 paceque
979 2719 1088 2753 sacta
1114 2728 1253 2754 omnes
1270 2718 1475 2755 Romanos
1501 2719 1541 2754 in
1568 2719 1734 2755 Perside
1747 2720 1794 2756 20

238 2768 421 2814 captivos
435 2765 596 2801 dimittit
611 2769 650 2800 ct
664 2765 913 2801 venerabilia
930 2766 1040 2811 ligna
1055 2766 1243 2802 salutaris
1257 2767 1388 2802 crucis
1407 2771 1445 2802 et
1461 2767 1732 2812 patriarcham

236 2814 649 2860 Hierosolymitanum
676 2813 909 2848 Zachariam
947 2814 1000 2848 iiii
1028 2814 1212 2849 restituit.
1263 2813 1349 2850 Rex
1391 2815 1564 2850 vicissim
1590 2815 1732 2859 Persis,
1747 2816 1790 2850 ‘21

238 2864 307 2909 qui
333 2873 358 2898 a
384 2861 575 2897 Romanis
606 2861 862 2905 tenebantur,
901 2861 1063 2897 domum
1100 2861 1296 2897 redeundi
1331 2866 1571 2908 potestatem
1611 2862 1732 2898 dedit.

235 2911 309 2947 nis
334 2910 528 2947 sexennio
556 2908 730 2956 peractis
757 2913 797 2944 et
822 2909 1009 2955 pretiosis
1040 2909 1160 2955 liguis
1188 2910 1357 2956 ipsoque
1388 2910 1617 2957 patriai-cina
1644 2910 1730 2947 Hic-
1747 2911 1793 2949 ‘2⁴2
