2054 3282
355 241 568 280 BARDAE
593 242 744 280 MORS.
792 238 1030 280 BASILIVS
1055 237 1216 279 Dvcl'r
1242 237 1524 278 EVDOCIAM.
1621 237 1693 276 415

197 367 412 412 λακεύετο·
445 364 529 408 εἶτα
560 364 631 407 καὶ
661 364 831 419 βασιλέα
863 367 1010 407 τοῦτον
1040 363 1204 406 ἀνεῖπεν
1234 361 1361 409 αὐτὸς
1391 362 1436 404 ἓν
1462 365 1513 417 τῇ
1532 362 1691 417 μεγάλῃ
1710 366 1753 401 16

195 435 538 491 παραγενόμενος
568 433 765 488 ἐκκλησίᾳ
796 432 867 475 καὶ
899 432 966 474 dui
997 436 1071 474 τοῦ
1101 432 1362 487 πατριάρχου
1385 430 1552 473 Φωτίου
1578 446 1693 484 περι·

195 505 287 551 θεὶς
317 504 433 557 αὐτῷ
462 502 510 544 τὸ
543 502 742 556 διάδημα.
803 502 972 542 τίκτεται
1013 501 1058 542 δὲ
1093 506 1155 555 τῷ
1186 500 1393 554 Βασιλείῳ
1425 500 1472 542 ἐκ
1502 503 1575 554 τῆς
1605 498 1693 541 Ei·-
1712 504 1754 539 Π

198 573 343 619 ὃοκίας
372 572 539 614 παιδίον
569 571 698 624 ἄρρεν
720 570 744 610 ὁ
766 569 906 623 Λέων,
939 570 963 611 ὃ
987 573 1061 611 τοῦ
1084 569 1256 624 ΙΙΙιχαὴλ
1285 568 1446 624 μᾶλλον
1476 567 1577 610 εἶναι
1608 568 1693 609 ἑλέ-

161 647 185 683 5
198 657 302 696 γετο,
324 641 388 686 ὡς
407 639 562 694 ἐγκύου
582 643 656 693 τῆς
670 638 886 685 Εὗὸοκίας
907 639 1037 692 οὔσης
1057 638 1125 680 ὅτε
1144 643 1206 693 τῷ
1225 637 1430 692 Βασιλείῳ
1451 636 1694 692 συνῴκιστο.

311 707 592 763 Ἱππηλασίαις
636 707 682 748 δὲ
719 707 791 748 καὶ
828 707 1074 761 συμποσίοις
1111 706 1174 748 ἀεὶ
1210 706 1431 760 σχολάζων
1465 706 1491 747 ὁ
1521 704 1694 760 Μχαὴλ
1710 709 1755 744 18

197 777 269 820 καὶ
305 779 493 831 συνεχῶς
527 774 851 829 μεθυσκόμενος
886 774 957 816 καὶ
995 778 1081 815 τῶν
1119 778 1290 829 φρενῶν
1328 775 1602 829 ἐξιστάμενος,
1644 775 1696 819 ἃς

198 846 298 888 οὐδὲ
318 846 471 900 νήφων
494 845 671 898 ἔρρωτο,
703 844 761 889 εἰς
781 843 917 897 φόνον
938 843 1087 884 ἑαυτοῦ
1109 842 1180 884 τὸν
1205 842 1419 884 Βασίλειον
1441 843 1694 897 ἕξηρέθισεν.

197 915 246 956 ἔκ
277 913 358 968 γὰρ
397 914 538 954 ἵππων
576 912 743 966 ἀγῶνος
779 912 824 952 ἓν
861 917 922 965 τῷ
959 912 1066 966 ἁγίῳ
1099 912 1298 966 ᾹΙάμαντι
1334 911 1607 958 τελεσθέντος,
1651 910 1696 952 ἓν
1711 915 1755 950 19

141 989 186 1025 10
197 980 237 1036 ᾦ
267 981 394 1027 αὐτὸς
424 980 619 1036 ἡνιόχησε
650 980 720 1022 καὶ
752 980 792 1021 οἱ
821 983 1059 1034 μεγιστᾶνες
1090 980 1220 1021 αὐτοῦ
1251 978 1322 1021 καὶ
1359 980 1585 1034 νενίκηκεν,
1629 979 1695 1020 ἐπὶ
1709 983 1904 1019 W111134

198 1051 364 1092 δεῖπνον
395 1049 690 1096 ἀνακλιθέντος
721 1049 1030 1090 συνανεκλίνετο
1060 1048 1131 1089 καὶ
1162 1048 1187 1090 ὁ
1209 1048 1425 1094 Βασίλειος
1455 1047 1527 1089 καὶ
1557 1048 1583 1102 ἡ
1606 1047 1693 1089 Εὐ·
1708 1051 1739 1087 Β

198 1118 331 1160 δοκία.
394 1117 657 1163 Βασιλικῒνος
689 1117 736 1158 ὂὲ
763 1133 821 1163 τις
841 1121 914 1171 τῆς
933 1117 1142 1172 βασιλείου
1164 1117 1360 1171 τριήρους
1379 1117 1532 1171 πρῴην
1554 1117 1695 1171 ε’ρέτης
1709 1121 1755 1156 ‘20

197 1187 273 1241 ὤν,
319 1186 385 1228 διὰ
425 1186 470 1227 δὲ
506 1186 704 1239 σώματος
741 1186 975 1240 ὡραιότητα
1012 1185 1302 1240 προσληφθεὶς
1336 1184 1452 1238 παρὰ
1483 1188 1557 1226 τοῦ
1589 1200 1694 1239 κρα-

197 1259 366 1301 τοῦντος
401 1254 472 1296 καὶ
508 1254 645 1308 τούτῳ
683 1254 928 1307 οἶκειωθείς,
972 1254 1192 1307 παρεστὼς
1229 1254 1319 1295 τότε
1363 1253 1591 1295 δειπνοῦντι
1633 1257 1695 1307 τῷ

140 1329 185 1364 15
196 1323 359 1379 βασιλεῖ
385 1323 618 1371 ἑξεθείαζεν
647 1322 786 1370 αὐτόν,
819 1322 881 1368 ὡς
912 1323 1085 1377 εὐφυῶς
1115 1323 1222 1376 ἄγαν
1253 1322 1324 1363 καὶ
1355 1322 1557 1376 ἐντέχνως
1581 1322 1694 1376 ἡνιο-

196 1393 396 1448 χήσαντα.
458 1391 483 1431 ὁ
515 1391 563 1433 δέ
595 1391 694 1446 (ἤδη
727 1390 807 1446 γὰρ
836 1391 1087 1446 ἠκρατίσατο
1108 1390 1179 1432 καὶ
1199 1390 1271 1432 τὸν
1291 1394 1393 1432 νοῦν
1414 1389 1691 1444 ἒκτεθόλωτο)
1707 1395 1751 1431 ‘21

197 1522 216 1557 l
243 1521 435 1567 ἀνάρρησις
460 1526 521 1557 τοῦ
546 1520 735 1558 Βασιλειόυ
761 1519 864 1557 ACE
953 1520 976 1556 6
1001 1521 1086 1556 ὅθεν
1113 1521 1133 1555 ὁ
1157 1520 1342 1559 Βασίλειος
1367 1519 1500 1555 ἀνελεῖν
1524 1519 1692 1566 ἠρετίσθη

196 1569 255 1606 τὸν
278 1569 425 1615 Μιχαήλ
450 1568 552 1605 ACE

267 1688 292 1725 2
316 1690 453 1735 φωτίου
478 1693 538 1724 τοῦ
561 1703 663 1734 πατρ.
692 1687 724 1725 Ο
820 1688 854 1724 3.
872 1688 896 1724 4
919 1688 1057 1724 παιδίον
1082 1687 1123 1724 ἐκ
1148 1692 1208 1734 τῆς
1232 1687 1398 1727 εὐδοκίας
1423 1687 1569 1723 omisso
1587 1686 1695 1732 ἄρρεν

269 1737 302 1773 Ο
368 1785 377 1798 Ι
398 1737 421 1773 5
446 1736 555 1797 οὔσης
568 1742 640 1796 ’,τῆς
664 1736 739 1797 cdd.
763 1736 892 1782 ἐγκύου
919 1737 1057 1797 (ἔγγύαυ
1084 1736 1132 1797 12,
1160 1746 1261 1798 eor'r.
1288 1735 1372 1780 Dw)
1398 1734 1431 1795 9
1537 1736 1560 1771 6
1585 1749 1692 1781 συμπ.

269 1785 540 1889 350202552242‘22
560 1782 1600 1892 {swsswuiyffsz-zzi‘ssss‘3203e5'⁰511“sffqi‘z’zjnss'ufn
1627 1831 1693 1866 aa-

268 1880 494 1964 ἓνῗέἓκλῇἵο
527 1878 1609 1973 (σένξινῖἶίὲκιλιἐισί))(κὲιῡὶᾅῗσικιῖὶῃὶσυὲιίεῗιᾞιίίτιξυέοέιιιῖ.
1616 1893 1694 1961 “ZZZ

269 1977 291 2022 ἥ
317 1976 463 2036 ευόοκία
491 1974 532 2028 Q,
557 1975 836 2045 συνανεκέκλιτο,
850 1975 909 2011 καὶ
931 1976 952 2010 ὁ
974 1977 1054 2021 βασ.
1072 1975 1133 2010 καὶ
1151 1975 1173 2020 ἢ
1191 1974 1336 2035 εὐδοκία
1361 1973 1430 2012 Dw
1530 1974 1574 2009 12
1597 1976 1694 2034 βασι,-

426 2022 873 2068 >
1112 2022 1695 2068 ιβ

268 2119 377 2155 ARw
476 2119 520 2154 15
544 2118 722 2159 ἐξεθιάζεν
749 2118 829 2163 ED,
856 2129 958 2154 corr.
984 2117 1052 2156 Dw
1152 2118 1196 2153 16
1221 2117 1286 2163 γὰρ
1315 2128 1389 2154 om.
1417 2117 1447 2154 C

198 2249 312 2293 eiam,
339 2248 490 2284 Inceris
508 2248 640 2291 filiam,
668 2247 935 2283 concubinam
955 2246 1108 2282 dudum
1130 2256 1256 2290 suam,
1282 2245 1430 2282 Basilio
1457 2245 1693 2292 despondet.

197 2296 294 2331 Post
318 2297 438 2332 etiam
466 2306 603 2341 regem
632 2296 717 2341 ipse
747 2296 787 2330 iu
813 2304 964 2340 magna
991 2294 1161 2330 ecelesia
1188 2294 1377 2339 designat
1403 2303 1451 2329 ae
1477 2304 1550 2339 per
1575 2294 1693 2339 patri·
1714 2293 1755 2327 1ss

197 2344 359 2381 archam
386 2344 571 2379 Photium
599 2343 829 2379 diademate
854 2346 984 2378 ornat.
1034 2341 1179 2377 Basilio
1207 2341 1310 2377 tilius
1334 2341 1417 2377 Leo
1445 2351 1494 2377 ex
1515 2340 1693 2376 Eudoeia
1711 2340 1755 2376 Π

198 2393 389 2436 nascitur,
429 2392 498 2438 qui
523 2391 727 2426 Michaelis
765 2390 898 2436 potius
929 2400 1018 2426 esse
1046 2389 1268 2432 dicebatur,
1308 2389 1423 2434 quasi
1462 2398 1695 2436 praegnans

199 2441 342 2477 suisset
367 2439 548 2475 Eudocia
574 2439 720 2474 Basilio
749 2439 788 2474 in
816 2437 1112 2473 matrimonium
1139 2437 1246 2472 data.

317 2487 499 2530 Michael,
524 2487 593 2533 qui
618 2496 776 2522 omnem
803 2489 976 2521 aetatem
1003 2484 1222 2531 equitando
1242 2488 1282 2520 et
1309 2484 1578 2530 compotando
1605 2495 1693 2520 eon·
1712 2484 1756 2519 18

198 2539 375 2572 sumeret
412 2536 730 2582 frequenterque
767 2533 991 2569 inebriatus
1029 2536 1162 2568 mente
1201 2532 1458 2576 alienaretur,
1497 2542 1618 2578 quam
1644 2543 1695 2568 ne

199 2584 358 2619 sobrius
384 2582 545 2629 quidem
573 2593 712 2618 sanam
732 2580 951 2617 admodum
977 2580 1164 2622 habebat,
1193 2579 1382 2615 Basilium
1409 2580 1449 2615 in
1475 2589 1590 2615 suam
1610 2590 1696 2616 cae·

200 2631 288 2667 dem
316 2631 500 2667 irritavit.
549 2629 649 2666 Nam
677 2639 767 2665 eum
795 2632 884 2675 post
909 2631 1097 2674 equestre
1126 2630 1330 2663 certamen
1357 2627 1409 2662 ad
1428 2627 1466 2664 S.
1485 2627 1696 2663 Mamantis
1714 2627 1756 2663 19

199 2677 407 2724 reg-ionem
430 2678 622 2721 habitum,
648 2678 688 2713 in
709 2687 790 2723 quo
808 2678 894 2722 ipse
914 2686 983 2712 rex
1004 2685 1094 2711 cum
1116 2675 1354 2721 proceribus
1372 2675 1455 2710 suis
1473 2676 1695 2721 aurigarat,

199 2727 329 2762 victor
347 2725 399 2762 ad
418 2736 559 2761 cenam
578 2725 836 2761 accubuisset
854 2725 973 2769 eique
991 2723 1162 2758 Basilius
1182 2726 1222 2758 et
1240 2722 1420 2758 Eudoeia
1443 2723 1695 2766 interessent,

199 2773 437 2810 Basilieinus
464 2774 638 2819 quidam,
665 2773 817 2808 dudum
846 2773 984 2817 regiae
1003 2771 1173 2806 triremis
1191 2780 1329 2806 remex
1355 2769 1425 2806 sed
1445 2770 1496 2806 ob
1516 2772 1696 2816 corporis
1710 2770 1756 2806 90

200 2821 442 2868 elegantiam
470 2822 510 2856 in
529 2821 782 2867 imperatoris
806 2820 996 2855 familiam
1015 2819 1176 2862 ascitus,
1202 2818 1237 2854 ei
1263 2822 1347 2854 tum
1372 2818 1532 2853 cenanti
1558 2821 1696 2854 astans

200 2868 304 2904 illius
329 2868 545 2914 aurigandi
578 2868 794 2904 sollertiam
832 2871 871 2902 et
909 2867 1191 2902 dexteritatem
1230 2865 1378 2901 divinis
1416 2865 1604 2901 laudibus
1631 2875 1697 2901 ex·

201 2916 377 2953 tollebat.
438 2916 594 2960 Quibus
634 2915 823 2952 laudibus
862 2914 942 2960 ille,
986 2914 1112 2950 multo
1151 2915 1228 2950 iam
1268 2913 1467 2950 exhausto
1507 2923 1618 2949 mero
1657 2913 1755 2952 et21
