1968 3302
359 186 405 225 44
729 185 911 228 ZONAR.
937 191 1068 228 EPIT.
1095 189 1192 228 XIII
1217 191 1250 235 8,
1276 188 1405 236 28—9‚
1432 186 1488 226 11.

356 315 542 370 χάνουσα
583 315 706 370 ἐῴκει
743 314 821 369 μὲν
857 311 958 369 μηδ’
1005 313 1173 355 ἀκούειν
1216 316 1301 354 τῶν
1344 313 1594 367 λεγομένων,
1640 314 1774 356 πάντα
1808 314 1853 357 δὲ

296 387 342 424 ‘29
356 384 565 439 συνετήρει
587 381 688 425 καθ’
713 384 873 438 ἑαυτήν.
930 383 1001 424 καὶ
1032 381 1118 423 ἐπεὶ
1150 382 1174 423 ὁ
1206 382 1324 430 ξένος
1345 383 1472 437 αὐτῆς
1494 382 1688 429 οἰνωθεὶς
1708 384 1851 426 ὕπνω-

356 469 438 506 σεν,
488 454 621 507 ἐκείνη
654 453 795 506 λάθρᾳ
826 457 898 506 τῆς
929 452 1118 505 καλύβης
1150 451 1439 499 ὕπεξελθοῦσα
1470 451 1586 505 παρὰ
1623 452 1698 506 τὴν
1734 453 1853 495 πόλιν

295 526 342 562 30
355 522 528 576 ἀφίκετο
560 521 631 563 καὶ
662 521 795 562 πάντα
828 520 1091 574 καταγγέλλει
1122 525 1184 574 τῷ
1215 520 1407 574 Καίσαρι.
1468 518 1569 574 παρ’
1604 520 1654 563 οὗ
1687 522 1851 564 σταλέν-

353 607 418 637 τες
449 591 551 637 τινὲς
582 591 783 644 συνέσχον
815 590 944 630 αὐτοῦ
982 588 1053 630 τὸν
1091 589 1326 643 ἐπίβουλον,
1375 590 1422 636 ὃς
1453 590 1497 631 ἒν
1529 590 1690 645 ἀνάγκῃ
1723 586 1887 632 κατα-5

294 663 339 699 31
354 659 451 706 στὰς
482 659 528 700 τὸ
560 660 672 700 ἅπαν
705 658 846 712 δρᾶμα
880 658 1064 711 ἐξέφηνε.
1126 657 1197 699 καὶ
1220 658 1331 699 οὕτω
1353 658 1427 713 τὴν
1448 659 1673 714 ἐπιβουλὴν
1695 659 1719 701 ὁ
1739 658 1784 700 Γ
1779 659 1850 701 άλ-

353 729 425 775 λος
458 729 662 782 διέφυγεν,
695 728 852 768 ἐκεῖνον
884 726 1069 772 κολάσας
1099 726 1170 767 καὶ
1200 726 1297 773 τοὺς
1330 727 1477 781 ἐκείνῳ
1510 729 1763 783 συνίστορας.

248 801 278 836 Β
312 797 339 840 9
476 797 646 838 Τούτων
690 796 801 837 οὕτω
847 795 1180 850 συμβεβηκότων
1218 795 1242 836 ὁ
1274 796 1532 849 Μαγνέντιος
1576 795 1701 843 αὖθις
1743 795 1852 851 πρὸς

351 866 493 920 μάχην
525 865 768 919 ηὐτρέπιστο
800 864 870 905 καὶ
902 864 1134 919 συμβαλὼν
1164 868 1248 910 τοῖς
1275 868 1349 906 τοῦ
1377 864 1666 908 Κωνσταντίου
1689 859 1902 921 ἡττᾶταιῙ)
1922 859 1968 895 ῙῙᾸ

317 934 423 975 2καὶ
454 934 607 988 φεύγει.
671 934 711 974 οῖ
742 937 844 987 γοῦν
875 934 992 988 αὐτῷ
1029 933 1318 988 συμφυγόντες
1349 938 1604 988 στρατιῶται,
1653 934 1739 976 ἐπεὶ
1769 950 1851 989 μη-
1869 935 1914 971 10

354 1002 546 1056 δαμόθεν
577 1002 729 1055 ἑώρων
761 1002 901 1048 αὐτοῖς
932 1003 1141 1057 σωτηρίας
1173 1003 1317 1044 ἒλπίδα
1349 1003 1552 1058 περιλιπῆ,
1585 1003 1656 1045 καὶ
1676 1003 1853 1058 μάταιον

353 1072 564 1124 κρίναντες
612 1071 864 1112 κινδυνεύειν
910 1070 1016 1125 ὑπὲρ
1064 1072 1392 1126 ἀπεγνωσμένου
1440 1072 1606 1127 ἀνδρός,
1655 1072 1852 1114 ἐκδοῦναι

317 1139 480 1182 3αὗτὸν
518 1145 579 1193 τῷ
617 1139 779 1194 βασιλεῖ
813 1139 1124 1194 ἐβουλεύσαντο.
1180 1140 1251 1181 καὶ
1290 1141 1549 1195 περιστάντες
1587 1141 1662 1196 τὴν
1701 1141 1850 1194 οἰκίαν,

353 1209 457 1250 ἔνθα
489 1210 712 1262 κατέκειτο,
747 1208 791 1250 ἓν
822 1210 1000 1263 σχήματι
1029 1213 1237 1263 φρουρῶν
1259 1210 1501 1264 ἐφρούρουν
1523 1209 1662 1258 αὐτόν,
1694 1211 1759 1251 ἵνα
1789 1209 1850 1264 μὴ

315 1278 463 1332 4λάθῃ
497 1281 608 1332 σφᾶς
640 1278 851 1332 ἐκφυγών.
905 1278 967 1324 ὡς
999 1278 1037 1319 δ’
1071 1279 1179 1332 ἔγνω
1211 1278 1285 1333 τὴν
1317 1279 1457 1320 αὐτῶν
1490 1278 1675 1320 διάνοιαν
1706 1279 1730 1320 ὁ
1753 1279 1852 1320 Μα-
1868 1279 1912 1315 15

353 1347 531 1401 γνέντιος
561 1346 632 1388 καὶ
664 1347 708 1388 ἒν
745 1347 947 1401 ἀφύκτοις
984 1346 1132 1388 ἑαυτὸν
1169 1348 1524 1402 περιειλημμένον,
1572 1348 1617 1395 ἔξ
1653 1347 1854 1394 ἀπονοίας

351 1415 589 1470 μεμηνότος
620 1416 756 1470 ἔργον,
791 1416 852 1462 ὡς
883 1415 1020 1469 λόγος,
1054 1416 1286 1470 εἰργάσατο,
1318 1415 1415 1462 τοὺς
1445 1413 1544 1470 μεθ’
1565 1417 1716 1458 ἑαυτοῦ
1748 1416 1851 1458 πάν-

352 1501 425 1531 τας
457 1488 664 1539 συγγενεῖς
695 1501 736 1526 τε
768 1484 838 1526 καὶ
870 1485 1018 1539 φίλους
1050 1485 1298 1540 ἀνῃρηκώς·
1333 1484 1415 1527 εἶτα
1448 1485 1519 1526 καὶ
1543 1484 1761 1539 Δισιδερίῳ
1791 1489 1854 1540 τῷ

353 1615 375 1650 8
401 1616 452 1649 ὅτι
478 1615 538 1650 καὶ
563 1615 668 1654 αὖθις
694 1615 812 1656 (ἄκων
826 1615 871 1657 Ε)
899 1615 1034 1660 ἡττήθη
1052 1616 1072 1649 ὁ
1089 1616 1304 1660 ᾹΙαγνέντιος
1321 1615 1381 1651 καὶ
1405 1615 1527 1650 ἑαυτὸν
1553 1615 1762 1661 διεχρήσατο
1790 1614 1853 1652 ΟΕ

354 1663 399 1698 18
425 1664 475 1697 ὅτι
499 1664 680 1708 μόναρχος
706 1664 727 1699 ὅ
749 1663 995 1702 Κωνστάντιος
1028 1663 1176 1708 κατέστη
1205 1662 1278 1708 ΟΕ,
1329 1663 1391 1699 καὶ
1420 1663 1618 1709 ὁλοκλήρου
1649 1668 1709 1709 τῆς
1741 1663 1853 1709 ἀρχῆς

353 1711 491 1757 γέγονεν
515 1711 689 1757 ἐγκρατής
717 1710 746 1747 C

424 1841 446 1876 3
471 1841 550 1885 περὶ
575 1840 622 1885 D,
651 1851 752 1876 corr.
780 1841 848 1879 Dw
945 1840 967 1876 5
993 1841 1029 1876 ἐν
1057 1852 1131 1876 om.
1159 1841 1204 1886 Β,
1304 1842 1325 1875 6
1352 1840 1470 1885 δράμα
1496 1839 1643 1885 Apr,
1672 1850 1772 1875 corr.
1795 1837 1852 1875 Di

472 1890 493 1923 ὅ
518 1899 592 1924 om.
620 1889 651 1924 E
749 1889 770 1924 7
799 1891 889 1934 post
914 1889 1048 1924 ἐκεῖνον
1075 1889 1165 1924 add.
1193 1903 1228 1923 τε
1255 1888 1284 1924 C
1389 1888 1525 1923 ἐκείνου
1553 1887 1662 1933 pr‚
1694 1899 1731 1922 V.
1755 1887 1852 1922 XIII

425 1936 458 1980 6,
485 1936 508 1971 ‘2
667 1936 710 1971 11
737 1937 797 1972 καὶ
825 1936 1025 1982 om.pr
1196 1936 1240 1971 14
1265 1937 1445 1971 κατέκειτο
1472 1935 1517 1980 A,
1559 1936 1728 1981 κατήγετο
1754 1935 1852 1981 pr

426 1983 471 2019 15
497 1984 650 2029 διαλάθη
678 1984 749 2020 sed
775 1985 833 2019 δια
859 1987 904 2019 ut
929 1948 1075 2019 falslum
1102 1987 1173 2019 not
1177 1987 1285 2019 ·1tum
1314 1984 1349 2018 D
1530 1983 1562 2018 δ’
1588 1984 1678 2029 ἔγνω
1705 1982 1852 2028 Apr,

428 2033 518 2077 ἔγνω
546 2032 582 2067 D
609 2032 716 2075 (add.
744 2031 783 2067 δὲ
808 2031 902 2074 Bw),
942 2031 981 2066 δὲ
1008 2033 1153 2092 omiS'SO
1181 2033 1269 2077 ἔγνω
1297 2031 1354 2067 Di
1524 2031 1568 2066 16
1591 2032 1854 2077 περιειλημένον

426 2081 512 2123 (Sic)
529 2078 564 2115 A
661 2084 752 2126 post
778 2079 953 2126 ἀφύκτοις
979 2080 1071 2116 add.
1098 2080 1188 2126 ἔγνω
1198 2047 1370 2126 γΗΨΡΒὶ
1468 2079 1513 2114 18
1538 2093 1573 2115 τε
1592 2090 1666 2115 om.
1681 2079 1783 2125 pr

293 2201 339 2237 29
353 2216 405 2241 ne
431 2205 575 2241 audite
602 2205 775 2250 quidem,
812 2206 946 2241 omnia
972 2207 1166 2242 memoria
1194 2206 1358 2241 tenebat
1385 2215 1558 2250 eumque
1584 2205 1730 2250 hospes
1756 2205 1852 2240 vino

353 2254 494 2299 gravis
522 2253 800 2295 obdormisset,
828 2254 928 2288 elam
958 2263 980 2288 e
1012 2254 1178 2299 tugurio
1212 2264 1377 2299 egressa
1410 2253 1462 2287 ad
1495 2253 1636 2288 urbem
1670 2252 1781 2287 venit
1813 2254 1853 2287 et

292 2298 340 2332 30
355 2301 488 2336 omnia
515 2301 676 2336 nuntiat
703 2301 877 2337 Caesari.
928 2300 962 2335 A
991 2311 1070 2346 quo
1106 2302 1214 2336 missi
1247 2301 1431 2336 nonnulli
1465 2303 1660 2346 ceperunt
1691 2299 1852 2335 insidia-

292 2346 494 2391 31t01·,em
521 2349 589 2393 qui
617 2350 826 2384 tormentis
853 2315 1054 2384 adduct¹uS
1081 2352 1205 2384 totam
1232 2349 1411 2383 fabulam
1431 2348 1666 2383 enuntiavit.
1717 2346 1852 2393 Atque

353 2397 409 2431 ita
434 2396 590 2431 insidiis
617 2397 776 2432 evitatis
804 2396 943 2432 Gallus
967 2397 1077 2431 illum
1106 2397 1264 2442 punivit
1290 2396 1475 2441 illiusque
1503 2396 1695 2431 conscios.

473 2444 506 2479 9.
556 2444 628 2479 His
661 2445 783 2480 rebus
816 2446 871 2479 ita
905 2445 1029 2488 gestis
1062 2444 1320 2489 Meo-nemius
1356 2444 1489 2479 denuo
1529 2454 1670 2489 pugna
1707 2445 1852 2489 parata

317 2489 599 2537 2eongressus
627 2502 717 2527 eum
751 2493 940 2527 militibus
968 2491 1190 2528 Constantii
1223 2492 1400 2527 vincitur
1433 2495 1471 2526 et
1504 2491 1621 2537 fucrit.
1673 2489 1752 2526 Sed
1785 2491 1852 2525 mi-

354 2539 454 2582 lites,
483 2541 607 2585 fugae.
634 2540 743 2584 socii,
784 2550 875 2575 cum
901 2539 1012 2574 nulla
1039 2550 1090 2575 ex
1118 2543 1233 2585 parte
1260 2539 1446 2574 viderent
1473 2539 1547 2574 sibi
1551 2518 1714 2574 &salutis
1740 2548 1851 2584 spem

354 2587 538 2633 ielinqui,
578 2598 930 2633 supervacaneum
955 2588 1032 2622 rati
1059 2587 1239 2632 periculi
1272 2588 1408 2622 subire
1442 2597 1513 2632 plo
1546 2587 1759 2632 desperato
1787 2586 1852 2621 ho-

317 2632 472 2677 3mine,
499 2635 661 2670 tradere
688 2646 779 2671 eum
807 2635 895 2679 reo-i
923 2635 1229 2670 constituerunt.
1280 2635 1423 2679 Itaque
1451 2645 1541 2669 Cum
1574 2633 1852 2669 circumstetis-

355 2686 443 2717 sent
471 2683 645 2727 domum,
683 2684 755 2718 ubi
781 2683 952 2727 iacebat,
988 2682 1108 2718 modo
1137 2682 1412 2717 custodiarum
1439 2682 1722 2717 custodiebant
1748 2691 1851 2724 eum,

316 2727 339 2761 4
355 2739 406 2764 ne
425 2730 526 2764 clam
545 2740 587 2765 se
608 2731 821 2776 effug-eret.
860 2730 1118 2776 Magnentius
1137 2732 1283 2773 autem,
1312 2740 1399 2764 eum
1420 2730 1693 2774 perspexisset
1711 2739 1851 2764 eorum

355 2778 565 2812 consilium
592 2788 667 2813 nee
694 2781 800 2814 esset
827 2779 996 2823 ignarus
1029 2778 1227 2822 angustiis
1259 2777 1561 2812 inevitabilibus
1595 2787 1638 2811 se
1670 2776 1852 2821 undique

356 2825 496 2868 teneri,
530 2824 813 2870 desperatione
840 2826 1030 2861 incitatus
1057 2825 1227 2861 hominis
1254 2825 1396 2859 furiosi
1424 2825 1592 2867 facinus,
1632 2827 1678 2859 ut
1703 2825 1851 2867 ferunt,

357 2873 461 2917 fecit,
491 2882 592 2919 quos
619 2884 756 2911 secum
783 2874 958 2910 habebat
986 2873 1171 2909 omnibus
1190 2872 1374 2918 cognatis
1399 2875 1439 2907 et
1457 2872 1594 2908 amicis
1613 2872 1851 2917 interfectis3
