2054 3282
339 224 410 260 496
697 221 875 262 zoNAR.
904 223 1034 262 EPIT.
1061 221 1150 262 xv1
1177 224 1234 271 23,
1261 222 1414 269 34—24‚
1440 222 1474 263 7.

338 361 412 387 νυν
450 345 557 399 πρὸς
582 345 782 400 Ἰωάννην
818 345 1044 399 μάγιστρον
1080 345 1152 386 τὸν
1192 345 1429 401 Τζιμισκήν,
1473 348 1607 402 ἄνδρα
1646 353 1832 403 γενναῖον

339 413 408 454 καὶ
440 414 483 454 ἔν
515 414 779 468 ἀριστεύμασι
812 413 1047 467 διαβόητον,
1086 418 1390 468 στρατηγοῦντα
1423 415 1511 456 τότε
1541 420 1615 457 τοῦ
1646 417 1833 471 θέματος

337 484 422 521 τῶν
453 481 722 535 ἀνατολικῶν,
755 481 825 523 καὶ
855 480 963 534 πρὸς
993 480 1064 522 τὸν
1093 481 1321 536 μάγιστρον
1341 483 1561 537 Ῥωμανδν
1591 484 1662 526 τὸν
1691 485 1830 540 Κουρ-

337 549 483 602 κούαν,
522 550 724 603 ἐπίσημον
756 550 853 590 ὄντα
886 549 1080 590 κάκεῖνον
1111 549 1155 590 ἕν
1186 552 1494 606 στρατηγήμασι
1526 552 1596 594 καὶ
1625 557 1699 607 τῆς
1729 554 1880 595 ἀνα-1)
1900 557 2011 595 15⁷7ss

335 617 457 671 τολῆς
493 617 581 657 τότε
618 618 985 673 στρατηλατοῦντα,
1030 618 1091 663 ὡς
1130 618 1168 658 εἶ
1193 618 1265 659 τὸν
1302 619 1462 661 Φωκᾶν
1497 621 1772 676 κατασχόντες
1802 624 1866 677 ἢὸ

286 685 524 739 Βιιιοναχὸν
560 686 853 739 ἀποκείρουσιν
884 687 908 739 ἢ
942 685 1080 731 ἄλλως
1117 686 1163 727 ἑκ
1200 688 1333 740 μέσου
1370 689 1601 743 ποιήσουσι,
1643 689 1718 744 τὴν
1752 690 1830 744 μὲν

335 756 419 794 τῶν
457 752 623 807 σχολῶν
658 758 730 808 τῆς
769 753 971 808 ἀνατολῆς
1002 754 1137 808 ἀρχὴν
1168 755 1342 809 λήψεται
1374 757 1398 796 ὁ
1424 756 1624 812 Ἰωάννης
1654 757 1725 799 καὶ
1757 759 1828 800 δο-

333 821 526 874 μέστικος
557 822 687 862 ἔσεται
718 825 804 862 τῶν
835 821 959 875 ἑῴων
992 822 1227 877 δυνάμεων,
1274 824 1298 864 ὁ
1325 824 1543 879 Ῥωμανὸς
1575 826 1620 866 δὲ
1651 830 1723 881 τῆς
1754 827 1827 868 δύ-

274 892 320 926 35
335 904 443 933 σεως
473 889 725 943 κληθήσεται
759 890 1015 943 δομέστικος.
1078 891 1163 932 ἐπεὶ
1193 891 1238 933 δὲ
1259 892 1307 933 τὰ
1330 894 1554 947 γράμματα
1576 893 1647 935 καὶ
1668 894 1829 949 ἀμφοῖν

334 956 634 1011 ἐκομίσθησαν,
667 958 737 999 καὶ
768 958 903 1012 ἄμφω
935 962 1060 999 ταῦτα
1095 959 1326 1001 δεικνύουσι
1357 966 1418 1014 τῷ
1453 962 1590 1016 Φωκᾷ
1619 963 1691 1004 καὶ
1719 963 1828 1018 πρὸς
1845 970 1890 1005 10

273 1028 318 1063 36
333 1024 586 1066 ἀποστασίαν
615 1025 826 1079 ἠρέθιζον.
888 1030 962 1067 τοῦ
986 1027 1031 1067 δὲ
1052 1027 1344 1082 ἀναδυομένου
1365 1029 1474 1083 πρὸς
1493 1029 1567 1084 τὴν
1589 1031 1826 1086 ἐγχείρησιν,

331 1094 406 1133 εἴτε
437 1093 720 1147 πλαττομένου
753 1095 829 1134 εἴτε
859 1094 930 1135 καὶ
962 1095 1257 1150 ἀληθεύοντος,
1291 1097 1437 1138 ἐκεῖνοι
1462 1097 1511 1139 τὰ
1535 1099 1632 1153 ξίφη
1657 1101 1825 1153 γυμνώ-

270 1166 316 1201 37
330 1176 472 1206 σαντες
503 1161 658 1202 ἀνελεῖν
690 1162 885 1216 ἠπείλουν
917 1163 1056 1217 αὐτόν,
1090 1165 1127 1204 εἰ
1152 1164 1212 1218 μὴ
1245 1165 1445 1208 πείθοιτο.
1507 1167 1578 1207 καὶ
1609 1168 1656 1213 ὃς
1685 1172 1735 1223 τῇ
1755 1168 1826 1222 βίᾳ

328 1229 432 1284 τάχα
477 1230 710 1284 νικώμενος
749 1231 918 1278 ἐδέξατο
956 1231 1030 1286 τὴν
1068 1232 1295 1287 ἀνάρρησιν
1326 1233 1396 1274 καὶ
1426 1234 1511 1276 ὑπὸ
1542 1235 1711 1277 πάντων
1741 1239 1826 1277 τῶν

329 1377 351 1412 9
377 1378 473 1415 ὅπως
497 1378 517 1412 ὁ
546 1378 677 1417 Φωκᾶς
700 1378 864 1425 βασιλεὺς
889 1378 1071 1425 ἀνερρήθη
1101 1379 1163 1415 CE

401 1515 417 1549 1
439 1514 624 1561 τζιμισκὴν
642 1515 688 1560 A,
707 1517 892 1562 τζιμισκῆν
912 1515 1077 1562 prDi‚
1097 1528 1134 1553 V.
1154 1518 1205 1552 ad
1223 1517 1334 1554 XVII
1356 1520 1386 1563 1,
1407 1519 1425 1554 1
1519 1519 1611 1554 1-3
1628 1519 1686 1555 τὸν
1708 1521 1821 1566 Τζιμι-

399 1562 752 1608 σκὴν--ἀνατολικῶν
768 1574 842 1599 om.
855 1564 890 1599 D
905 1565 972 1600 Wo
987 1565 1052 1600 lat.
1150 1566 1173 1600 4
1190 1566 1371 1611 ἀνατολῆς]
1389 1578 1425 1602 v.
1439 1566 1820 1613 Schlumbergerum

407 1610 466 1645 Un
498 1621 643 1650 emper.
678 1612 846 1657 Byzant.
879 1623 933 1647 au.
968 1611 1106 1647 Xieme
1139 1612 1264 1648 siecle.
1298 1613 1465 1659 Nice'ph.
1492 1615 1656 1651 Phocus.
1694 1615 1822 1651 Paris.

403 1658 497 1693 1890
522 1669 558 1703 p.
574 1659 644 1694 278
740 1660 763 1693 6
788 1659 1035 1705 ἀποκείρουσιν
1061 1660 1229 1706 prDi‚
1256 1662 1481 1707 ἀποκείρουσι
1507 1661 1542 1696 Α
1569 1665 1620 1703 (v.
1647 1663 1699 1697 ad
1724 1663 1820 1698 XIII

401 1707 431 1749 1,
458 1706 506 1750 ὃ),
531 1706 747 1751 ἀποκείρωσι
775 1707 810 1741 D
931 1708 1105 1753 ποιήσωσι
1134 1708 1169 1742 Ι)
1298 1710 1320 1744 8
1345 1710 1436 1744 ἔσται
1463 1709 1637 1756 EwpDQ'-;
1664 1710 1820 1746 Zonara

398 1754 517 1788 niodo
543 1755 652 1789 ἔσεται
680 1755 713 1796 (Ι
740 1766 776 1800 p.
798 1755 876 1798 102,
894 1756 928 1790 8.
956 1756 1034 1799 153,
1053 1757 1086 1791 4.
1113 1756 1193 1800 266,
1215 1757 1269 1791 10.
1300 1757 1336 1791 II
1365 1768 1399 1803 p.
1424 1757 1481 1801 91,
1502 1758 1556 1792 18.
1583 1757 1665 1800 30⁴2,
1682 1758 1703 1793 4
1731 1759 1820 1801 cet.)

397 1801 516 1836 modo
543 1802 634 1837 ἔσται
665 1802 698 1846 (Ι
725 1813 760 1848 p.
789 1803 845 1847 72,
873 1805 904 1839 7.
933 1803 1011 1844 103,
1039 1805 1070 1838 8.
1100 1803 1176 1847 104,
1203 1804 1236 1839 ἶ).
1265 1804 1344 1849 141,
1374 1805 1427 1840 12.
1456 1805 1533 1848 159,
1561 1805 1594 1840 3.
1620 1805 1700 1851 973,
1726 1806 1760 1840 4.
1786 1806 1820 1842 5.

397 1848 478 1890 325,
494 1849 515 1883 9
532 1852 620 1890 cet.)
648 1850 876 1895 adhibente,
904 1861 977 1885 nos
997 1852 1189 1896 optimum
1210 1852 1388 1887 codicem
1411 1854 1537 1887 secuti
1565 1856 1603 1887 et
1629 1853 1647 1887 I
1673 1864 1710 1898 p.
1725 1854 1819 1899 68,9

398 1906 449 1931 ex
474 1897 576 1932 libro
594 1896 629 1931 A
648 1907 888 1933 revocamus
906 1899 995 1933 ἔσται
1017 1902 1056 1933 et
1075 1899 1148 1934 lioc
1169 1899 1255 1934 loco
1275 1910 1325 1934 ex
1345 1899 1414 1935 AO
1434 1901 1680 1935 restituimus
1698 1902 1818 1936 ἔσεται.

397 1945 430 1978 ὃ.
456 1943 479 1978 9
517 1949 577 1989 τῆς
615 1945 750 1983 δύσεως
787 1945 1003 1991 κληθήσεται
1042 1947 1249 1991 δομέστικος
1283 1946 1449 1993 EwpDi,
1487 1962 1515 1982 τ.
1550 1948 1625 1983 δύο.
1659 1949 1820 1994 κλήσεως

397 1992 610 2037 κληθήσεται
626 1993 832 2037 δομέστικος
846 1992 893 2037 A,
920 1994 1126 2039 δομέστικος
1140 2009 1168 2030 τ.
1183 1995 1260 2029 δύσ.
1273 1996 1557 2041 προβληθήσεται
1573 1995 1604 2030 Ο
1682 1996 1704 2031 9
1731 2001 1820 2042 post

397 2040 582 2084 γράμματα
610 2040 702 2075 add.
728 2045 832 2076 ταῦτα
860 2040 891 2075 Ο
1014 2042 1060 2076 10
1083 2047 1189 2077 ταῦτα
1215 2042 1360 2088 AEwp,
1387 2043 1471 2078 αὐτὰ
1499 2042 1530 2077 Ο
1655 2045 1694 2078 ll
1724 2048 1818 2079 ante

395 2087 562 2132 ἠρέθιζον
588 2087 679 2123 add.
698 2088 755 2123 τὸν
771 2089 882 2133 ἄνδρα
902 2088 999 2135 pr
1099 2090 1143 2124 12
1167 2089 1232 2124 εἴτε
1248 2091 1305 2125 πλ.
1326 2090 1371 2136 p*
1470 2095 1558 2136 post
1583 2091 1699 2126 πλαττ.
1726 2091 1818 2127 add.

398 2139 499 2169 τοῦτο
524 2134 622 2181 pr
739 2136 783 2170 13
807 2136 912 2171 αὐτὸν
939 2135 1106 2183 prDi‚
1132 2138 1228 2182 αὐτῷ
1256 2141 1295 2172 et
1320 2138 1424 2173 αὐτὸν
1451 2149 1522 2184 per
1549 2138 1711 2184 dittogr.
1736 2139 1771 2174 A

398 2183 442 2216 14
467 2182 567 2227 τάχα]
594 2183 699 2229 ταύτῃ
727 2183 839 2220 DI‘VO
865 2184 930 2220 lat.

325 2319 475 2365 phorus
494 2330 536 2356 se
556 2320 717 2357 domum
736 2322 777 2357 in
793 2320 1091 2368 Cappadociam
1111 2324 1356 2366 contulisset,
1375 2323 1548 2359 cubiculi
1569 2323 1817 2370 praefectum

264 2367 310 2402 34
325 2367 364 2401 id
384 2368 418 2402 ei
440 2369 685 2404 concessisse
704 2371 919 2414 paenituit3
947 2370 995 2405 de
1016 2380 1063 2405 eo
1082 2372 1206 2417 igitur
1225 2371 1452 2406 amovendo
1471 2371 1662 2406 sollicitus
1680 2372 1817 2407 scribit

325 2415 376 2449 ad
395 2414 586 2451 Ioannem
606 2418 842 2463 magistrum
861 2417 1108 2462 Tzimiscern‚
1127 2419 1258 2453 virum
1278 2419 1469 2464 optimum
1492 2422 1530 2453 et
1548 2419 1818 2464 fortissimum,

325 2463 392 2506 qui
419 2468 607 2507 praeerat
633 2464 916 2509 Orientalibus,
943 2469 982 2500 et
1012 2466 1064 2500 ad
1090 2467 1327 2511 magistrum
1354 2466 1578 2500 Romanum
1605 2465 1816 2511 Curcuam,

324 2509 515 2545 illustrem
542 2512 583 2546 in
609 2523 652 2547 re
676 2512 836 2547 militari
863 2515 995 2548 virum
1023 2517 1063 2548 et
1081 2513 1254 2548 Orientis
1278 2514 1433 2557 ducem,
1462 2514 1494 2548 si
1514 2513 1687 2548 Phocam
1715 2524 1818 2549 eom-

324 2557 565 2602 prehensum
599 2560 663 2595 vel
697 2561 938 2596 monachum
977 2561 1225 2596 totonderint
1252 2562 1315 2596 vel
1342 2562 1456 2596 aliter
1483 2571 1505 2595 e
1531 2561 1663 2596 medio
1687 2565 1817 2597 sustu-

324 2604 452 2647 lerint,
490 2605 682 2642 Ioannem
709 2608 876 2653 imperio
904 2608 1132 2644 scholarum
1160 2607 1332 2643 Orientis
1359 2611 1525 2654 accepto
1552 2608 1815 2644 domesticum

324 2653 410 2686 fore
430 2654 682 2689 orientalium
703 2656 920 2700 copiarum,
946 2655 1170 2691 Romanum
1190 2665 1286 2690 vero
1305 2655 1567 2691 domesticum
1587 2655 1814 2692 Occidentis

262 2698 309 2732 35
324 2699 578 2745 designatum
599 2702 656 2737 iri.
708 2703 786 2737 Eas
811 2703 964 2738 litteras
990 2703 1041 2738 ad
1062 2713 1105 2738 se
1123 2703 1299 2748 perlatas
1316 2706 1488 2748 uterque
1507 2703 1666 2738 Phocae
1685 2708 1814 2739 osten·

262 2746 308 2781 36
323 2746 380 2781 dit
415 2751 455 2782 et
487 2748 539 2783 ad
571 2749 838 2785 defectionem
872 2751 1021 2786 incitat.
1071 2750 1375 2796 Tergiversanti
1409 2754 1448 2785 et
1480 2751 1565 2786 sive
1598 2761 1647 2786 ex
1679 2752 1812 2786 animo

322 2795 408 2828 sive
434 2796 618 2831 simulate
645 2797 884 2833 detrectanti
907 2798 960 2833 illi
979 2798 1125 2833 strictis
1143 2798 1289 2843 gladiis
1307 2808 1445 2833 necem
1464 2799 1709 2842 minitantur,
1737 2800 1812 2834 nisi

262 2840 307 2876 37
324 2842 583 2888 obtemperet.
635 2843 882 2880 Necessitate
900 2846 1036 2891 igitur,
1062 2850 1107 2880 ut
1126 2846 1278 2891 opinor,
1307 2847 1437 2880 victus
1456 2856 1536 2881 non
1556 2847 1812 2892 repugnavit,

323 2890 418 2936 quin
434 2890 485 2924 ab
502 2891 687 2927 omnibus
703 2893 967 2928 orientalibus
981 2894 1106 2939 copiis
1119 2893 1339 2939 imperator
1352 2892 1625 2929 Romanorum
1640 2893 1813 2939 appella—
