2066 3230
477 218 705 259 ROBERTI
732 219 925 261 FRANCI
949 180 1199 262 VICTORIA
1222 222 1291 261 ET
1316 220 1531 263 CLADES.
1675 224 1745 264 735

254 343 363 399 ἀνὴρ
400 343 644 398 πανοῦργός
679 360 722 386 τε
752 343 824 387 καὶ
853 345 1204 400 πολεμικώτατος.
1265 346 1413 389 αὐτίκα
1443 348 1580 390 τοίνυν
1610 348 1635 390 ὁ
1665 349 1743 403 βα-
1757 354 1780 390 2

255 411 388 459 σιλεὺς
431 413 716 467 ἐξεστράτευσε
754 413 826 455 καὶ
864 413 1087 468 γενόμενος
1123 413 1229 456 κατὰ
1266 413 1314 457 τὸ
1345 414 1583 471 Δυρράχιον
1612 432 1744 471 προσ-

254 480 394 535 βάλλει
424 485 509 528 τοῖς
537 481 766 536 πολεμίοις·
797 482 870 523 καὶ
899 482 1089 537 ἡττηθεὶς
1116 483 1280 530 ἀκλεῶς
1300 484 1441 538 ἔφυγε,
1471 484 1641 527 πολλῶν
1661 486 1781 528 ἐκεῖ3
1806 491 1837 528 C

253 548 470 592 πεσόντων
501 550 553 591 οὗ
582 553 669 592 τῶν
697 550 910 605 τυχόντων
939 550 1075 605 μόνον
1105 555 1380 606 στρατιωτῶν,
1424 552 1527 594 ἀλλὰ
1560 553 1631 595 καὶ
1660 557 1746 596 τῶν

219 622 242 659 5
256 617 301 659 ἕν
337 618 566 672 ὑπεροχαῖς
602 617 675 660 καὶ
715 618 925 673 βασιλείου
962 619 1253 674 τυγχανόντων
1295 620 1341 669 ἐξ
1382 622 1567 675 αἵματος,
1610 621 1682 664 καὶ
1718 623 1744 677 ἡ

254 685 504 741 παρεμβολὴ
537 686 736 741 ξύμπασα
769 686 881 728 ἑάλω
911 691 996 734 τοῖς
1025 687 1248 743 πολεμίοις.
1309 689 1334 730 ὁ
1353 688 1432 743 μὲν
1453 687 1529 732 οὖν
1555 689 1781 745 βασιλεὺς4

255 754 483 809 ἡττημένος
513 754 748 809 ἐπανῆλθεν
768 755 826 802 εἷς
845 754 892 796 τὸ
914 755 1161 805 Βυζάντιον·
1193 757 1234 799 οῖ
1264 756 1310 799 δὲ
1339 757 1550 812 βάρβαροι
1579 762 1629 814 τῇ
1651 759 1744 814 νίκῃ

253 823 542 878 πεφυσημένοι
579 822 710 877 ὁμόσε
747 822 854 865 κατὰ
889 824 1060 866 πάντων
1091 825 1284 879 ἐχώρουν
1313 825 1383 867 καὶ
1414 826 1522 868 εἷλον
1551 829 1637 868 τῶν
1665 842 1744 868 πο-

253 890 464 946 λισμάτων
493 891 594 940 τινά,
626 889 690 933 ὧν
719 890 827 946 ἦσαν
857 892 883 947 ἡ
906 891 1119 947 Καστορία
1150 909 1192 935 τε
1222 893 1293 935 καὶ
1313 894 1339 949 ἡ
1362 894 1564 949 Λάρισσα.
1625 896 1743 937 ὠνει-
1757 902 1781 938 5

196 966 242 1003 10
254 959 468 1013 ροπόλουν
506 959 552 1002 δὲ
589 958 660 1001 καὶ
697 959 827 1015 αὐτὴν
862 959 937 1015 τὴν
973 960 1163 1015 βασιλίδα
1194 965 1280 1003 τῶν
1309 962 1476 1004 πόλεων
1505 963 1743 1019 καταλήψε-

254 1028 368 1082 σθαι,
400 1025 487 1070 ἀλλ’
511 1028 536 1070 ὁ
555 1027 747 1083 βασιλεὺς
776 1028 848 1070 καὶ
876 1028 999 1070 πάλιν
1030 1029 1286 1083 ἐκστρατεύει
1316 1030 1388 1072 καὶ
1418 1031 1636 1073 ἀπελαύνει
1665 1031 1744 1087 μὲν

252 1100 326 1151 τῆς
356 1095 594 1151 Καστορίας
622 1096 719 1144 τοὺς
749 1096 879 1151 αὐτὴν
909 1101 1203 1152 φρουροῦντας
1231 1098 1492 1153 βαρβάρους,
1534 1099 1668 1142 ἄπεισι
1699 1099 1745 1142 δὲ

253 1164 359 1207 κατὰ
390 1169 464 1207 τοῦ
490 1164 747 1220 Ῥομπέρτου
778 1164 850 1206 καὶ
881 1166 1185 1221 στρατηγήματι
1222 1166 1297 1221 τὴν
1335 1166 1496 1209 ἐκείνου
1534 1167 1742 1223 δεινότητα
1758 1175 1794 1211 D

252 1235 412 1289 μέτεισι.
473 1239 535 1288 τῷ
556 1233 636 1288 γὰρ
658 1233 833 1288 ἀδελφῷ
847 1233 1057 1289 Ἀδριανῷ
1076 1234 1124 1276 τὸ
1145 1239 1286 1290 σχῆμα
1308 1234 1355 1277 τὸ
1385 1235 1598 1290 βασιλικὸν
1627 1252 1743 1291 περι·
1757 1244 1780 1280 6

196 1311 241 1349 15
252 1302 390 1358 τίθησι
419 1301 491 1344 καὶ
516 1302 749 1357 στράτευμα
771 1301 873 1348 δοὺς
893 1302 1010 1356 αὐτῷ
1032 1302 1214 1344 ἐναντίον
1234 1307 1308 1345 τοῦ
1325 1303 1581 1358 Ῥομπὲρτου
1603 1308 1744 1359 στῆναι

256 1371 549 1414 διακελεύεται·
595 1371 633 1413 εἰ
668 1368 705 1413 δ’
745 1371 903 1417 ἐκεῖνος
940 1370 1115 1426 ὁρμήσει
1156 1372 1435 1426 μαχέσασθαι,
1478 1373 1653 1427 στρέψαι
1694 1372 1743 1414 τὰ

328 1537 347 1573 1
375 1537 397 1573 δ
419 1536 489 1574 ΑΕ
514 1535 628 1584 Glyc.
655 1547 692 1583 p.
718 1536 800 1580 619,
827 1535 884 1581 14,
909 1536 970 1572 καὶ
995 1536 1016 1571 δ
1039 1535 1136 1583 pr
1245 1537 1268 1572 2
1293 1537 1417 1583 δυρρώ
1443 1551 1497 1573 ιον
1524 1537 1560 1572 D
1665 1537 1687 1574 7
1711 1538 1749 1573 οἵ

325 1585 434 1632 βάρβ.
460 1584 500 1621 δὲ
524 1584 557 1622 Ο
666 1584 689 1620 9
714 1583 809 1623 τινὰς
834 1583 866 1619 Ε
963 1584 1102 1630 Λάρισα
1127 1583 1184 1621 Di
1209 1585 1346 1621 invitis
1373 1584 1407 1620 A
1446 1595 1509 1631 wp
1606 1584 1746 1630 ὠνειρο-

324 1633 436 1678 πόλην
463 1632 510 1679 p*
656 1632 701 1668 13
727 1635 822 1668 ante
849 1630 938 1667 κατὰ
963 1632 1055 1667 add.
1081 1632 1141 1668 καὶ
1166 1631 1196 1668 C
1353 1632 1551 1678 ῥομπέρτου
1578 1632 1745 1678 prDi,

325 1680 545 1726 ῥουμπέρτου
570 1679 607 1716 Α
694 1679 738 1715 14
763 1682 859 1716 ante
883 1678 949 1725 γὰρ
974 1679 1068 1715 add.
1091 1679 1156 1725 μὲν
1183 1679 1280 1726 pr
1368 1679 1484 1716 14.15
1510 1680 1568 1715 τὸν
1592 1680 1747 1726 ἀδελφὸν

322 1729 499 1773 Ἀδριανόν
524 1729 574 1768 εἰς
597 1727 739 1775 βασιλέα
763 1728 1079 1773 μετασχηματίσας.
1117 1726 1148 1762 ὦ
1174 1727 1370 1773 στράτευμα
1402 1727 1486 1767 δοὺς
1509 1727 1662 1763 ἐναντίον
1686 1733 1747 1763 τοῦ

326 1776 579 1822 στρατεύματος
606 1775 824 1822 Ῥομπέρτου
858 1780 977 1821 στῆναι
1005 1794 1049 1801 -
1076 1786 1113 1821 p.
1140 1775 1221 1820 736,
1247 1775 1280 1811 9.
1307 1775 1354 1811 10
1384 1775 1492 1814 εὐθὺς
1521 1781 1664 1820 παρεῖτο
1694 1785 1746 1811 ex

326 1823 485 1859 Zonara
508 1824 711 1870 descripta
736 1825 830 1859 sunt
853 1832 877 1858 a
907 1822 964 1858 ud
988 1823 1293 1869 epitomatorem
1317 1822 1525 1859 Alexiadis
1549 1823 1747 1859 Hoesche·

327 1872 478 1907 lianum
508 1872 562 1916 (v.
588 1870 693 1907 Ann.
719 1870 857 1907 Comn.
930 1881 968 1917 p.
993 1870 1074 1915 248,
1100 1870 1123 1905 2
1148 1881 1240 1906 ann.
1268 1874 1354 1916 cr.);
1393 1881 1484 1906 nam
1512 1874 1602 1917 post
1628 1870 1746 1907 Scho-

328 1929 478 2003 Kenum
516 1919 660 1965 (praef.
687 1917 780 1954 edit.
806 1917 911 1953 Ann.
937 1917 1075 1954 Comn.
1102 1929 1139 1964 p.
1165 1917 1311 1959 XVIII)
1350 1929 1488 1954 omnes
1518 1922 1679 1964 praeter
1705 1917 1746 1954 C.

365 1967 626 2004 eumannium
655 1966 726 2003 Gr.
747 1964 1082 2002 Genchichtsschr.
1108 1976 1147 2001 ιι.
1177 1964 1475 2011 Geschichtsqu.
1501 1965 1527 2001 i.
1554 1965 1614 2001 12.
1627 1965 1746 2001 Jhdt.

328 2014 436 2062 Lips.
465 2014 557 2051 1888
582 2025 619 2061 p.
645 2014 693 2050 30
724 2023 795 2060 per
826 2022 936 2048 eram
969 2014 1174 2049 censuisse
1206 2023 1230 2048 a
1257 2013 1414 2048 Zonara
1446 2012 1608 2059 quidem
1643 2013 1747 2048 hanc

328 2063 545 2109 epitomam
569 2062 763 2098 librorum
822 2070 930 2096 unae
956 2070 1045 2096 esse
1071 2060 1291 2096 adhibitam
1317 2060 1410 2096 indo
1428 2064 1609 2107 apparet,
1663 2060 1746 2096 uod

329 2113 486 2146 constat
512 2113 564 2153 (v.
591 2109 706 2146 B-W
726 2110 938 2145 comment.
964 2107 1157 2144 Fleckeis.
1185 2118 1220 2154 p.
1248 2108 1330 2150 125)
1360 2118 1385 2143 a
1411 2107 1567 2143 Zonara
1592 2117 1648 2143 nu
1679 2117 1746 2143 um

328 2162 536 2194 auctorem
568 2167 749 2203 unquam
782 2155 835 2191 ad
868 2156 1037 2191 verbum
1065 2165 1153 2191 esse
1183 2155 1427 2201 descriptum
1454 2157 1507 2197 (v.
1535 2158 1746 2202 praeterea

327 2205 625 2241 Neumannium
652 2204 675 2240 Ι.
702 2206 750 2250 c.)
863 2203 908 2238 15
934 2206 1023 2250 post
1048 2203 1144 2248 αὐτῷ
1171 2202 1262 2238 add.
1288 2202 1348 2238 καὶ
1376 2202 1406 2238 Ε
1529 2203 1571 2239 16
1598 2202 1745 2248 στρέψαι

328 2251 524 2300 AprDi
549 2253 709 2300 epitom.
735 2251 956 2296 Hoeschel„
983 2251 1109 2297 τρέψαι
1136 2250 1216 2295 ΒΙ),
1244 2261 1281 2286 ν.
1308 2250 1360 2286 ad
1386 2249 1496 2286 XVII
1521 2250 1555 2295 2,
1581 2250 1629 2286 22

259 2419 335 2455 viri
359 2417 491 2454 callidi
520 2420 560 2454 et
584 2416 885 2460 bellicosissimi,
912 2419 1053 2452 contra
1073 2414 1339 2462 Epidamnum
1361 2413 1631 2461 expeditione,
1658 2414 1743 2461 ipse
1758 2413 1782 2451 2

258 2466 353 2502 illuc
386 2466 592 2512 profectus
624 2464 916 2509 commissoque
948 2462 1058 2509 apud
1092 2462 1387 2508 Dyrrhachium
1424 2461 1576 2508 proelio
1615 2462 1783 2498 victusB

258 2514 430 2560 turpiter
462 2513 579 2559 sug-it,
619 2512 753 2548 multis
784 2521 866 2547 non
898 2511 1100 2556 gregariis
1129 2514 1284 2546 tantum
1311 2509 1514 2554 miiithus,
1551 2509 1623 2545 sed
1650 2510 1746 2544 viris

257 2562 378 2598 etiam
405 2560 605 2607 dignitate
631 2559 930 2606 praestantibus
956 2564 996 2594 et
1018 2558 1119 2603 regii
1145 2557 1355 2603 sanguinis
1381 2558 1613 2600 intersectis,
1639 2557 1745 2592 totis·

258 2619 339 2656 que
372 2609 514 2645 castris
549 2608 601 2643 ab
636 2607 817 2643 hostibus
851 2606 989 2652 captis.
1040 2605 1221 2651 Cumque
1252 2615 1321 2640 rex
1351 2603 1587 2650 Byzantium
1616 2604 1780 2640 victus4

258 2656 454 2701 rediisset,
494 2655 657 2691 barbari
695 2654 864 2690 victoria
902 2653 994 2689 elati
1032 2652 1213 2698 undique
1251 2652 1488 2688 invaserunt
1522 2657 1562 2687 et
1596 2651 1746 2697 oppida

258 2704 460 2751 quaedam
485 2706 691 2749 ceperunt,
716 2706 762 2738 ut
779 2701 998 2739 Castorimn
1026 2705 1066 2736 et
1085 2699 1297 2744 Larissam,
1323 2700 1441 2735 etiam
1470 2700 1609 2744 regiae
1634 2698 1782 2734 urbisfi

258 2751 461 2788 excidium
487 2751 753 2794 somniantem
781 2758 920 2785 verum
947 2758 1018 2783 rex
1046 2747 1180 2783 denuo
1207 2747 1363 2782 eductis
1388 2747 1514 2792 copiis
1539 2751 1579 2782 ot
1605 2746 1746 2782 barba-

259 2809 395 2835 rorum
434 2798 636 2845 praesidio
663 2797 846 2834 Castor-ia
910 2796 999 2831 uiso
1035 2799 1174 2831 eontra
1207 2794 1426 2830 ltobertum
1461 2794 1546 2829 abit
1577 2794 1746 2839 eiusque

260 2846 519 2883 cailiditatem
550 2849 638 2882 arte
669 2845 805 2881 eludit.
892 2853 955 2879 am
988 2843 1100 2878 fratri
1128 2842 1335 2878 num-iano
1369 2841 1506 2877 habitu
1541 2842 1653 2924 τεῑῖίο
1683 2842 1783 2878 ac·G

260 2893 513 2931 commodato
533 2894 798 2939 exercituque
816 2891 910 2927 dato
929 2890 1104 2935 mandat,
1130 2895 1174 2926 nt
1194 2894 1333 2926 contra
1355 2888 1572 2926 Bobertum
1606 2899 1630 2925 u
1659 2898 1746 2936 pro—
