1968 3302
490 214 698 255 GALLVS
724 215 936 256 CAESAR.
986 214 1337 255 MAGNENTIVS.
1620 207 1665 247 41

167 342 239 386 καὶ
269 343 372 398 οἴνῳ
403 341 449 383 τὸ
481 341 631 398 ταύτης
662 343 765 397 αἷμα
789 341 1016 396 προσμίξαι
1037 340 1108 383 καὶ
1130 340 1276 382 δοῦναι
1297 343 1381 386 τοῖς
1402 338 1669 393 στρατιώταις

168 412 297 454 αὐτοῦ
330 412 659 466 ἀπογεύσασθαι,
693 411 759 453 ἐπὶ
786 411 946 458 τούτοις
967 410 1126 465 ἐκείνης
1147 408 1319 464 ἐπῳδὰς
1339 408 1538 462 εἰπούσης
1558 406 1669 454 τινὰς
1683 404 1713 440 Ρ
1728 403 1765 440 ῙῙ
1783 403 1826 441 17
1840 401 1876 440 Α

167 481 239 524 καὶ
271 481 486 536 δαιμόνων
518 481 850 535 ἐπικαλουμένης
881 480 1133 534 ἐπικουρίαν.
1195 479 1286 532 ἄρτι
1319 478 1365 520 δὲ
1397 482 1470 532 τῆς
1506 478 1669 531 ἡμέρας
1683 474 1728 510 13

168 551 364 605 κλινάσης
397 550 588 605 ἀλλήλοις
625 550 940 605 συνερράγησαν
976 548 1025 590 τὰ
1065 548 1364 604 στρατεύματα,
1403 546 1475 588 καὶ
1512 545 1669 593 πολλὰς

132 622 240 675 5τῆς
269 620 411 675 μάχης
442 619 625 675 σχούσης
659 618 896 674 μεταβολὰς
935 619 1050 665 τέλος
1088 619 1114 673 ἡ
1154 617 1246 672 νίκη
1286 621 1349 671 τῷ
1386 615 1669 670 Κωνσταντίῳ

169 688 439 744 ἐπεμειδίασε,
483 688 554 730 καὶ
596 689 719 743 μέχρι
762 688 940 743 βαθείας
983 686 1133 734 νυκτὸς
1177 686 1479 730 συνεκόπτοντο
1519 686 1559 727 οἱ
1594 688 1668 726 τοῦ

167 756 431 812 ᾹΙαγνεντίου
463 757 534 799 καὶ
565 757 830 799 ἀπώλλυντο·
872 757 984 798 οὕτω
1024 756 1069 798 δὲ
1104 760 1177 811 τῆς
1207 759 1280 798 τοῦ
1311 755 1500 810 πολέμου
1533 755 1670 809 ῥοπῆς
1685 751 1730 786 14

167 842 227 881 τῳ
259 826 452 881 τυράννῳ
484 826 811 881 συνενεχθείσης,
844 826 900 872 εἷς
932 825 1073 880 φυγὴν
1104 826 1261 871 ἐκεῖνος
1292 824 1468 866 ἀπεῖδεν.
1531 824 1596 865 ἵνα
1624 823 1669 865 δὲ
1686 819 1729 856 15

12 892 71 937 ΠΙ
87 897 154 933 198
167 895 226 951 μὴ
259 900 344 942 τοῖς
373 896 600 951 βασιλικοῖς
630 896 901 950 παρασήμοις
931 895 1106 950 φεύγων
1138 894 1392 948 γνωρίζοιτο,
1430 893 1670 935 ἀποτίθεται

110 967 156 1003 10
166 968 293 1007 ταῦτα
325 964 396 1006 καὶ
427 964 638 1019 ἰδιωτικὴν
670 963 954 1019 ἅναλααβάνει
986 963 1135 1018 στολὴν
1161 963 1233 1005 καὶ
1252 967 1315 1017 τῷ
1334 962 1574 1018 βασιλείῳ”
1552 977 1670 1003 ιππω

165 1033 214 1075 τὰ
245 1034 478 1088 παράσημα
511 1033 759 1088 ἐπιθέμενος
789 1033 934 1074 ἄνετον
965 1033 1106 1087 ἀφῆκε
1136 1033 1293 1087 τρέχειν
1324 1031 1463 1079 αὐτόν,
1501 1031 1565 1072 ἵνα
1598 1046 1668 1072 νο-

164 1103 324 1157 μίζοιτο
361 1101 470 1157 πρὸς
508 1106 593 1144 τῶν
631 1102 834 1157 ὁρώντων
871 1101 942 1143 τὸν
986 1102 1112 1143 ἵππον
1155 1102 1309 1143 θέοντα
1352 1104 1426 1142 τοῦ
1472 1099 1668 1154 ἕπιβάτου

165 1171 298 1227 χωρὶς
329 1172 594 1227 ἀνῃρημένος
625 1170 751 1218 αὖτὸς
782 1170 853 1212 καὶ
883 1170 943 1225 μὴ
977 1170 1283 1212 καταδιώκοιτο
1315 1169 1423 1224 πρός
1443 1185 1582 1211 τινων.
1645 1167 1729 1210 ὁ16

165 1240 244 1295 μὲν
274 1239 350 1282 οὗν
382 1241 494 1282 οὕτω
528 1240 690 1294 διέδρα·
723 1239 861 1281 ἔωθεν
894 1238 939 1281 δὲ
961 1239 985 1281 ὁ
1010 1238 1300 1284 Κωνστάντιος
1332 1239 1401 1280 ε’πί
1427 1254 1536 1284 τινος
1567 1236 1715 1279 ἀνα-Β

109 1310 154 1347 15
166 1309 247 1365 βὰς
277 1309 414 1364 λόφου
446 1309 517 1351 καὶ
547 1309 621 1364 τὴν
651 1308 964 1363 παρακειμένην
994 1308 1185 1361 πεδιάδα,
1225 1306 1328 1348 ἀλλὰ
1367 1306 1454 1362 μὴν
1491 1306 1562 1348 καὶ
1599 1305 1671 1348 τὸν

167 1379 460 1434 παραρρέοντα
492 1377 684 1432 ποταμὸν
715 1380 880 1431 νεκρῶν
911 1377 1016 1418 ἰδὼν
1048 1377 1239 1431 γέμοντα,
1271 1377 1329 1422 εἰς
1355 1374 1519 1430 φανερὰ
1541 1375 1670 1429 κατή-

168 1463 287 1489 νεκτο
332 1447 511 1502 δάκρυα,
556 1447 607 1488 οὗ
646 1446 806 1500 μᾶλλον
844 1445 911 1487 διὰ
950 1445 1024 1500 τὴν
1063 1445 1182 1500 νίκην
1218 1444 1430 1499 ἡδόμενος
1468 1444 1569 1486 ὅσον
1602 1443 1669 1485 διὰ

166 1515 238 1558 τὸν
267 1519 353 1558 τῶν
382 1515 597 1558 πεσόντων
629 1514 889 1569 δακνόμενος
921 1514 1114 1569 ὄλεθρον.
1177 1514 1362 1568 λέγονται
1394 1512 1475 1568 γὰρ
1508 1513 1555 1555 ἐκ
1592 1511 1670 1567 μὲν
1688 1513 1732 1549 17

170 1664 191 1700 7
217 1665 267 1699 ὅτι
292 1664 455 1711 ἡττηθεὶς
481 1664 501 1699 ὄ
526 1664 743 1710 Μαγνέντιος
768 1664 898 1710 ἔφυγεν
925 1663 987 1700 CE

242 1803 265 1838 2
290 1802 374 1838 αὐτὸ
399 1803 501 1848 pr
657 1817 748 1841 τινας
774 1803 940 1848 εἰπούσης
967 1801 1065 1848 pr
1223 1803 1246 1838 3
1271 1803 1377 1838 inter
1403 1801 1584 1846 δαιμόνων
1606 1800 1611 1844 Ι
1635 1803 1674 1837 et

245 1849 250 1895 ἶ
277 1850 554 1896 ἐπικαλουμένης
572 1854 764 1896 quattuor
782 1852 867 1886 fere
887 1851 1045 1886 litterae
1065 1854 1159 1886 sunt
1181 1861 1323 1886 erasae
1350 1850 1391 1885 in
1417 1848 1447 1886 C
1545 1849 1568 1884 4
1594 1849 1672 1884 κλι-

242 1899 370 1944 νούσης
384 1898 481 1944 pr
555 1899 818 1944 συνερράγησαν
835 1899 997 1944 ἀλλήλοις
1017 1898 1114 1944 pr
1189 1898 1222 1934 6.
1250 1899 1271 1934 7
1297 1900 1335 1933 οἵ
1356 1903 1416 1933 τοῦ
1441 1911 1543 1942 μαγν.
1571 1911 1672 1932 συνε-

242 1948 412 1982 κόπτοντο
438 1946 535 1992 pr
630 1947 651 1982 7
676 1946 862 1982 ἄπώλυντο
877 1946 922 1990 Α,
948 1946 1153 1982 ἀπώλλυντο
1169 1946 1278 1992 pr,
1305 1947 1479 1981 απόλυντο
1494 1945 1542 1988 D,
1569 1956 1671 1980 eorl.

243 1994 311 2033 Dw
443 1996 537 2030 οὕτω
565 1993 712 2040 Apr,
739 1995 840 2029 οὔπω
868 1993 897 2030 C
1036 1994 1081 2030 12
1109 1994 1167 2030 τὸν
1192 1996 1298 2029 ἵππον
1325 1991 1493 2040 prDi‚
1521 1998 1591 2028 τῶν
1616 1994 1671 2028 ἱπ-

241 2056 321 2125 πῦων
347 2041 382 2077 Α
478 2042 606 2078 θέοντα
625 2045 714 2089 post
732 2042 898 2088 ὁρώντων
925 2042 955 2078 Ε
1054 2042 1099 2078 16
1124 2043 1321 2088 παρρέοντα
1341 2042 1371 2077 Ε
1470 2041 1515 2076 18
1540 2041 1671 2087 λέγεται

284 2101 345 2136 WP

172 2245 252 2280 que
278 2235 491 2280 implorata
519 2245 606 2280 ope.
658 2234 742 2269 Iam
778 2234 843 2270 die
878 2234 1070 2269 inclinato
1104 2235 1207 2270 inter
1247 2244 1289 2270 se
1329 2235 1538 2280 congressi
1578 2237 1672 2270 sunt
1691 2231 1733 2266 13

172 2283 375 2318 exereitus
402 2286 453 2324 et,
493 2292 583 2317 cum
617 2282 687 2317 diu
721 2292 862 2328 pugna
894 2282 1068 2317 stetisset
1100 2292 1262 2328 anceps,
1301 2282 1464 2317 tandem
1500 2282 1672 2317 victoria

173 2330 408 2367 constantio
435 2331 579 2374 arrisit,
607 2330 658 2365 ad
685 2330 796 2365 mult
788 2341 850 2364 tm
870 2333 1029 2365 noctem
1049 2330 1219 2365 concisis
1238 2330 1430 2365 militibus
1448 2330 1671 2375 Maonentii

173 2388 222 2413 ae
248 2378 490 2424 profligatis3
529 2379 585 2413 ita
613 2382 746 2413 autem
777 2388 868 2412 eum
895 2377 999 2413 bello
1028 2377 1234 2413 decretum
1263 2381 1378 2421 esset,
1405 2381 1605 2423 tyrannus
1631 2377 1671 2412 in
1690 2374 1734 2409 11

173 2427 314 2472 fugam
344 2436 387 2461 se
414 2425 535 2461 (ledit.
586 2425 644 2461 Ne
672 2436 770 2460 vero
798 2426 962 2471 fugiens
988 2436 1036 2460 ex
1066 2426 1189 2470 regiis
1207 2426 1437 2472 insignibus
1456 2435 1673 2470 eoo·nosce·
1689 2422 1734 2458 15

174 2477 296 2518 retur,
336 2473 396 2508 his
428 2473 622 2519 depositis
654 2474 854 2519 privatam
887 2474 1006 2508 sumit
1040 2477 1191 2508 vestem
1227 2477 1266 2508 et
1292 2483 1441 2518 equum
1470 2483 1587 2508 suum
1615 2483 1673 2508 ie-

174 2522 285 2565 ‚Q'ium
314 2521 542 2567 insignibus
568 2522 764 2567 impositis
791 2521 966 2556 solutum
995 2521 1142 2556 dimisit
1169 2520 1221 2555 ad
1248 2523 1401 2566 fugam,
1436 2524 1481 2555 ut
1507 2521 1593 2566 ipse
1620 2521 1672 2555 ab

175 2569 233 2612 iis,
274 2569 342 2614 qui
370 2569 566 2604 vidissent
593 2579 741 2614 equum
777 2572 1004 2604 currentem
1041 2578 1198 2604 sessore
1231 2578 1419 2612 vacuum,
1460 2571 1674 2614 putaretur

175 2617 358 2652 sublatus
385 2627 474 2652 esse
500 2627 632 2662 neque
659 2628 683 2651 a
710 2617 1049 2663 persequentibus
1077 2620 1309 2651 vexaretur.
1370 2615 1439 2651 Illo
1466 2617 1591 2662 igitur
1617 2616 1673 2651 ita
1692 2614 1734 2649 16

176 2664 335 2710 effugit;
374 2675 492 2700 mane
531 2675 628 2700 vero
665 2663 924 2701 Constantius
964 2664 1139 2709 quodam
1180 2674 1348 2699 ascenso
1388 2664 1541 2699 tumulo
1581 2674 1673 2699 cum

175 2712 427 2747 adiacentem
464 2712 669 2758 planitiem
706 2715 789 2747 tuin
831 2713 1183 2758 praeterfluentem
1224 2712 1394 2747 fluvium
1434 2711 1673 2757 corporibus

0 2785 3 2797 1
177 2761 435 2806 conspicatus
469 2760 628 2805 plenum
662 2760 898 2795 manifestas
931 2760 1073 2794 offudit
1106 2760 1290 2794 lacrimas
1324 2770 1404 2794 non
1432 2763 1512 2794 tam
1541 2759 1591 2795 de
1619 2760 1673 2794 vi-

0 2804 5 2855 }
177 2808 303 2843 etoria
330 2808 502 2843 laetatus
527 2818 647 2853 quain
667 2818 878 2843 caesorum
897 2817 1054 2842 morsus
1073 2807 1210 2843 exitio.
1261 2807 1462 2842 Dicuntur
1489 2807 1595 2843 enim
1623 2807 1673 2842 de
1690 2806 1734 2841 17

0 2859 4 2883 ¹
175 2855 280 2890 illius
307 2855 509 2900 militibus,
550 2856 616 2900 qui
646 2856 807 2891 omnino
835 2859 951 2891 erant
979 2855 1186 2900 octoginta
1213 2855 1376 2900 milium,
1415 2855 1467 2890 ad
1505 2855 1673 2898 triginta

176 2902 284 2940 milia
312 2902 517 2949 cecidisse,
557 2902 608 2939 ‹le
633 2901 868 2950 Magnentii,
908 2904 974 2951 qui
1004 2907 1119 2939 orant
1145 2913 1216 2939 sex
1245 2909 1284 2940 et
1310 2903 1477 2950 triginta
1508 2903 1672 2948 milium,
