1968 3302
304 190 350 226 10
703 187 885 226 ZONAR.
913 187 1044 224 EPIT.
1071 187 1168 224 XIII
1194 187 1226 232 2,
1255 187 1406 225 17-33.

180 315 218 352 D
245 316 289 352 18
302 312 519 369 προσίασιν
549 310 627 353 οὖν
658 316 707 366 τῇ
738 315 811 353 τοῦ
843 311 1049 365 βασιλέως
1079 309 1204 365 μητρὶ
1229 310 1436 359 Ἰουδαῖοι,
1468 312 1709 367 ἠπατῆσθαι
1734 312 1798 355 λέ-

304 398 443 436 γοντες
473 381 545 423 τὸν
575 380 745 436 βασιλέα
776 380 848 422 καὶ
878 381 994 434 ἔργῳ
1016 380 1209 433 θεοφιλεῖ
1225 381 1349 434 ἔργον
1371 381 1566 435 ἀναμῖξαι
1588 382 1798 436 θεομισές,

303 450 498 505 θεοφιλὲς
528 449 606 504 μὲν
636 450 710 504 τὴν
741 453 826 491 τῶν
857 449 1047 491 εἰδώλων
1083 448 1330 502 καθαίρεσιν
1361 449 1652 503 ὀνομάζοντες,
1699 450 1799 492 θεο-

245 522 289 557 19
301 519 419 574 μισὲς
441 519 486 561 δὲ
507 518 580 574 τὴν
600 518 731 560 πίστιν
751 518 825 573 τὴν
846 519 902 564 εἷς
918 517 1120 571 Χριστόν·
1152 517 1286 572 μόνον
1307 517 1388 572 γὰρ
1411 517 1512 560 εἶναι
1531 517 1637 560 θεὸν
1655 518 1802 574 ἀληθῆ

302 587 374 630 τὸν
403 587 504 643 παρ’
538 588 679 629 αὐτῶν
709 587 1073 642 θρησκευόμενον·
1122 586 1194 628 τὸν
1219 586 1384 642 Ἰησοῦν
1417 587 1462 629 δὲ
1493 588 1730 642 ἄνθρωπον
1761 589 1836 630 0ῖό

243 658 290 694 20
303 656 500 712 ἀλιτήριοι
531 660 774 710 κακοῦργον
806 655 1044 697 ἀπεκάλουν
1080 655 1152 697 καὶ
1183 655 1323 710 γόητα.
1385 657 1586 711 ἀναφέρει
1616 654 1740 699 ταῦθ’
1773 657 1799 712 ἠ

301 726 440 780 μήτηρ
471 730 533 780 τῷ
563 725 726 780 βασιλεῖ
751 724 821 766 καὶ
852 726 952 779 υἱῷ·
993 725 1017 766 ὁ
1050 724 1095 766 δὲ
1128 724 1396 779 διαλεχθῆναι
1429 725 1513 767 δεῖν
1544 726 1704 780 ἔκρινεν
1735 722 1800 768 ἐπ’

303 794 502 849 ἀκροάσει
540 795 668 836 αὐτοῦ
706 793 777 835 καὶ
813 797 899 835 τῶν
936 799 1008 848 τῆς
1046 794 1265 848 γερουσίας
1307 794 1504 848 λογάδων
1541 794 1638 841 τοὺς
1673 798 1800 837 ταῦτα

302 863 499 917 λέγοντας
523 863 755 909 Ἰουδαίους
785 868 848 917 τῷ
873 863 1041 918 Ῥώμης
1081 863 1298 917 ε’πισκόπῳ
1329 862 1573 918 Σιλβέστρῳ
1610 863 1682 905 καὶ
1717 867 1802 911 τοῖς

302 931 396 986 περὶ
427 932 564 980 αὐτόν,
612 931 661 974 ἵν’
696 933 808 973 οὕτω
841 933 956 987 γνοίη
988 933 1075 974 τίνα
1107 932 1156 974 τὰ
1187 931 1304 986 παρὰ
1342 935 1426 974 τῶν
1451 932 1672 974 Ἰουδαίων
1702 932 1802 975 εἰσὶν
1815 936 1862 973 10

75 1000 226 1038 ΡΙΙὸΑ
243 1001 287 1038 21
303 1001 561 1055 εἶσαγόμενα.
625 1001 792 1055 γέγονεν
820 1001 846 1055 ἡ
886 1001 1080 1050 διάλεξις’
1129 1002 1281 1050 ἔδοξαν
1328 1002 1368 1043 οἵ
1409 1001 1524 1055 λόγοι
1567 1004 1641 1043 τοῦ
1685 1001 1800 1056 ἱεροῦ

243 1069 289 1106 22
302 1068 558 1123 Σιλβέστρου
590 1069 931 1124 ἐπικρατέστεροι.
994 1071 1040 1112 ἔκ
1075 1070 1331 1125 διαλεκτικῆς
1370 1070 1593 1124 δυνάμεως
1629 1070 1799 1124 ὑπερτε-

303 1141 388 1191 ρεῖν
420 1139 459 1179 οἱ
484 1137 680 1180 Ἰουδαῖοι
710 1138 782 1180 τὸν
814 1139 1066 1194 Σίλβεστρον
1098 1140 1251 1193 ἔλεγον,
1291 1139 1478 1193 σημείων
1509 1138 1683 1193 ἐζήτουν
1714 1138 1799 1180 ἐπί-

243 1206 289 1243 23
305 1206 436 1255 δειξιν.
498 1207 657 1261 μᾶλλον
695 1207 743 1249 δέ
777 1225 835 1254 τις
874 1205 974 1262 παρ’
1015 1209 1155 1254 αὐτοῖς
1193 1208 1295 1262 γόης
1332 1207 1439 1262 ἀνὴρ
1479 1207 1686 1262 Ζαμβρῆς
1722 1214 1925 1251 >ea-Dm
1943 1215 1968 1250 1·

302 1275 507 1330 λούμενος
552 1276 658 1330 βοῦν
705 1277 926 1331 ἐνεχθῆναι
972 1277 1104 1332 ἠξίου,
1153 1276 1219 1318 διὰ
1266 1277 1414 1318 τούτου
1462 1277 1597 1331 λέγων
1642 1276 1802 1331 μέλλειν
1817 1280 1863 1317 15

243 1344 290 1380 24
303 1344 564 1393 ἐνδείξασθαι
594 1344 668 1399 τὴν
701 1345 878 1399 δύναμιν
910 1349 982 1387 τοῦ
1015 1346 1170 1387 οἰκείου
1202 1346 1318 1387 θεοῦ.
1361 1345 1589 1400 προσήχθη
1622 1345 1647 1387 ὁ
1677 1346 1800 1400 βοῦς·

302 1413 580 1468 πεπλησίακεν
611 1414 729 1468 αὐτῷ
761 1414 785 1455 ό
808 1414 1027 1469 Ζαμβρῆς,
1061 1414 1343 1469 ὑπεψιθύρισέ
1372 1431 1407 1455 τι
1429 1415 1546 1468 αὐτῷ
1567 1415 1624 1461 εἷς
1644 1413 1691 1456 τὸ
1714 1413 1801 1460 οὖς.

302 1482 496 1529 κάκεῖνος
526 1483 635 1537 μέγα
666 1499 701 1524 τι
737 1483 808 1525 καὶ
845 1482 996 1538 γοερὸν
1032 1483 1333 1538 μυκησάμενος
1369 1483 1440 1524 καὶ
1477 1482 1625 1537 τρόμῳ
1663 1483 1802 1525 συνδι-

305 1613 324 1648 1
350 1613 428 1657 περὶ
453 1618 524 1648 τῶν
553 1612 733 1649 Ἰουδαίων
758 1614 819 1649 καὶ
844 1619 904 1659 τῆς
929 1614 1018 1658 πρὸς
1043 1613 1170 1652 αὐτοὺς
1203 1614 1391 1655 διαλέξεως
1424 1618 1484 1649 τοῦ
1517 1613 1617 1658 ἁγίου
1645 1614 1735 1655 (om.
1757 1613 1803 1655 E)

303 1661 519 1707 Σιλβέστρου
545 1662 606 1698 καὶ
631 1667 691 1698 τοῦ
719 1667 784 1708 (τῷ
803 1662 848 1705 E)
874 1662 930 1698 ἐπὶ
956 1668 1006 1708 τῷ
1031 1663 1151 1708 ταύρῳ
1180 1663 1255 1704 (τοῦ
1273 1662 1403 1708 ταύρου
1422 1661 1467 1706 Ε)
1495 1661 1678 1706 θαύματος
1704 1662 1804 1704 (θαύ-

303 1723 385 1755 ματι
412 1709 458 1752 Ε)
486 1708 549 1746 CE

376 1829 399 1865 2
423 1829 813 1876 θεοφιλεῒ-θεομισές]
842 1841 878 1865 v.
899 1831 951 1866 ad
966 1830 1062 1866 XIII
1081 1831 1114 1875 5,
1127 1831 1173 1866 29
1233 1831 1255 1866 6
1282 1835 1386 1866 ταῦτα
1405 1829 1540 1875 Bpr
1556 1828 1613 1864 Di
1688 1829 1743 1865 11.
1760 1829 1804 1865 12

376 1879 413 1913 οἶ
422 1878 518 1922 λόγοι
538 1881 633 1913 ante.
651 1878 808 1923 ἒπικρατ.
838 1878 868 1913 Ε
955 1879 1000 1913 12
1025 1879 1305 1923 ἐπικρατέστεροι
1334 1888 1409 1913 om.
1438 1877 1466 1913 C
1540 1878 1584 1913 13
1610 1879 1646 1913 οἱ
1670 1889 1745 1913 om.
1772 1877 1803 1913 Ε

379 1925 424 1960 14
449 1925 610 1971 ζαμβρὴς
635 1925 748 1972 Awp,
775 1928 935 1972 ζαμβρῆς
962 1925 1075 1972 RDz',
1103 1938 1139 1962 V.
1159 1927 1254 1962 XIII
1281 1927 1314 1968 2,
1342 1925 1399 1961 24.
1426 1926 1471 1961 27
1571 1925 1615 1961 15
1640 1926 1804 1971 ἕνεθῆναι

377 1972 434 2008 Di
530 1974 632 2020 ἠξίου
659 1973 757 2019 pr
772 1972 839 2018 Di,
866 1975 987 2020 ἠξίουν
1012 1973 1048 2009 Α
1149 1978 1240 2020 post
1263 1974 1401 2018 μέλλειν
1427 1974 1602 2019 spatium
1630 1974 1803 2009 duarum

376 2021 542 2056 litterar.
570 2032 730 2057 erasum
756 2022 798 2057 in
824 2021 859 2057 A
999 2023 1044 2058 16
1069 2023 1296 2068 προςηνέχθη
1325 2021 1422 2068 pr
1572 2022 1616 2058 17
1641 2022 1803 2068 ζαμβρῆς

377 2067 525 2115 Apr‚
552 2069 712 2116 ζαμβρὴς
738 2069 770 2105 Ε

248 2197 292 2232 18
305 2201 581 2237 invalescente
600 2204 638 2236 et
658 2200 871 2237 Christiani
890 2202 1062 2236 nominis
1081 2202 1310 2237 hominibus
1330 2203 1518 2248 adempto
1537 2205 1657 2237 metu.
1709 2200 1804 2238 Cae·

305 2252 436 2284 terum
464 2249 605 2284 Iudaei
631 2252 801 2284 matrem
835 2250 1091 2295 imperatoris
1122 2251 1308 2294 aggressi
1342 2250 1555 2295 deceptum
1591 2259 1682 2285 eum
1716 2258 1804 2285 esse

306 2300 493 2332 asserunt
522 2300 559 2332 et
586 2299 693 2332 facto
723 2298 788 2341 pio
813 2298 971 2332 facinus
996 2297 1231 2333 adiunxisse
1250 2299 1426 2343 impium,
1455 2308 1539 2332 rem
1562 2297 1668 2343 piam
1687 2298 1804 2332 simu-

305 2345 506 2380 lacrorum
534 2345 847 2380 destructionem
879 2346 1144 2389 nominantes,
1177 2346 1339 2391 impiam
1374 2346 1492 2380 fidem
1524 2346 1564 2380 in
1592 2344 1802 2380 Christum.

249 2388 292 2423 19
307 2391 442 2428 Solum
471 2394 577 2427 enim
609 2403 698 2427 eum
733 2403 874 2427 verum
908 2403 995 2428 osse
1028 2393 1146 2428 deum
1181 2404 1301 2438 quem
1333 2394 1409 2439 ipsi
1440 2393 1634 2435 colerent;
1669 2392 1803 2428 Iesum

307 2444 442 2475 autem
461 2441 606 2475 nefarii
625 2441 679 2475 illi
699 2441 879 2475 hominos
895 2441 1118 2475 maleficum
1136 2442 1371 2476 vocitabant
1385 2445 1423 2475 et
1439 2441 1802 2486 praestigiatorem.

246 2483 418 2522 QOHaee
444 2491 572 2523 mater
605 2489 655 2522 ad
692 2489 975 2534 imperatorem
1011 2489 1135 2523 filium
1171 2490 1305 2524 refert.
1368 2489 1406 2523 Is
1443 2492 1577 2523 autem
1611 2488 1802 2532 decrevit,

306 2539 352 2570 ut
376 2535 517 2570 Iudaei
551 2537 619 2581 qui
650 2537 727 2571 ista
757 2539 985 2572 assererent
1015 2547 1058 2572 se
1085 2539 1123 2572 et
1150 2537 1314 2571 delectis
1341 2547 1362 2571 e
1389 2539 1533 2571 senatu
1560 2536 1803 2581 quibusdam

308 2583 567 2618 audientibus
595 2594 685 2619 cum
704 2583 898 2620 Silvestro
925 2585 1115 2629 episcopo
1135 2584 1315 2619 Romano
1344 2588 1384 2620 et
1409 2583 1645 2620 Christianis
1671 2584 1805 2629 dispu-

248 2625 293 2660 21
308 2633 450 2673 tarent,
485 2642 565 2676 quo
593 2636 867 2677 cognosverot,
896 2632 1087 2676 quidnam
1116 2632 1167 2666 ab
1194 2632 1354 2667 ludaeis
1386 2632 1610 2668 afferretur.
1662 2631 1805 2677 Dispu-

248 2673 294 2708 22
308 2680 436 2712 tatum
469 2682 545 2722 θεῖς
585 2680 755 2714 victoria
783 2679 832 2714 ad
861 2679 1096 2716 Silvestrum
1136 2680 1331 2716 inclinare
1371 2681 1470 2715 visa.
1533 2679 1636 2714 Tum
1662 2679 1802 2714 Iudaei

309 2723 544 2760 Silvestrum
573 2726 795 2762 disserendi
816 2728 1002 2762 acumine
1022 2729 1270 2773 superiorem
1291 2738 1378 2763 esso
1397 2728 1576 2763 dicentes
1595 2727 1805 2772 signorum

249 2768 295 2806 23
310 2774 618 2808 ostentationem
654 2775 927 2819 postulabant.
977 2774 1110 2821 Atque
1142 2775 1245 2810 adeo
1273 2776 1436 2821 quidam
1464 2786 1514 2810 ex
1537 2775 1585 2810 iis
1611 2775 1805 2820 impostor

308 2820 470 2854 nomine
490 2819 677 2856 Zambros
697 2822 840 2858 bovem
861 2823 995 2859 afferri
1023 2823 1200 2865 iubebat,
1227 2824 1268 2858 in
1296 2834 1375 2867 quo
1403 2824 1464 2858 sui
1491 2823 1553 2857 dei
1582 2821 1802 2868 potentiam

249 2863 295 2904 24
309 2878 351 2903 Se
379 2867 747 2905 demonstraturum
775 2872 993 2908 asserebat.
1046 2870 1274 2907 Addueitur
1300 2872 1390 2917 bosg
1421 2871 1578 2907 aceedit
1603 2869 1803 2914 Zambres,
