2066 3230
391 238 462 278 754
759 238 939 278 zoNAR.
967 237 1098 276 EPIT.
1124 236 1255 277 Xv111
1280 238 1337 286 26,
1365 237 1515 277 11-24.

336 368 380 403 12
393 362 601 409 λικιάνους
631 364 656 417 ἡ
691 362 895 417 δημώδης
927 362 1121 415 ὀνομάζει
1147 362 1290 416 φωνή·
1321 361 1429 403 πολὺ
1452 361 1531 417 γὰρ
1552 365 1674 404 τοῦτο
1694 361 1741 404 τὸ
1763 361 1883 417 γένος

394 431 438 472 ἓν
475 435 524 486 τῇ
567 431 690 485 χώρᾳ
732 430 857 484 ταύτῃ
901 429 1165 484 κατῴκισται,
1211 434 1284 471 τοῦ
1327 431 1533 485 βασιλέως
1564 430 1765 472 Ἰωάννου
1807 434 1881 472 τοῦ

187 505 380 542 W111242
397 499 597 554 Τζιμισκῆ
633 498 938 553 μεταγαγόντος
969 499 1016 539 ἐκ
1047 503 1119 553 τῆς
1150 497 1263 552 ἑῴας
1294 498 1395 540 αὐτὸ
1427 499 1507 540 κᾶν
1538 499 1663 554 ταύτῃ
1696 500 1880 553 ἐγκατοι-

394 569 601 613 κίσαντος·
635 567 695 612 οἷς
728 566 1018 620 διαλεγόμενος
1048 567 1228 613 πολλοὺς
1258 567 1366 621 πρὸς
1396 566 1470 621 τὴν
1492 567 1732 622 ὀρθόδοξον
1749 568 1882 609 πίστιν

336 643 381 678 13
392 636 653 690 μετήνεγκεν.
715 635 796 689 ἤδη
839 634 883 675 δὲ
913 639 1141 688 μεσοῦντος
1171 639 1244 677 τοῦ
1275 636 1528 690 μετοπώρου
1561 636 1795 691 ἐπανῆλθεν
1825 636 1918 682 εἶςὸ

277 711 308 746 Β
336 711 381 746 14
393 704 441 745 τὰ
472 705 666 758 βασίλεια.
727 707 799 757 τῆς
831 703 876 744 δὲ
906 703 1143 758 βασιλίσσης
1173 705 1281 758 μέγα
1305 704 1600 759 δεδυνημένης,
1631 704 1784 759 καὶτῷ
1803 721 1880 760 κη-

396 773 516 827 δεστῇ
559 776 620 825 τῷ
650 771 868 826 Βρυεννίῳ
901 776 963 824 τῷ
993 771 1174 826 Καίσαρι
1216 772 1347 826 πολλή
1385 789 1443 819 τις
1479 772 1531 827 ἦν
1568 772 1684 828 ἴσχὺς
1719 773 1790 814 καὶ
1829 770 1880 815 δι’

395 841 554 882 ἐκείνου
597 843 680 881 πᾶν
719 840 763 880 ἓν
799 843 884 885 τοῖς
923 840 1168 894 ἀνακτόροις
1206 841 1566 895 οἷκονομούμενον
1597 842 1883 896 ἕκπεφώνητο.

336 917 381 952 15
396 908 459 950 διὸ
481 908 552 949 καὶ
572 908 722 954 πάντες
743 908 890 962 ἐκείνῳ
911 908 1150 963 προσῄεσαν
1170 909 1241 950 καὶ
1264 909 1444 958 δικάζειν
1465 910 1582 964 αὐτῷ
1611 910 1882 966 ἐπετέτραπτο

394 978 464 1019 καὶ
501 976 728 1031 βασιλικῶς
771 977 1049 1031 ἐθεμίστευεν·
1093 977 1144 1032 ἦν
1184 977 1262 1032 γὰρ
1300 977 1372 1019 καὶ
1407 977 1546 1032 λόγοις
1583 979 1883 1034 προσκείμενος
1898 985 1944 1020 10

395 1046 418 1086 ὁ
451 1046 570 1100 ἀνήρ,
604 1045 674 1086 καὶ
705 1046 731 1099 ἡ
765 1045 959 1090 σύνοικος
992 1045 1038 1086 δέ
1069 1045 1109 1085 οἱ
1139 1045 1263 1086 οὐδὲν
1294 1044 1428 1100 ἧττον,
1468 1047 1506 1087 εἴ
1531 1046 1591 1101 μὴ
1624 1045 1695 1088 καὶ
1723 1046 1884 1101 μᾶλλον

394 1115 566 1162 ἐκείνου,
597 1119 669 1168 τῆς
701 1114 744 1154 ἓν
774 1113 912 1167 λόγοις
942 1114 1130 1159 παιδείας
1162 1114 1362 1168 ἀντείχετο
1388 1114 1459 1155 καὶ
1479 1114 1553 1169 τὴν
1575 1114 1758 1168 γλῶτταν
1779 1113 1884 1168 εἶχεν

394 1183 583 1238 ἀκριβῶς
626 1183 910 1231 ἀττικίζουσαν
952 1182 1023 1223 καὶ
1059 1182 1130 1223 τὸν
1167 1187 1269 1225 νοῦν
1306 1183 1415 1237 πρὸς
1444 1183 1557 1237 «ὕψος
1587 1183 1884 1238 θεωρημάτων

336 1259 380 1294 16
395 1251 606 1299 ὀξύτατον.
668 1254 794 1291 ταῦτα
843 1248 880 1291 δ’
926 1251 1031 1305 αὐτῇ
1076 1252 1346 1305 προσεγένετο
1393 1252 1564 1306 φύσεως
1610 1251 1771 1306 ὀξύτητι
1812 1250 1884 1305 καὶ

395 1319 575 1374 σπουδῇ·
607 1319 894 1373 προσετετήκει
926 1318 1005 1373 γὰρ
1036 1323 1123 1365 ταῖς
1153 1320 1310 1374 βίβλοις
1341 1320 1411 1360 καὶ
1441 1320 1592 1374 λογίοις
1617 1319 1792 1374 ἀνδράσι
1812 1318 1884 1361 καὶ
1899 1326 1943 1362 15

337 1397 381 1432 17
396 1388 446 1428 οὐ
477 1388 702 1443 παρέργως
734 1387 877 1441 ὡμίλει
908 1388 1058 1433 αὐτοῖς.
1120 1389 1231 1429 οὕτω
1266 1385 1302 1429 δ’
1336 1388 1398 1434 ὡς
1428 1389 1581 1443 εἴρηται
1611 1393 1673 1442 τῷ
1703 1387 1883 1443 Καίσαρι

352 1459 479 1501 Οτῶν
515 1455 776 1510 πραγμάτων
815 1457 1161 1510 συνενεχθέντων,
1208 1455 1274 1497 διὰ
1311 1457 1448 1511 πάσης
1485 1456 1537 1511 ἦν
1569 1456 1751 1511 γλώττης
1782 1456 1883 1511 ᾀδό-

337 1534 382 1570 18
393 1540 520 1579 μενος
551 1524 575 1564 ὁ
607 1524 725 1579 ἀνήρ.
786 1528 912 1565 ταῦτα
946 1524 991 1565 δὲ
1021 1529 1081 1578 τῷ
1111 1525 1317 1579 βασιλέως
1346 1527 1429 1578 υἱῷ
1452 1540 1494 1565 τε
1515 1524 1586 1566 καὶ
1606 1525 1768 1579 βασιλεῖ
1782 1525 1883 1566 πολ-

394 1653 418 1687 4
442 1654 498 1688 ὅτε
522 1653 582 1688 καὶ
605 1653 724 1688 πολλοὶ
749 1658 820 1688 τῶν
837 1654 1051 1699 Μανιχαίων
1067 1653 1286 1700 ἐπέστρεψαν
1302 1654 1352 1693 εἰς
1377 1653 1439 1700 τὴν
1464 1659 1523 1700 τῆς
1548 1654 1715 1699 ἀληθείας
1739 1653 1884 1699 ἐπίγνω-

395 1714 450 1736 σιν
476 1700 505 1736 C
602 1701 624 1735 6
648 1701 727 1745 περὶ
753 1706 814 1746 τῆς
838 1702 1041 1746 Αὐγούστης
1066 1702 1126 1736 καὶ
1152 1707 1212 1737 τοῦ
1230 1703 1406 1747 Καίσαρος
1423 1702 1616 1747 Βρυεννίου
1643 1701 1820 1748 (βρυενιόυ
1839 1701 1883 1747 C)

394 1749 454 1783 καὶ
478 1754 538 1794 τῆς
562 1748 669 1783 αὐτοῦ
694 1749 845 1794 συζύγου
872 1748 901 1784 C

466 1855 489 1890 3
514 1857 678 1901 τζιμισχῆ
704 1855 733 1891 C
866 1856 888 1891 5
913 1855 1087 1902 ἐπανῆλθε
1111 1855 1199 1901 πρὸς
1226 1856 1294 1891 BD
1440 1857 1462 1892 7
1486 1857 1659 1902 βρυεννίω
1685 1854 1883 1902 R(WpDi)‚

465 1904 620 1948 βρυενίω
646 1902 714 1939 AC
811 1904 899 1939 πολύ
925 1903 957 1938 Β
1053 1903 1115 1948 τις]
1141 1918 1176 1938 τε
1201 1904 1232 1938 Β
1331 1907 1422 1950 post
1438 1905 1482 1950 ἦν
1500 1905 1591 1940 add.
1611 1905 1634 1950 ἦ
1653 1903 1684 1940 Ο
1781 1904 1803 1938 9
1827 1904 1884 1938 ε’π-

465 1951 610 1995 έτραπτο
623 1951 708 1996 Ψῆ)
784 1951 829 1986 10
853 1952 1096 1996 ε’θεμίστευσεν
1115 1952 1198 1997 w²³²p
1218 1953 1354 1987 invitis
1371 1952 1442 1987 AR.
1517 1952 1562 1987 14
1586 1953 1673 1998 αὐτῆ
1686 1950 1884 1997 R(WpDi)‚

466 1998 552 2043 αὐτὴ
578 1998 615 2032 Α
730 2000 975 2044 προςεγένοντο
1003 1999 1033 2034 O
1158 2000 1200 2034 15
1227 2005 1295 2038 τοῖς
1319 2001 1454 2046 βίβλοις
1480 2001 1522 2043 E,
1548 2006 1617 2039 τοῖς
1641 2000 1788 2046 βιβλίοις
1813 1999 1883 2033 BD

515 2048 609 2080 ante
634 2046 763 2091 λογίοις
787 2047 878 2082 add.
904 2053 975 2084 τοῖς
999 2046 1069 2080 BD
1169 2048 1212 2083 17
1237 2049 1542 2093 προςενεχθέντων
1559 2047 1629 2082 BD
1725 2047 1885 2093 γλώσσης

468 2093 499 2129 Ο
599 2094 643 2129 18
666 2094 852 2139 βασιλέως]
877 2094 1017 2140 βασιλεῖ
1039 2094 1074 2129 D

337 2198 382 2232 12
397 2194 597 2238 dicuntur,
619 2195 854 2241 disputaret.
904 2195 1005 2232 Nam
1024 2207 1175 2242 magna
1194 2198 1280 2233 eius
1298 2198 1430 2243 gentis
1447 2197 1661 2233 multitudo
1679 2199 1734 2233 ibi
1752 2208 1884 2234 versa-

397 2243 527 2287 batur,
567 2254 590 2278 a
617 2254 714 2289 rege
740 2243 893 2279 Ioanne
920 2244 1115 2280 Tzimisce
1148 2255 1198 2280 ex
1226 2246 1389 2281 Oriente
1423 2247 1464 2280 in
1491 2256 1538 2280 ea
1564 2245 1653 2281 loca
1677 2246 1882 2291 translata,

337 2293 383 2328 13
397 2300 619 2336 eorumque
644 2291 790 2327 multos
816 2291 868 2326 ad
894 2292 1014 2327 fidem
1041 2293 1308 2328 orthodoxam
1333 2293 1526 2328 traduxit.
1575 2293 1781 2329 Autumno
1803 2296 1883 2330 iam

338 2341 382 2375 14
396 2338 527 2373 medio
562 2340 647 2374 fere
681 2341 822 2374 exacto
853 2340 894 2373 in
926 2340 1080 2385 regiam
1115 2341 1242 2376 rediit.
1294 2341 1396 2382 Quia
1422 2351 1519 2377 vero
1547 2342 1689 2387 regina
1714 2342 1882 2377 multum

396 2388 566 2431 poterat,
604 2387 746 2432 generi
778 2387 864 2421 eius
897 2397 1059 2432 quoque
1085 2387 1277 2433 Bryennii
1304 2388 1486 2423 Caesaris
1520 2399 1670 2435 magna
1704 2393 1791 2424 erat
1816 2400 1884 2435 po·

396 2434 540 2479 tentia3
579 2444 627 2468 ac
665 2435 743 2469 iam
782 2434 908 2480 vulgo
942 2435 1100 2470 celebre
1134 2435 1238 2471 illius
1271 2439 1373 2471 nutu
1404 2437 1445 2471 in
1476 2438 1591 2482 regia
1623 2437 1711 2483 geri
1738 2438 1881 2472 omnia.

337 2484 382 2519 15
397 2480 531 2522 Quare
557 2492 694 2517 omnes
721 2483 774 2517 ad
799 2492 890 2517 eum
918 2493 961 2518 se
980 2483 1253 2528 conferebant,
1279 2484 1378 2518 iuris
1397 2484 1561 2519 dicundi
1580 2489 1618 2519 et
1635 2495 1708 2530 pro
1727 2486 1883 2530 imperii

396 2530 637 2564 auctoritate
663 2531 882 2566 sententias
907 2530 1063 2566 ferendi
1089 2533 1287 2576 potestate
1313 2533 1556 2577 praeditum3
1596 2535 1683 2568 erat
1713 2533 1817 2568 enim
1844 2537 1883 2569 et

395 2579 482 2623 ipse
507 2578 569 2612 vir
594 2577 817 2613 litterarum
843 2578 985 2613 studiis
1013 2578 1172 2614 deditus
1191 2579 1359 2624 eiusque
1376 2589 1482 2615 uxor
1498 2581 1539 2614 in
1558 2580 1699 2615 iisdem
1719 2591 1881 2625 operam

395 2624 519 2660 nihilo
545 2626 740 2661 minorem
766 2636 814 2660 ac
840 2626 974 2671 potius
999 2627 1191 2661 maiorem
1219 2628 1407 2672 ponebat,
1434 2628 1633 2672 exquisite
1655 2628 1882 2664 atticissans

395 2673 643 2718 ingenioque
676 2673 861 2718 praedita
894 2673 1123 2709 acutissimo
1157 2674 1210 2709 ad
1240 2675 1557 2710 abstrusissimas
1585 2685 1766 2721 quasque
1793 2686 1883 2711 con-

338 2722 382 2757 16
396 2720 688 2765 templationes‚
727 2731 815 2756 eam
853 2721 1087 2756 facultatem
1125 2722 1270 2767 partlm
1310 2726 1481 2757 naturae
1507 2723 1697 2767 bonitate,
1736 2724 1881 2769 partim

396 2768 595 2803 industria
613 2772 849 2813 consecuta3
875 2766 996 2803 affixa
1016 2770 1120 2804 enim
1139 2773 1224 2804 erat
1242 2769 1352 2804 libris
1378 2773 1416 2805 et
1442 2770 1690 2806 eruditorum
1718 2781 1882 2806 consue-

339 2817 383 2852 17
398 2815 538 2851 tudine
564 2816 672 2851 haud
699 2817 828 2852 obiter
852 2817 1055 2852 utebatur.
1104 2816 1216 2859 Quae
1236 2827 1324 2852 cum
1343 2818 1398 2852 ita
1417 2821 1559 2862 essent,
1590 2818 1738 2854 Caesar
1761 2819 1882 2854 omni-

338 2864 383 2898 18
397 2863 473 2898 bus
510 2864 660 2910 linguis
697 2863 988 2901 celebrabatur.
1039 2863 1118 2900 Sed
1152 2875 1200 2900 ea
1234 2865 1307 2900 etsi
1338 2865 1447 2910 regis
1476 2865 1599 2902 filium
1627 2866 1881 2912 eundemque

396 2921 532 2956 regem
560 2913 768 2958 angebant
793 2916 832 2948 et
859 2913 1106 2957 cruciabant,
1133 2916 1267 2949 tamen
1294 2913 1502 2949 tolerabat.
