2054 3282
369 232 439 269 534
741 231 922 269 zoNAR.
950 230 1079 267 EPIT.
1107 230 1218 266 xvn
1243 231 1276 276 3,
1305 230 1431 276 13—4‚
1458 231 1490 266 3.

163 356 354 392 W111171
370 353 476 394 κατὰ
507 357 591 395 τῶν
622 353 856 408 βαρβάρων
888 352 1147 405 ἒπεκούρησέ
1174 368 1215 392 τε
1236 351 1306 392 καὶ
1328 352 1622 406 συνεμάχησεν,
1655 353 1861 394 ἐντεῦθεν·

314 424 358 459 14
372 421 541 475 γύναιόν
571 438 606 462 τι
637 421 827 475 εὐλαβείᾳ
860 419 1087 473 συνεζηκός
1113 419 1182 460 καὶ
1205 420 1418 474 σεμνότητι
1439 419 1544 461 κατὰ
1567 420 1612 462 τὸ
1636 421 1864 469 Βυζάντιον

370 494 446 543 μιᾷ
477 489 561 542 πρὸ
592 494 664 543 τῆς
694 489 834 542 μάχης
864 488 1014 541 ταύτης
1045 488 1182 541 ἡμέρᾳ
1207 488 1326 536 ἔδοξε
1346 486 1447 530 καθ’
1471 490 1629 534 ὕπνους
1649 489 1723 543 τὴν
1745 489 1865 542 ἁγίαν

160 559 358 596 P11214A
374 557 576 599 θεοτόκον
619 557 723 610 ὁρᾶν
765 559 997 609 προϊοῦσαν
1040 555 1110 596 καὶ
1155 557 1513 611 προπεμπομένην
1558 557 1642 598 ὑπὸ
1684 557 1864 604 πολλῶν,

314 628 358 664 15
372 626 554 666 ἀκοῦσαί
581 641 622 665 τε
652 629 724 679 τῆς
755 624 1021 678 θεομήτορος
1051 624 1252 678 λεγούσης
1282 624 1391 678 πρὸς
1422 626 1493 666 ἕνα
1525 629 1609 666 τῶν
1633 625 1901 679 προϊόντωνὸ

373 693 500 747 αὐτῆς
530 693 677 745 “κύριε
717 691 931 744 Θεόδωρε,
964 692 987 733 ὁ
1020 692 1123 746 ε’μός
1154 693 1224 733 καὶ
1256 693 1330 738 σὸς
1355 693 1554 748 Ἰωάννης
1586 694 1755 748 ἀγῶνας
1786 695 1867 748 ἔχει

314 765 359 799 16
372 762 534 815 βαρεῖς·
568 765 749 801 σπεῦσον
782 759 871 814 οὖν,
904 761 1020 814 αὐτῷ
1052 761 1374 815 ἕπικούρησον.”
1435 762 1632 816 ἐξέφηνεν
1664 761 1739 803 οὖν
1769 778 1868 803 τισιν

373 830 398 882 ἡ
432 828 534 882 γυνὴ
566 828 613 869 τὸ
646 828 846 870 ἐνύπνιον.
910 829 948 869 οἱ
981 828 1026 870 δὲ
1057 828 1130 883 τὴν
1162 830 1324 883 ἡμέραν
1356 831 1676 884 ἐσημειώσαντο,
1715 830 1786 871 καὶ
1817 830 1869 885 ἦν

315 901 359 935 17
373 897 398 951 ἡ
431 896 515 950 πρὸ
546 901 618 951 τῆς
648 897 877 942 τελευταίας
907 897 1057 951 μάχης.
1119 897 1190 939 τὸν
1225 898 1418 952 μάρτυρα
1452 896 1488 939 δ’
1522 899 1546 939 ὁ
1577 898 1767 953 βασιλεὺς
1797 903 1868 953 τῆς

373 965 575 1019 βοηθείας
619 965 972 1020 ἀνταμειβόμενος
1014 965 1117 1007 ναὸν
1161 966 1277 1020 αὐτῷ
1313 966 1419 1007 κατὰ
1458 967 1532 1021 τὴν
1568 967 1803 1022 Εὖχάνειαν
1841 969 1928 1022 ἢΙΟ

375 1032 561 1087 Εὐχάϊτα
592 1034 819 1088 περικαλλῆ
856 1034 1106 1088 ἒόομήσατο,
1151 1034 1222 1076 τὸν
1259 1034 1410 1089 πρῴην
1449 1036 1712 1090 καταβαλών,
1756 1036 1799 1077 ἓν
1830 1034 1868 1089 ᾧ

317 1105 361 1140 18
374 1101 421 1143 τὸ
451 1102 696 1143 πολύαθλον
728 1102 887 1143 ἐκείνου
921 1106 1046 1156 σῶμα
1078 1103 1290 1157 κατέθετο,
1328 1104 1398 1145 καὶ
1429 1103 1502 1158 τὴν
1532 1104 1651 1146 πόλιν
1682 1104 1768 1145 ἀντὶ
1799 1108 1870 1158 τῆς

318 1174 361 1208 19
374 1170 582 1224 προτέρας
626 1171 752 1225 αὐτῆς
795 1171 985 1224 κλήσεως
1025 1170 1352 1225 Θεοδωρόπολιν
1395 1171 1682 1226 ἐπωνόμασεν.
1756 1173 1780 1214 ὁ
1825 1172 1870 1214 δὲ

374 1239 594 1294 βάρβαρος
629 1239 993 1294 Σφενὸοσθλάβος
1030 1240 1239 1281 πάντοθεν
1276 1240 1486 1294 ἀπογνοὺς
1526 1241 1869 1295 διεπρεσβεύσατο

330 1307 484 1362 Βπρός
513 1307 585 1349 τὸν
615 1308 799 1363 βασιλέα,
833 1309 1086 1363 συγγνώμην
1117 1310 1244 1350 αἰτῶν
1275 1309 1346 1350 καὶ
1377 1310 1433 1355 εἷς
1463 1309 1511 1350 τὰ
1544 1310 1673 1351 οἰκεῖα
1701 1309 1868 1350 ἕπανελ-
1888 1315 1930 1350 15

376 1376 468 1418 θεῖν
506 1376 797 1430 ἐξαιτούμενος
833 1376 904 1416 καὶ
941 1380 1025 1422 τοῖς
1064 1377 1301 1431 συμμάχοις
1327 1378 1549 1431 Ῥωμαίων
1581 1377 1871 1419 συντάττεσθαι

377 1444 448 1486 καὶ
478 1444 549 1486 τὸν
579 1445 839 1500 βουλόμενον
871 1445 1052 1499 Σκύθην
1083 1446 1182 1486 ἰέναι
1214 1445 1322 1499 πρὸς
1353 1445 1400 1487 τὰ
1428 1445 1651 1500 Ῥωμαίων
1681 1446 1768 1500 ἤθη
1801 1446 1872 1487 καὶ

378 1592 400 1627 2
425 1593 522 1652 {awg-
546 1592 708 1676 ἒγὸαέσθη
734 1594 783 1628 ὅτι
810 1593 831 1627 ό
854 1594 950 1639 ἅγιος
980 1593 1167 1637 Θεόδωρος
1193 1599 1242 1638 τῷ
1266 1594 1408 1639 βασιλεῖ
1429 1593 1521 1639 (τοὺς
1545 1593 1695 1639 βασιλεῖς
1721 1593 1767 1638 Ε)
1794 1606 1871 1629 συν-

377 1653 554 1685 εμαχησεν

452 1768 471 1803 1
498 1772 568 1803 τῶν
596 1778 671 1803 om.
698 1768 794 1814 EWp
869 1772 959 1814 post
983 1769 1179 1815 βαρβάρων
1205 1769 1296 1803 add.
1324 1769 1555 1813 συνεκρότησέ
1579 1783 1614 1803 τε
1639 1769 1699 1804 καὶ
1725 1769 1760 1804 D
1838 1783 1872 1804 τε

451 1826 526 1851 om.
553 1815 589 1850 D
671 1815 834 1851 ἐντεῦθεν
859 1817 1192 1852 antecedentibus
1219 1816 1573 1861 adiunguntRWo
1599 1817 1677 1861 lat„
1705 1827 1872 1862 sequen-

450 1863 558 1898 tibus
583 1861 715 1909 Apr
719 1862 774 1898 Di
977 1864 999 1898 2
1025 1863 1213 1909 συνεζηκὸς
1239 1867 1277 1899 et
1303 1878 1397 1902 -κως
1423 1874 1494 1909 pel
1521 1864 1683 1910 dittogr.
1712 1863 1756 1908 A,
1795 1878 1872 1899 συν-

451 1912 512 1956 εζη
516 1910 579 1950 κός
604 1874 763 1956 prDi
859 1912 881 1946 6
907 1912 976 1956 κύρ
981 1926 990 1946 ι
1018 1911 1047 1947 C
1145 1912 1178 1947 7.
1204 1911 1273 1956 8η
1251 1910 1386 1956 ηγυνὴ
1412 1925 1478 1946 τισι
1503 1911 1539 1946 D
1638 1912 1684 1946 10
1707 1911 1811 1947 αὐτὸν
1835 1911 1871 1946 D

498 1958 682 2003 εὐχάνειαν
707 1957 797 1994 ODi
836 1959 887 2004 (V.
916 1959 1030 1995 Cedr.
1063 1958 1252 2004 (Scylitz.)
1286 1959 1324 1993 II
1357 1970 1392 2004 p.
1419 1959 1501 2002 411,
1527 1959 1599 2003 21),
1635 1959 1799 2004 εὐχάίναν
1825 1958 1871 2003 A,

450 2006 512 2051 εῦχ
515 2006 614 2041 άνιαν
639 2006 718 2047 EW.
746 2006 823 2052 Εὐχ
826 2008 925 2042 ανιάν
951 2007 998 2052 p*
1144 2007 1185 2040 11
1213 2006 1354 2051 εὐχάιτα
1380 2005 1461 2050 AR,
1487 2007 1650 2052 εὐχάιταν
1675 2007 1802 2052 CEwp

451 2020 512 2088 14χ
534 2065 571 2099 p.
598 2053 682 2096 535,
708 2053 1042 2099 2σφενδόσθλαβος
1067 2055 1175 2099 Ewp,
1203 2065 1240 2089 V.
1267 2054 1318 2088 ad
1344 2054 1454 2089 XVII
1482 2055 1514 2098 2,
1540 2054 1587 2089 34
1696 2054 1741 2090 15
1765 2055 1872 2089 αἰτῶν

451 2100 571 2146 ARw,
597 2101 714 2137 αὐτῶν
740 2101 788 2147 Ρ*
951 2103 995 2138 17
1021 2103 1160 2148 σκύθην
1185 2101 1219 2136 Α
1246 2101 1360 2137 Cedr.
1389 2100 1577 2148 (Sc-ylim.)
1604 2101 1642 2136 II
1668 2113 1704 2148 p.
1730 2102 1811 2146 412,
1837 2101 1870 2146 4,

451 2149 702 2194 ταυροσκύθην
727 2149 826 2195 pr

322 2275 367 2310 14
380 2277 475 2312 xiiio
503 2287 552 2312 ac
577 2277 755 2313 subsidio
783 2278 918 2322 fuisse,
957 2278 1163 2323 cognitum
1195 2281 1254 2313 est
1287 2288 1338 2313 ex
1369 2277 1439 2312 his.
1490 2277 1725 2313 Mulier-cula
1751 2287 1871 2323 quae-

381 2325 473 2360 dam
491 2324 689 2370 Byzantia
706 2325 897 2371 religiosa
916 2336 964 2360 ac
982 2325 1163 2361 modest-a
1182 2325 1310 2371 pridie
1336 2325 1440 2360 illius
1467 2335 1631 2370 pugnae
1658 2326 1699 2360 in
1722 2326 1870 2360 somnis

380 2375 561 2407 sanctam
593 2373 802 2418 deiparam
833 2372 1054 2419 procedere
1087 2383 1177 2408 cum
1209 2383 1357 2418 magno
1390 2373 1582 2407 comitatu
1614 2373 1752 2408 videre
1783 2373 1870 2407 visa

323 2419 366 2454 15
381 2422 441 2455 est
473 2423 596 2465 atque
626 2420 679 2455 ad
709 2430 836 2455 unum
869 2420 919 2456 de
951 2421 1283 2456 antecedentibus
1323 2421 1472 2455 dicere:
1512 2419 1714 2455 “Domine
1745 2420 1870 2455 Theo-

381 2467 491 2510 dore,
528 2478 642 2503 meus
669 2471 708 2503 et
733 2470 827 2503 tuus
852 2467 1026 2503 Ioannes
1055 2469 1200 2514 gravia
1232 2468 1418 2511 sustinet,
1457 2478 1629 2512 propere
1660 2468 1784 2513 igitur
1815 2468 1869 2502 illi

323 2514 367 2548 16
382 2525 498 2560 opem
524 2515 622 2550 fer.’³
670 2515 717 2550 Id
742 2516 941 2551 somnium
966 2516 1034 2550 illa
1061 2515 1302 2561 quibusdam
1329 2516 1498 2560 aperuit,
1540 2516 1607 2559 qui
1641 2515 1705 2550 die
1731 2518 1869 2550 notato

323 2562 367 2597 17
382 2566 665 2608 compererunt
698 2562 740 2597 id
773 2563 903 2608 pridie
934 2566 1161 2608 postremae
1193 2573 1358 2608 pugnae.
1389 2562 1594 2598 accidisse.
1655 2562 1742 2597 Rex
1773 2573 1870 2598 vero

380 2613 425 2644 ut
450 2611 618 2655 martyri
644 2621 717 2656 pro
744 2613 896 2645 navata
923 2621 1047 2656 opera
1072 2611 1246 2656 gratiam
1278 2611 1457 2653 referret,
1497 2610 1806 2654 pulcherrimum
1834 2611 1870 2645 ei

380 2657 570 2703 templum
597 2658 830 2693 Euchaniae
855 2658 942 2693 sive
967 2658 1174 2693 Euchaitis
1199 2658 1356 2701 struxit,
1381 2661 1519 2692 vetere
1546 2657 1690 2701 diruto,
1722 2658 1763 2692 in
1790 2667 1870 2702 quo

324 2704 367 2739 18
381 2705 468 2740 eius
505 2715 652 2750 corpus
683 2705 817 2740 multis
851 2706 1136 2740 certaminibus
1169 2705 1403 2740 defunctum
1437 2705 1655 2750 repositum
1695 2708 1792 2748 erat,
1832 2708 1870 2739 et

324 2752 367 2787 19
381 2752 534 2795 urbem,
576 2756 714 2788 vetere
750 2753 913 2788 nomine
951 2753 1112 2796 abolito,
1151 2752 1487 2797 Theodoropolim
1526 2752 1757 2797 appellavit.
1818 2750 1870 2786 At

380 2799 580 2835 barbarus
599 2799 973 2845 Sphendosthlabus
991 2800 1172 2845 undique
1191 2800 1427 2844 desperatus
1446 2809 1517 2844 per
1535 2799 1692 2845 legatos
1709 2800 1869 2834 veniam

381 2847 432 2881 ab
458 2857 557 2892 rege
583 2848 697 2892 petiit
723 2850 762 2882 et
789 2847 950 2882 domum
976 2847 1174 2882 redeundi
1200 2846 1432 2882 facultatem
1460 2850 1499 2881 et
1524 2846 1653 2881 locum
1674 2847 1778 2881 inter
1795 2846 1870 2881 Ro-

380 2904 590 2929 manorum
617 2894 847 2930 foederatos
873 2898 913 2930 et
937 2895 1108 2931 liberum
1126 2893 1283 2940 Scythis
1302 2894 1343 2929 in
1361 2893 1633 2930 Romanorum
1652 2894 1869 2939 provinciis
