1968 3302
356 188 403 230 46
755 184 937 232 ZONAR.
964 185 1094 230 ΕΡΙΤ.
1122 184 1219 229 ‘xm
1244 193 1278 238 9,
1305 187 1457 231 11-23.

357 315 541 362 στάντιος
578 316 638 370 μὴ
679 316 886 371 κινήθεῖεν
925 317 982 363 εἷς
1019 315 1274 357 ἀποστασίαν
1314 316 1354 357 οἷ
1391 316 1462 358 ὑπ’
1495 316 1654 359 ἐκείνου
1692 317 1851 361 κακού-

355 401 473 439 μενοι
504 384 576 426 καὶ
607 385 811 439 ἐμφυλίου
843 385 1032 439 πολέμου
1070 385 1198 438 δεήσῃ
1231 385 1361 439 αὐτῷ,
1410 384 1669 440 Δομιτιανόν,
1717 388 1852 442 ἄνδρα

357 453 539 508 ἐπιφανῆ
569 469 610 494 τε
641 454 712 495 καὶ
745 454 931 508 γηραιόν,
965 454 1450 508 ἔπαρχονπραιτωρίων,
1482 456 1854 510 προχειρισάμενος

355 523 412 568 εἷς
437 521 685 576 Ἀντιόχειαν
717 522 898 569 ἔστειλεν,
946 521 1227 575 ἐντειλάμενος
1263 527 1323 575 τῷ
1354 521 1482 576 ’ἀνδρὶ
1520 523 1563 563 ἓν
1601 523 1854 579 ἀπορρήτοις

355 591 528 645 εὐφυῶς
558 606 652 636 πως
683 591 754 631 τὸν
786 590 948 631 Γάλλον
981 590 1174 631 ’ὑπελθεῖν
1205 590 1276 631 καὶ
1311 595 1446 632 πεῖσαι
1485 592 1708 646 ἀφίξεσθαι
1743 593 1888 647 πρόςῦ

76 662 267 700 P1119A
296 664 341 698 1⁶2
356 659 491 700 αἶ’τόν.
555 659 578 699 (5
617 659 661 699 δὲ
702 660 757 705 εἷς
789 659 1036 712 Ἀντιόχειαν
1074 659 1378 713 παραγεγονὼς
1416 660 1487 701 καὶ
1524 661 1635 701 πάνυ
1675 661 1852 710 ἀδεξίως

354 727 400 769 τὸ
431 732 606 782 πρᾶγμα
638 728 953 782 μετεχειρίσατο,
987 728 1233 782 ἀναφανδὸν
1265 729 1457 776 ἐπιτάξας
1478 734 1539 782 τῷ
1560 729 1743 784 Καίσαρι
1772 746 1850 772 πο-

355 797 552 851 ρεύεσθαι
583 796 691 850 πρὸς
721 795 793 837 τὸν
825 797 1116 850 αὐτοκράτορα
1149 796 1220 838 καὶ
1246 797 1482 851 ἀπειλήσας,
1516 797 1628 852 εἰμὴ
1651 798 1850 852 πείθοιτο,

89 869 138 905 W
153 869 269 905 11117
297 869 341 904 13
354 865 426 911 τὰς
458 866 631 919 σιτήσεις
661 868 746 906 τῶν
778 865 848 906 ὑπ’
881 865 1007 906 αὐτὸν
1045 866 1233 920 ἐπισχεῖν.
1295 867 1454 912 τούτοις
1485 867 1542 913 εἰς
1572 867 1715 921 θυμὸν
1747 868 1850 909 ἐκεῖ-

322 960 324 962 v
354 950 426 980 νος
456 933 749 987 παροξυνθείς,
781 934 851 975 καὶ
883 934 1021 980 ἄλλως
1053 935 1265 988 εὐκίνητος
1294 936 1356 976 ὢν
1377 935 1485 988 πρὸς
1507 935 1648 990 ὀργήν,
1681 937 1852 991 συνέσχε
1868 941 1913 976 10

295 1007 341 1041 14
353 1002 424 1044 τὸν
457 1004 642 1057 ἔπαρχον
673 1002 744 1044 καὶ
775 1002 993 1057 φρουροὺς
1026 1003 1143 1056 αὐτῷ
1175 1004 1426 1057 στρατιώτας
1463 1004 1668 1058 ἐπέστησε.
1730 1005 1850 1046 Μον-

353 1072 440 1112 τίου
474 1071 519 1112 δὲ
550 1076 623 1113 τοῦ
656 1072 933 1124 κοιαίστωρος
971 1072 1220 1125 αἰτιωμένου
1259 1071 1332 1126 τὴν
1363 1074 1514 1127 πρᾶξιν
1544 1073 1615 1114 καὶ
1646 1073 1703 1119 εἷς
1735 1077 1852 1128 σαφῆ

352 1140 575 1193 τυραννίδα
607 1140 760 1195 ταύτην
791 1141 1020 1194 ἀνάγεσθαι
1052 1141 1256 1194 λέγοντος,
1288 1141 1343 1182 ἔτι
1365 1141 1601 1195 χαλεπήνας
1622 1142 1646 1183 ὁ
1668 1142 1849 1196 Καῖσαρ,

354 1208 456 1250 ἀλλὰ
488 1209 559 1250 καὶ
589 1209 698 1262 πρὸς
728 1214 800 1264 τῆς
832 1208 1028 1263 γυναικὸς
1060 1209 1259 1263 ἕξαφθεὶς
1291 1210 1347 1255 εἷς
1379 1209 1509 1264 ὀργὴν
1541 1210 1603 1257 ὡς
1633 1226 1849 1265 καταφρο-

353 1277 570 1332 νούμενος,
616 1278 687 1319 καὶ
726 1278 853 1319 αὐτὸν
892 1277 975 1319 ὑπὸ
1017 1278 1185 1332 δεσμοῖς
1224 1278 1447 1333 ἐποιήσατο
1486 1278 1557 1320 τὸν
1595 1280 1849 1333 κοιαίστωρα
1868 1285 1911 1321 15

296 1351 340 1386 15
353 1346 424 1388 καὶ
454 1351 539 1392 τοῖς
570 1347 836 1401 στρατιώταις
867 1347 938 1388 καὶ
977 1347 1111 1401 ἄμφω
1149 1347 1411 1400 παρέδωκεν.
1475 1348 1514 1388 οἱ
1546 1347 1591 1388 δὲ
1622 1348 1757 1403 ἄμφω
1789 1348 1849 1390 τὼ

307 1416 481 1470 Βᾶνδρε
519 1416 797 1470 συνδήσαντες
834 1417 988 1471 ἔσυραν
1027 1415 1093 1457 διὰ
1131 1420 1203 1470 τῆς
1241 1416 1399 1470 ἀγορᾶς
1437 1416 1508 1457 καὶ
1546 1417 1742 1471 ᾐκίσαντο
1780 1417 1851 1459 καὶ

352 1484 468 1530 τέλος
500 1485 696 1539 ἐνέβαλον
728 1485 785 1531 εἷς
815 1484 886 1526 τὸν
916 1484 1109 1538 ποταμὸν
1140 1484 1211 1526 καὶ
1244 1485 1499 1539 διέφθειραν.

295 1559 340 1593 16
476 1552 612 1594 Ταῦτα
649 1553 809 1607 μαθὼν
846 1553 870 1594 ὁ
902 1553 1193 1599 Κωνστάντιος
1234 1553 1397 1607 ἔπεμψε
1433 1553 1529 1600 τοὺς
1567 1554 1742 1602 ἄξοντας
1780 1553 1851 1596 τὸν

426 1665 445 1700 1
472 1666 505 1700 εἰ
528 1669 620 1711 post
643 1665 694 1711 μὴ
722 1665 957 1701 coniectura
983 1665 1076 1700 add.
1102 1663 1158 1700 Di
1304 1665 1326 1700 2
1351 1665 1411 1700 καὶ
1438 1667 1532 1701 ante
1557 1665 1731 1712 ἐμφυλίου
1758 1666 1850 1702 add.

424 1713 535 1759 pr‚
563 1724 639 1749 om.
665 1712 760 1748 ADi
880 1713 1001 1759 δεήσοι
1026 1713 1091 1748 vel
1118 1713 1239 1759 δεήσαι
1266 1713 1335 1752 Dw
1453 1715 1658 1758 ὃομετιανόν
1683 1713 1850 1760 CDEwp

424 1762 447 1796 3
473 1767 544 1796 τῶν
563 1766 658 1797 ante
675 1763 907 1806 πραιτωρίων
925 1762 1018 1796 add.
1037 1761 1150 1807 pr,
1179 1761 1250 1797 sed
1269 1772 1305 1796 V.
1326 1762 1378 1797 ad
1396 1761 1493 1796 XIII
1513 1762 1568 1804 10,
1582 1761 1629 1797 22
1725 1762 1748 1798 5
1772 1767 1850 1802 πῶς

423 1809 536 1855 Awp‚
561 1823 640 1848 πως
667 1809 768 1854 ODi,
793 1809 881 1854 πρὸς
907 1810 938 1844 Ε
1084 1811 1104 1845 7
1133 1810 1192 1844 καὶ
1218 1823 1298 1854 σαρι
1324 1809 1360 1844 D
1505 1809 1527 1844 9
1551 1810 1655 1845 αὐτὸν
1680 1809 1848 1856 prDi‚

423 1857 542 1893 αὐτῶν
568 1856 615 1900 A,
640 1869 677 1892 V.
705 1858 757 1892 ad
785 1857 881 1892 XIII
909 1858 962 1901 10,
993 1858 1033 1891 11
1140 1858 1188 1896 εἷς
1213 1858 1329 1902 1θυμὸν
1359 1868 1432 1893 om.
1461 1857 1496 1892 D
1602 1858 1647 1892 10
1673 1861 1763 1903 post
1788 1859 1848 1893 ἅλ-

422 1906 495 1944 λως
521 1906 613 1940 add.
640 1906 690 1944 ὡς
717 1906 746 1940 Ε
845 1907 991 1950 κατέσχε
1018 1905 1114 1950 pr
1215 1906 1259 1940 12
1285 1907 1506 1950 κοιαίστορος
1532 1905 1646 1951 pr,
1674 1917 1710 1940 v.
1730 1917 1787 1942 vs.
1806 1906 1848 1941 15

425 1955 470 1988 13
493 1954 621 1999 ταύτην
647 1955 730 1988 init.
758 1964 861 1989 vers.
890 1964 964 1990 om.
986 1953 1014 1987 E
1115 1953 1159 1988 14
1184 1954 1232 1993 εἷς
1258 1953 1365 1999 ὀργὴν
1390 1954 1557 1999 ἒξαφθεὶς
1583 1954 1680 1999 pr
1783 1969 1847 1990 κα-

422 2002 731 2047 ταφρουνούμενος
757 2001 805 2046 D,
832 2012 933 2037 corr.
960 2001 1029 2039 Dw
1167 2002 1210 2036 15
1235 2003 1437 2046 κοιαίστορα
1464 2001 1564 2047 pr
1689 2002 1733 2037 16
1758 2005 1849 2048 post

424 2049 463 2084 δὲ
488 2050 581 2085 add.
607 2050 667 2084 καὶ
694 2050 724 2084 E
870 2051 914 2085 18
939 2049 1102 2095 ἐνέβαλον
1120 2049 1289 2095 prDi‚
1315 2050 1499 2095 ἐνέβαλλον
1514 2049 1548 2084 Α
1677 2050 1721 2085 19
1746 2051 1847 2092 ἄξον-

422 2112 481 2136 τας
506 2097 588 2143 AR,
617 2098 777 2139 ἕλξοντας
803 2097 905 2144 pr
1004 2097 1062 2132 τὸν
1090 2109 1164 2133 om.
1190 2097 1221 2132 B

351 2216 499 2251 senem,
541 2207 792 2252 praefectum
819 2207 1035 2252 praetorio,
1072 2206 1194 2252 elegit
1220 2210 1259 2242 et
1284 2204 1538 2242 Antiochiam
1565 2206 1670 2242 misit
1695 2207 1848 2242 iussum

353 2256 583 2301 opportuna
610 2254 787 2300 quadam
814 2255 971 2290 ratione
998 2253 1156 2289 Gallum
1194 2258 1349 2290 secreto
1383 2254 1496 2290 adire
1529 2255 1647 2299 eique
1684 2265 1848 2300 persua-

293 2302 338 2338 12
353 2303 460 2347 dere,
499 2306 543 2338 ut
575 2303 733 2338 veniret
765 2303 817 2338 ad
851 2313 903 2338 se.
956 2302 1031 2344 Qui
1059 2312 1149 2337 cum
1177 2301 1432 2338 Antiochiam
1459 2303 1646 2346 venisset,
1686 2303 1751 2338 vel
1780 2304 1848 2338 im-

351 2351 591 2396 peritissime
618 2361 700 2385 rem
729 2352 822 2397 egit,
857 2353 1002 2396 ,aperte
1029 2351 1137 2385 iusso
1166 2350 1340 2386 Caesare
1367 2350 1565 2395 proficisci
1598 2350 1650 2385 ad
1679 2351 1847 2396 impera-

351 2403 478 2434 torem
506 2409 554 2433 ac
579 2399 765 2442 minatus,
803 2398 880 2433 nisi
912 2399 1220 2444 obtemperaret,
1261 2409 1302 2433 se
1331 2402 1557 2433 commeatu
1582 2409 1661 2442 eos,
1701 2399 1847 2443 quibus

293 2446 337 2480 13
352 2447 417 2482 ille
443 2448 672 2492 imperaret,
712 2446 1037 2482 interclusurum.
1088 2446 1137 2491 Is,
1171 2456 1242 2491 per
1270 2457 1311 2481 se
1341 2446 1458 2481 facile
1485 2456 1681 2491 praeceps
1708 2446 1759 2480 ad
1787 2457 1846 2481 ra-

352 2495 468 2539 biem,
508 2494 567 2529 his
594 2494 716 2529 rebus
742 2494 794 2529 ad
820 2495 921 2529 iram
947 2495 1137 2529 incitatus
1165 2495 1270 2539 cepit
1297 2495 1547 2539 praefectum
1573 2494 1846 2539 militibusque

292 2541 337 2576 14
351 2542 403 2577 ad
431 2541 740 2577 custodiendum
768 2542 944 2577 tradidit.
997 2541 1094 2577 Cum
1124 2546 1259 2577 autem
1278 2541 1452 2576 Montius
1480 2544 1670 2586 quaestor
1691 2542 1846 2576 crimini

352 2590 466 2624 daret
499 2600 582 2624 rem
615 2600 663 2624 ac
696 2590 934 2625 manifestae
968 2590 1195 2635 tyrannidis
1228 2590 1335 2624 hunc
1368 2600 1456 2624 esse
1494 2590 1646 2624 fontem
1683 2589 1845 2633 diceret,

350 2638 478 2672 iratus
497 2637 647 2673 Caesar
665 2640 788 2682 atque
806 2639 973 2683 insuper
992 2637 1043 2672 ab
1062 2647 1193 2672 uxore
1219 2638 1490 2671 inflammatus
1513 2637 1564 2671 ad
1591 2637 1702 2679 iram,
1730 2638 1845 2682 quasi

351 2688 622 2730 sperneretur,
663 2686 793 2731 ipsum
833 2695 997 2730 quoque
1037 2686 1078 2720 in
1115 2685 1278 2720 vincula
1315 2685 1486 2719 coniecit
1519 2688 1772 2729 quaestorem
1807 2687 1846 2719 et

294 2731 541 2767 15militibus
568 2733 708 2768 ambos
735 2733 911 2768 tradidit.
975 2733 1051 2775 Qui
1078 2743 1168 2768 eum
1195 2733 1335 2767 ambos
1362 2732 1447 2767 illos
1474 2732 1583 2766 viros
1610 2733 1845 2774 vinxissent,

351 2782 501 2815 tractos
528 2790 599 2825 per
627 2781 758 2816 forum
786 2784 825 2816 et
851 2782 1051 2816 cruciatos
1079 2780 1254 2825 denique
1280 2780 1505 2814 iniecerunt
1539 2780 1580 2814 in
1612 2779 1780 2814 fluvium
1807 2783 1846 2815 et

351 2828 654 2864 interfecerunt.

295 2876 339 2913 16
473 2874 626 2920 Quibus
653 2877 776 2913 rebus
803 2878 975 2925 cognitis
1002 2875 1260 2914 Constantius
1287 2876 1403 2921 misit,
1439 2875 1507 2921 qui
1535 2874 1729 2911 ducerent
1756 2873 1845 2914 Gal-
