2054 3282
449 213 671 260 ARTEMH
695 214 764 260 Er
791 211 1084 260 ΧΫῌΝῙΤΑΕ
1109 209 1401 259 iN'rERI'rvs.
1611 208 1682 255 257

176 344 340 401 ποίηκε,
383 344 500 400 παρὰ
544 349 619 388 τοῦ
666 344 896 387 ὄσιωτάτου
928 343 1155 399 Γερμανοῢ
1193 346 1266 398 τῆς
1302 340 1369 384 ἐπὶ
1399 345 1450 397 τῇ
1479 340 1684 383 ταινιώσει

177 414 336 469 τελετῆς
373 413 641 468 τελεσθείσης.
709 413 904 455 ἐντεῦθεν
935 413 960 454 ὅ
992 411 1120 454 Λέων
1152 411 1321 466 ἄρχεται
1350 413 1424 452 τοῦ
1455 410 1685 464 θεομαχεῖν
1699 411 1743 446 21

178 481 251 524 καὶ
280 482 385 524 κατὰ
416 485 503 524 τῶν
533 485 697 524 σεπτῶν
731 481 913 523 εἰκόνων
945 481 1147 535 ἐλύπησε.
1209 479 1281 521 καὶ
1317 477 1390 521 τὸν
1425 477 1686 533 πατριάρχην
1699 480 1746 515 22

179 551 566 606 μεταπεμψάμενος
587 550 630 591 Γ
623 550 809 605 ερμανὸν
830 549 890 605 μὴ
915 550 999 591 δεῖν
1025 549 1137 603 ἔλεγε
1167 547 1240 595 τὰς
1270 547 1436 594 εἰκόνας
1466 546 1684 601 τιμᾶσθαι·

145 619 502 674 5εῖόωλολατρίαν
541 619 622 674 γὰρ
661 618 736 673 τὴν
781 619 944 660 τούτων
987 617 1184 660 ἀπεκάλει
1225 616 1522 671 προσκύνησιν.
1584 615 1609 656 ὅ
1641 614 1687 656 δὲ
1700 617 1747 653 23

182 687 300 734 θεῖος
331 688 488 734 ἐκεῖνος
520 687 627 742 ἀνήρ
665 686 890 741 “εὕφήμει,
934 686 1153 740 βασιλεῦ”,
1198 686 1279 740 ἔφη
1323 683 1425 726 “nal
1467 683 1527 738 μὴ
1573 683 1686 725 οὕτω

183 755 347 811 φρόνει·
393 755 542 811 ἀσεβὲς
573 755 653 810 γὰρ
685 756 879 809 ἄντικρυς
909 754 956 796 τὸ
988 754 1192 809 ἐννόημα·
1238 753 1309 795 καὶ
1349 752 1443 795 οἶδα
1473 751 1552 807 μὲν
1583 751 1686 807 ᾀδό-

19 823 21 825 ’
64 825 170 862 Ῑ339
182 840 313 880 μενον
341 823 389 867 τὸ
418 824 582 879 μέλλειν
613 824 837 879 κινηθῆναι
867 823 1020 878 ταύτην
1050 822 1125 877 τὴν
1153 823 1318 876 αἵρεσιν.
1381 821 1484 863 ἀλλὰ
1505 820 1565 876 μὴ
1588 821 1687 875 σύγε
1701 823 1748 859 24

14 889 18 895 ’
184 894 270 948 εἴης
301 893 325 934 ὁ
355 892 506 948 ταύτης
531 892 805 946 εἰσαγωγεύς·
840 891 998 934 Κόνων
1020 891 1100 945 γάρ
1121 907 1179 937 τις
1201 889 1517 945 ὀνομαζόμενος
1537 889 1688 944 ταύτης

123 969 172 1005 10
182 961 344 1016 μέλλειν
364 961 655 1016 κατάρξασθαι
676 961 876 1015 λέγεται.”
936 959 1007 1001 καὶ
1039 960 1087 1006 ὃς
1117 959 1349 1013 ὑπολαβὼν
1380 959 1527 1000 αὐτίκα
1560 958 1687 1013 φησίν
1701 961 1793 998 25Β

181 1031 373 1072 “οὗκοῢν
416 1031 501 1084 ἐγώ
546 1031 644 1085 εἶμι·
689 1029 847 1071 Κόνων
891 1028 971 1083 γὰρ
1007 1027 1124 1082 παρὰ
1161 1031 1248 1070 τῶν
1285 1028 1447 1082 γονέων
1484 1027 1687 1082 νηπιόθεν

183 1098 479 1153 ὠνόμασμαι.”
539 1097 611 1140 τὸν
640 1097 719 1153 μὲν
758 1097 834 1140 οὗν
875 1098 1069 1152 ἀοίδιμον
1099 1096 1144 1138 Γ
1139 1096 1324 1151 ερμανὸν
1360 1096 1420 1151 μὴ
1464 1096 1685 1138 πεισθέντα
1700 1099 1746 1135 26

181 1167 414 1209 συνθέσθαι
446 1171 495 1222 τῇ
533 1167 683 1222 γνώμῃ
722 1167 866 1221 αὐτοῦ,
909 1166 1070 1221 μᾶλλον
1099 1165 1178 1220 μὲν
1210 1164 1286 1207 οὗν
1317 1165 1388 1206 καὶ
1420 1164 1684 1219 γενναιότατα

181 1235 440 1290 ἀντιλέγοντα
472 1236 543 1277 καὶ
573 1235 648 1290 τὴν
679 1236 809 1277 αὐτοῦ
841 1235 1099 1283 κακοδοξίαν
1131 1234 1349 1289 ἐλέγχοντα
1371 1238 1444 1289 τῆς
1465 1233 1688 1288 ἐκκλησίας

122 1313 168 1349 15
182 1305 414 1359 ἕξώθησεν,
459 1306 527 1359 ἔτη
559 1304 711 1359 ταύτην
743 1304 945 1346 ἰθύνοντα
982 1303 1292 1357 πεντεκαίδεκα,
1333 1302 1602 1344 Ἀναστάσιον
1640 1301 1688 1343 δέ

180 1389 269 1415 τινα
308 1374 365 1419 εἷς
405 1373 666 1428 πατριάρχην
711 1373 850 1427 ἑαυτῷ
894 1371 1121 1427 ὁμόφρονα
1164 1371 1476 1426 προχειρίζεται.
1538 1374 1612 1411 τοῦ
1646 1367 1683 1412 δ’
1698 1374 1744 1410 27

182 1440 260 1483 οὖν
298 1442 410 1483 οὕτω
449 1446 658 1496 φρονῆσαι
695 1441 767 1483 τὸν
798 1441 962 1483 Λέοντα
994 1440 1066 1482 καὶ
1097 1441 1154 1487 εἰς
1183 1444 1305 1482 τοῦτο
1334 1439 1558 1494 προελθεῖν
1589 1439 1684 1480 ἀσε-

180 1510 296 1565 βείας
325 1510 422 1565 ἥκω
452 1509 527 1565 τὴν
557 1510 690 1552 αἰτίαν
721 1510 845 1565 ἐρῶν.

294 1578 399 1628 Ἰζὶθ
418 1581 504 1621 τῶν
521 1579 719 1634 Ἀράβων
742 1579 833 1634 ἄρτι
856 1579 1024 1634 γέγονεν
1046 1577 1250 1634 ἀρχηγός·
1282 1577 1353 1620 καὶ
1384 1577 1520 1632 τούτῳ
1551 1592 1683 1632 προσ·
1699 1576 1726 1619 3

181 1693 204 1729 2
228 1694 278 1728 ὅτι
301 1692 391 1729 κατὰ
416 1697 488 1729 τῶν
512 1693 623 1739 ἁγίων
647 1694 799 1729 εἰκόνων
824 1694 845 1729 ὁ
867 1693 973 1729 Λέων
999 1693 1047 1733 εἰς
1073 1692 1272 1739 τούμφανὲς
1299 1692 1523 1738 ἐξελύττησεν
1549 1691 1612 1728 ΟΕ

182 1741 228 1776 12
251 1741 329 1787 περὶ
353 1746 580 1787 πατριαρχῶν
605 1740 669 1777 CE
757 1741 802 1777 16
826 1742 910 1777 ὅθεν
934 1742 954 1777 ὁ
978 1741 1084 1777 Λέων
1111 1743 1160 1781 εἷς
1185 1741 1247 1788 τὴν
1271 1741 1433 1786 τοιαύτην
1458 1742 1550 1783 (om.
1566 1738 1683 1783 CDE)

180 1788 342 1836 ἀσέβειαν
364 1788 533 1836 προήχθη
559 1787 702 1826 ACDE

256 1885 274 1920 1
289 1884 485 1921 ὅσιωσάτου
501 1884 587 1932 w*p
685 1885 709 1921 2
725 1885 840 1932 τελετῇ
854 1885 901 1931 D,
922 1896 1023 1922 corr.
1038 1885 1107 1924 Dw
1204 1884 1438 1931 λέωνέρχεται
1454 1882 1484 1922 C
1577 1883 1599 1920 5
1616 1882 1683 1930 γὰρ

255 1942 330 1969 om.
358 1932 390 1970 Ο
486 1933 655 1969 ἀπεκάλει
682 1932 827 1981 AEwp,
855 1934 1043 1980 ὀνομάζων
1069 1933 1101 1970 Ο
1199 1934 1222 1970 6
1246 1933 1379 1973 ἐκεῖνος
1405 1932 1494 1979 ἀνὴρ
1520 1930 1567 1975 A,
1593 1931 1682 1977 ἀνὴρ

254 1980 387 2021 ἐκεῖνος
404 1980 447 2027 Ε,
466 1981 600 2020 ἐκεῖνος
616 1980 730 2027 πατὴρ
749 1981 847 2029 pr
945 1982 968 2018 9
985 1983 1082 2027 ὄνομ.
1100 1982 1228 2027 ταύτην
1246 1982 1278 2017 Ε
1377 1981 1422 2017 10
1440 1980 1683 2026 κατάρχεσθαι

255 2026 411 2075 EwpDi
535 2029 578 2064 11
606 2031 698 2075 post
722 2030 792 2076 εἰμι
819 2029 913 2066 add.
938 2030 999 2066 καὶ
1023 2030 1089 2076 οὐχ
1116 2030 1232 2076 ἕτερος
1258 2029 1355 2076 pr
1490 2028 1536 2064 19
1560 2029 1684 2073 ἄρχων

253 2076 331 2121 ἄρτι
357 2076 475 2123 γέγονέ
498 2091 548 2116 τις
575 2076 671 2123 Ewp

183 2181 303 2218 lemni
330 2191 355 2217 a
369 2183 509 2217 sancto
525 2179 728 2218 Germano
743 2181 958 2218 celebrato.
1010 2181 1167 2218 Exinde
1192 2180 1276 2218 Leo
1295 2190 1386 2217 cum
1405 2180 1480 2217 deo
1497 2190 1685 2227 pugnare
1698 2178 1744 2215 21

184 2229 325 2276 incipit
342 2232 382 2265 et
399 2232 541 2265 eontra
559 2229 816 2265 venerandas
833 2230 1032 2276 imagines
1049 2230 1239 2266 insanire.
1282 2228 1570 2274 Arcessitoque
1588 2227 1685 2269 Ger·
1698 2227 1746 2263 22

185 2287 305 2313 mano
333 2276 564 2323 patriarcha
593 2280 720 2323 negat
735 2277 926 2313 colendas
953 2288 1041 2313 esse
1054 2278 1271 2324 imagines3
1299 2287 1438 2313 earum
1466 2276 1571 2311 enim
1591 2275 1685 2311 ado-

185 2325 383 2361 rationem
408 2324 637 2360 idolatriam
664 2325 850 2360 vocabat.
900 2324 954 2361 At
987 2325 1106 2361 divus
1131 2325 1198 2360 ille
1224 2326 1306 2360 vir:
1347 2323 1496 2359 “Bona
1521 2322 1686 2368 verba‚”
1699 2323 1747 2360 23

185 2373 315 2419 inquit
332 2373 446 2417 ''rex,
471 2382 519 2408 ae
537 2372 619 2408 noli
637 2373 694 2407 ita
712 2373 879 2418 sentire3
905 2383 1000 2408 nam
1018 2373 1141 2419 impia
1159 2376 1220 2408 est
1242 2372 1362 2418 plane
1380 2373 1457 2407 ista
1472 2371 1685 2417 cogitati03

184 2421 267 2456 seio
294 2420 450 2456 cantari
476 2420 564 2456 sore
589 2423 635 2455 ut
659 2420 736 2455 ista
763 2421 940 2457 haeresis
965 2421 1156 2467 agitetur.
1207 2420 1270 2455 Tu
1297 2430 1395 2456 vero
1423 2419 1528 2454 illius
1543 2422 1686 2454 auctor
1699 2418 1746 2455 24

185 2478 274 2505 esse
314 2468 414 2514 noli;
452 2478 546 2503 nam
573 2466 713 2504 Conon
747 2468 911 2514 quidam
938 2478 1028 2504 eam
1055 2469 1341 2514 auspicaturus
1380 2477 1468 2504 esse
1503 2466 1688 2502 dicitur.”

185 2515 289 2552 Tum
315 2515 381 2552 ille
406 2516 540 2551 statim
564 2515 737 2561 “Ergo’'
761 2516 891 2561 inquit
915 2517 1026 2562 “ego
1053 2526 1142 2551 sum
1168 2517 1219 2561 is3
1262 2526 1356 2551 nam
1383 2514 1524 2552 Conon
1551 2515 1686 2550 infans
1700 2514 1746 2550 25

186 2574 212 2599 a
238 2563 475 2610 parentibus
510 2573 599 2599 sum
625 2563 864 2609 appellatus.
874 2563 896 2576 '²
944 2563 1145 2600 Inelutum
1172 2563 1282 2599 illum
1310 2562 1559 2599 Germanum
1586 2571 1686 2598 suae
1699 2562 1747 2598 26

186 2611 411 2648 sententiae
437 2611 623 2647 assentiri
649 2611 864 2654 nolentem,
890 2611 962 2648 sed
989 2613 1123 2658 potius
1149 2622 1300 2658 magno
1327 2612 1462 2646 animo
1477 2611 1687 2657 refragan-

186 2663 265 2695 tem
293 2662 332 2695 et
358 2668 592 2705 perversam
618 2658 725 2694 illam
753 2660 983 2705 opinionem
999 2663 1240 2706 arguentem
1267 2659 1438 2695 ecclesia
1464 2658 1592 2702 eiecit,
1620 2658 1687 2693 eui

187 2717 259 2753 per
291 2706 522 2752 quindecim
559 2716 688 2742 annos
726 2708 973 2753 praefuerat,
1016 2711 1055 2743 et
1081 2706 1339 2742 Anastasium
1394 2705 1570 2742 uendam
1609 2705 1686 2740 sibi

186 2754 473 2790 assentientem
499 2754 768 2800 patriarcham
806 2755 1048 2801 designavit.
1099 2754 1216 2790 Nunc
1240 2754 1350 2790 unde
1415 2763 1463 2790 eo
1503 2753 1543 2788 in
1568 2754 1684 2789 istam
1699 2754 1746 2792 27

188 2802 418 2848 opinionem
445 2801 646 2838 adductus
673 2806 713 2838 et
737 2802 790 2838 ad
817 2807 969 2839 tantam
997 2803 1243 2849 impietatem
1263 2811 1504 2849 progressus
1530 2802 1591 2846 sit,
1619 2811 1685 2836 ex—

187 2859 348 2897 ponam.
1340 2850 1359 2872 ⁴

305 2897 339 2933 3.
365 2895 492 2933 Izitho
519 2894 701 2934 Arabum
744 2898 1014 2946 principatum
1054 2908 1185 2945 nuper
1223 2897 1372 2944 adepto
1408 2897 1553 2933 Ebraei
1593 2896 1686 2943 duo,

260 2967 418 2999 zonara·
437 2967 588 3006 Epteom
606 2967 667 2999 111.
1427 2957 1470 2997 17
