2054 3282
293 221 652 265 OECVMENICVS
677 222 888 263 DOCTOR
913 221 1019 261 CVM
1043 220 1155 261 SVIS
1181 219 1528 259 COMBVRI'I'VR.
1602 219 1671 259 261

171 348 251 406 μὲν
280 349 446 406 ἀφῆκεν
477 349 534 396 εἷς
562 347 638 404 τὴν
669 348 874 403 σφετέραν
903 333 1167 401 πορευθῆναι
1199 343 1426 398 διατριβήν,
1457 342 1530 386 τὸν
1553 342 1673 385 οἷκον

172 419 332 462 ἐκεῖνον
375 418 537 474 δηλαδὴ
581 417 653 460 τὸν
695 416 916 472 βασίλειον,
961 414 1087 461 αὐτὸς
1125 413 1170 456 δὲ
1209 412 1408 459 κελεύσας
1439 413 1673 467 εὔπρηστον
1686 417 1733 454 22

170 488 275 544 ὕλην
317 488 580 543 συναχθῆναι
621 486 781 541 πολλὴν
822 485 895 527 καὶ
930 485 1051 539 πέριξ
1084 486 1159 524 τοῦ
1202 483 1323 524 οἴκου
1366 481 1556 523 τεθεῖσαν
1600 481 1672 522 ἀν·

172 557 364 613 αφθῆναι
394 555 556 604 νυκτός,
589 556 701 597 οὕτω
732 554 805 596 τόν
835 570 878 596 τε
909 552 1028 595 οἶκον
1059 551 1135 595 σὺν
1165 555 1253 598 ταῖς
1283 550 1443 606 βίβλοις
1473 549 1546 592 καὶ
1575 549 1673 597 τοὺς

135 625 335 681 ὅσοφοὺς
365 624 550 671 ἐκείνους
580 623 740 678 ἄνδρας
769 622 842 664 καὶ
873 621 1128 677 σεβασμίους
1158 620 1404 662 κατέκαυσε.

291 693 367 735 Διὰ
398 697 526 734 ταῦτα
557 692 582 734 ὁ
612 697 686 747 τῆς
715 692 1002 747 πρεσβυτέρας
1026 689 1196 744 Ῥώμης
1225 688 1315 730 τότε
1344 686 1420 743 τὴν
1451 687 1715 743 ἕκκλησίαν4

170 762 334 805 ἷθύνων
354 761 398 803 Γ
392 761 590 817 ρηγόριος
620 765 693 816 τῆς
723 759 832 815 πρὸς
862 759 934 802 τὸν
964 763 1037 814 τῆς
1062 759 1158 804 νέας
1174 757 1342 812 Ῥώμης
1362 755 1673 811 προεδρεύοντα

170 831 242 874 καὶ
271 830 369 878 τοὺς
399 830 546 884 ἐκείνῳ
578 829 830 884 ὁμόφρονας
867 827 1053 874 ἀποστὰς
1090 827 1327 880 κοινωνίας,
1373 825 1559 872 ἐκείνους
1595 824 1674 880 μὲν

171 899 247 943 σὺν
288 905 351 955 τῷ
391 899 554 955 βασιλεῖ
591 898 806 952 συνοόικῷ
850 895 1148 951 καθυπέβαλεν
1196 895 1441 949 ᾶναθέματι,
1487 892 1584 941 τοὺς
1629 893 1771 936 ὃὲΡΙΙ
1787 898 1900 936 105Α

113 969 160 1005 10
170 970 294 1025 μέχρι
323 968 413 1011 τότε
442 973 492 1024 τῇ
523 967 709 1023 βασιλείᾳ
747 967 1057 1021 κομιζομένους
1096 964 1259 1006 ε’κεῒθεν
1302 963 1469 1018 φόρους
1512 963 1672 1018 ἐπέσχε,

170 1042 256 1086 τοῖς
291 1037 502 1092 Φράγγοις
532 1036 824 1091 σπεισάμενος·
859 1036 910 1077 οὗ
943 1035 1023 1090 γὰρ
1054 1037 1128 1075 τοῦ
1159 1037 1245 1075 τῶν
1271 1032 1495 1087 Ῥωμαίων
1527 1032 1709 1086 γένους2

30 1103 214 1149 ’1349οῖ
248 1106 449 1164 Φράγγοι,
494 1105 596 1148 ἀλλὰ
628 1103 894 1160 Γερμανικὸν
938 1104 1066 1150 ἔθνος
1108 1101 1282 1148 τούτους
1319 1101 1425 1144 εἷναί
1460 1116 1562 1156 φησι
1599 1100 1674 1155 τὴν

30 1199 31 1202 “
169 1176 361 1231 ποικίλην
393 1175 575 1229 ἱστορίαν
606 1174 630 1216 ὁ
663 1173 902 1228 Καισαρεὺς
935 1172 1182 1228 Προκόπιος
1213 1170 1537 1225 συνταξάμενος,
1580 1169 1675 1225 περὶ

169 1243 242 1287 τὸν
267 1244 415 1300 Ῥῆνον
445 1242 638 1298 ποταμὸν
675 1242 747 1285 καὶ
785 1242 857 1284 τὸν
883 1241 1084 1284 Ῥοδανὸν
1122 1241 1194 1283 καὶ
1238 1240 1311 1288 τὰς
1355 1239 1486 1281 ἐκεῖσε
1528 1238 1675 1293 λίμνας

112 1312 158 1349 15
170 1313 298 1355 πάλαι
318 1313 633 1368 κατῳκημένον.
669 1316 743 1354 τοῦ
767 1311 812 1354 δὲ
836 1311 1082 1365 Βελισαρίου
1105 1313 1433 1364 στρατηγοῦντος
1449 1308 1709 1363 Ῥωμαίων3

172 1382 238 1424 ἐπὶ
274 1385 349 1424 τοῦ
384 1382 596 1436 προτέρου
622 1380 915 1422 Ἰουστινιανοῦ
948 1379 1020 1422 καὶ
1051 1378 1095 1420 Γ
1090 1378 1233 1425 ότθοις
1265 1377 1673 1432 ἀντιπαλαμωμένου

170 1450 266 1507 περὶ
289 1450 460 1497 Ἰταλίας
490 1449 561 1492 καὶ
591 1453 677 1491 τῶν
708 1450 752 1492 ἐν
782 1448 908 1504 ταύτῃ
940 1448 1109 1490 πόλεων
1139 1447 1211 1490 καὶ
1241 1452 1314 1503 τῆς
1340 1446 1509 1502 Ῥώμης
1546 1446 1675 1502 αὐτῆς

170 1590 194 1626 6
218 1590 301 1626 πότε
326 1590 349 1636 ἧ
379 1589 497 1634 Ῥώμη
528 1590 668 1628 τελείως
698 1594 769 1628 τοῖς
805 1588 978 1633 Φράγγοις
1009 1587 1162 1633 ὗπετάγη
1194 1586 1255 1622 καὶ
1288 1588 1339 1623 ὅτι
1370 1586 1412 1622 οὗ
1439 1587 1610 1631 Ῥωμαῖοι
1642 1587 1679 1621 οἵ

176 1638 331 1684 Φράγγοι
357 1637 400 1683 Ε,
425 1638 476 1672 ὅτι
505 1636 563 1673 διὰ
588 1636 651 1683 τὴν
676 1637 838 1683 ἀσέβειαν
862 1641 922 1671 τοῦ
948 1636 1100 1675 Λέοντος
1125 1636 1146 1671 ὁ
1169 1635 1287 1674 πάπας
1309 1635 1452 1680 Ῥώμης
1469 1641 1539 1674 τοῖς
1558 1634 1671 1694 Φράγ-

170 1699 246 1732 γοις
269 1685 449 1722 ἐσπείσατο
474 1685 534 1722 καὶ
559 1684 639 1724 τοὺς
662 1685 704 1720 ἔκ
738 1690 799 1730 τῆς
820 1684 968 1723 Ἰταλίας
1000 1689 1042 1730 τῇ
1071 1684 1229 1730 βασιλείᾳ
1260 1683 1518 1728 κομιζομένους
1550 1682 1675 1727 ἐπέσχε

171 1735 307 1780 φόρους
338 1733 547 1779 (καὶ-φόρ
550 1747 611 1772 ους
638 1743 713 1768 om.
740 1733 787 1774 E)
818 1731 879 1767 καὶ
912 1733 964 1767 ὅτι
992 1731 1212 1777 Γερμανικὸν
1240 1731 1344 1771 ἔθνος
1369 1732 1406 1766 οἱ
1432 1730 1587 1777 Φράγγοι
1614 1743 1675 1766 και

171 1781 216 1818 οὗ
235 1781 404 1828 Ῥωμαῖοι
430 1779 494 1818 CE
600 1780 643 1816 11
670 1781 735 1826 ὅρα
763 1781 814 1816 ὅτι
838 1779 882 1816 οὐ
901 1780 1076 1825 Ῥωμαῖοί
1097 1780 1181 1815 εἰσιν
1206 1793 1239 1814 οι
1266 1779 1419 1826 Φράγγοι
1445 1777 1480 1814 Α

243 1913 267 1949 2
289 1912 472 1960 βασιλικὸν
497 1912 529 1948 Ε
649 1911 673 1948 4
697 1913 811 1951 οὕτως
837 1911 868 1948 Ο
995 1917 1066 1951 τοῖς
1092 1911 1189 1956 Ewp
1321 1910 1344 1946 6
1369 1915 1475 1946 ταῦτα
1502 1908 1672 1956 prDi,

243 1961 370 2006 ταύτης
394 1959 430 1996 A
574 1961 648 1995 τότε
672 1959 777 2006 ῥώμη
780 1974 798 2000 ς
823 1958 953 2006 Bpr
1099 1959 1132 1995 6.
1159 1959 1180 1995 ’ί
1207 1959 1282 1994 τότε
1307 1961 1399 2004 post
1424 1958 1562 1994 ἰθύνων
1588 1958 1624 1993 D

244 2009 267 2045 8
291 2007 493 2054 κοινωνίας]
520 2007 711 2053 ἐκκλησίας
736 2007 768 2043 Ε
888 2007 929 2043 11
958 2010 1050 2053 post
1077 2006 1305 2052 σπεισάμενος
1331 2006 1426 2041 add.
1450 2007 1535 2042 ὅθεν
1559 2006 1676 2045 αὐτοῖς

244 2056 392 2117 ἀφορμὴ
411 2056 527 2102 γέγονε
544 2061 606 2091 τοῦ
623 2061 805 2100 κυριεῦσαι
822 2060 883 2101 τῆς
900 2055 1026 2101 ρώμης
1044 2054 1142 2101 pr
1217 2059 1288 2089 τῶν
1315 2065 1390 2089 om.
1406 2053 1438 2090 O
1514 2053 1560 2088 12
1586 2057 1676 2099 post

277 2105 335 2150 ησὶ
361 2105 446 2146 (sie)
473 2103 565 2139 add.
591 2104 612 2139 ὀ
637 2103 674 2139 D
802 2103 846 2138 13
871 2102 892 2138 ὀ
917 2103 991 2138 del.
1018 2102 1054 2138 D
1181 2101 1404 2147 Προκόπιος]
1433 2102 1450 2137 I
1477 2113 1513 2148 p.
1540 2101 1621 2145 319,
1641 2102 1674 2137 6.

245 2119 335 2198 nvp
339 2151 429 2196 .,62
451 2151 495 2187 19
621 2151 914 2205 συγγραψάμενος
939 2150 1038 2197 pr
1162 2150 1207 2186 15
1232 2150 1458 2196 βελισαρρίου
1485 2148 1532 2194 A,
1557 2150 1673 2196 βελλι-

244 2201 368 2246 σαρίου
393 2198 504 2246 pr,
528 2199 728 2246 βελισαρίου
753 2196 845 2234 ΒΒί
943 2199 987 2235 16
1011 2199 1184 2244 πρότερον
1211 2197 1247 2233 D

173 2331 372 2368 suadendi
398 2341 470 2378 spe
496 2331 655 2367 abiecta
694 2340 764 2367 eos
798 2330 960 2366 domum
1000 2330 1148 2366 dimisit
1186 2330 1225 2365 in
1265 2329 1388 2366 aedes
1414 2329 1501 2364 illas
1541 2329 1676 2374 regias

173 2379 422 2425 multamque
436 2379 658 2423 materiam,
685 2389 791 2425 quae
818 2378 934 2414 facile
953 2377 1251 2420 exardesceret,
1278 2377 1319 2412 in
1346 2387 1472 2413 unum
1501 2375 1736 2412 conferri22

175 2430 215 2463 et
239 2427 390 2463 circum
417 2426 579 2462 domum
607 2426 843 2462 collocatam
870 2429 993 2461 noctu
1032 2425 1192 2461 incendi
1219 2426 1334 2461 iussit
1361 2427 1485 2471 atque
1526 2425 1582 2460 ita
1610 2424 1676 2460 tlo-

175 2484 282 2510 mum
310 2484 400 2510 cum
426 2474 538 2510 libris
560 2477 600 2511 et
626 2474 767 2511 doctos
794 2473 881 2509 illos
906 2484 955 2509 ac
974 2473 1227 2509 venerabiles
1254 2473 1363 2508 viros
1390 2473 1620 2508 combussit.

293 2521 328 2558 4.
377 2521 465 2558 Hae
492 2522 542 2558 de
569 2532 693 2558 causa
719 2521 955 2566 Gregorius,
993 2521 1060 2567 qui
1088 2525 1173 2557 tum
1199 2520 1352 2556 Romae
1378 2520 1528 2556 veteris
1554 2519 1677 2556 eccle-

176 2570 275 2606 siam
314 2570 584 2616 gubernabat,
628 2569 843 2616 repudiata
881 2569 1075 2605 societate
1118 2568 1316 2615 pontificis
1359 2578 1493 2604 novae
1525 2567 1678 2603 Romae

177 2627 411 2664 eorumque,
451 2618 519 2663 qui
546 2617 655 2653 illum
682 2620 962 2663 sequerentur,
1003 2616 1090 2652 illos
1116 2626 1199 2651 una
1226 2626 1316 2651 cum
1355 2626 1454 2662 rege
1480 2614 1676 2661 synodico

178 2665 394 2701 obstrinxit
429 2665 686 2701 anathemate
724 2668 764 2700 et
800 2665 1029 2710 vectigalia,
1069 2673 1175 2710 quae
1208 2674 1282 2709 usq
1286 2673 1339 2699 ue
1373 2663 1425 2699 ad
1452 2663 1492 2698 id
1518 2666 1597 2699 tem
1630 2673 1678 2699 us

177 2723 306 2758 regno
334 2712 428 2749 inde
454 2713 750 2769 pendebantur,
775 2712 948 2747 inhibuit
973 2712 1052 2747 icto
1081 2722 1168 2747 curn
1186 2711 1351 2747 Francis
1377 2710 1553 2747 foede1e.
1603 2673 1713 2747 gie-2

179 2770 258 2806 que
284 2761 389 2796 enim
415 2760 585 2796 Romani
611 2761 774 2817 generis
801 2764 894 2795 sunt
921 2759 1076 2803 Franci,
1103 2758 1174 2795 sed
1204 2758 1486 2795 Germanicam
1513 2762 1677 2804 gentem

179 2817 249 2843 eos
292 2808 415 2843 tuisse
458 2808 499 2843 in
543 2809 657 2843 varia
682 2808 848 2843 historia
883 2807 1156 2843 Caesariensis
1182 2806 1405 2853 Procopius
1432 2806 1528 2841 dicit
1570 2806 1678 2842 circa

178 2854 363 2891 Rhenum
389 2855 557 2891 fluvium
585 2859 624 2891 et
650 2855 889 2891 Rhodanum
929 2859 967 2890 et
993 2854 1163 2901 paludes
1189 2854 1347 2890 illorum
1375 2854 1555 2890 locorum
1583 2853 1676 2890 olim

180 2902 439 2940 habitantem.
491 2902 591 2940 Cum
617 2905 752 2940 autem
767 2902 985 2939 Belisarius
1011 2902 1086 2938 sub
1114 2902 1248 2949 priore
1261 2901 1484 2938 Iustiniano
1512 2901 1714 2949 legioni-3
