1968 3302
687 752 1111 804 PRAEFATIO.

268 912 599 969 Hieronymum
641 911 859 969 Wolfium,
894 924 989 954 cum
1021 910 1183 966 primus
1214 911 1427 953 Zonaram
1460 909 1660 953 Basileae

149 998 188 1027 a.
213 983 322 1027 1557
347 983 474 1027 tomis
497 983 633 1026 tribus
656 982 817 1038 ederet,
852 982 907 1026 ad
930 983 1118 1038 genuina
1140 983 1360 1039 scriptoris
1384 982 1517 1026 verba
1539 983 1660 1026 resti-

151 1056 312 1099 tuenda
343 1061 515 1113 praeter
543 1069 671 1099 unum
694 1056 887 1099 libellum
911 1069 1022 1098 nunc
1045 1055 1330 1111 deperditum,
1364 1068 1447 1110 quo
1470 1068 1537 1098 res
1559 1054 1660 1097 inde

150 1129 205 1172 ab
245 1129 502 1185 imperatore
535 1128 816 1172 Constantino
850 1128 1008 1183 Magno
1042 1141 1177 1183 usque
1218 1127 1274 1171 ad
1307 1128 1591 1170 Iustinianum
1623 1128 1657 1169 I.

148 1201 476 1245 continebantur
494 1201 597 1255 (W),
628 1214 748 1244 usum
767 1214 859 1244 esse
878 1199 1101 1244 codicibus
1117 1200 1447 1243 Monacensibus
1465 1199 1553 1242 324
1570 1199 1655 1254 (C),

147 1273 235 1317 325
268 1273 355 1327 (Ε),
396 1273 452 1316 93
487 1274 561 1327 (D)
602 1276 644 1316 et
676 1273 785 1316 libro
819 1272 1142 1316 Vindobonensi
1188 1272 1241 1315 16
1276 1273 1345 1326 (B)
1379 1285 1456 1315 nos
1491 1272 1534 1314 in
1568 1270 1658 1314 dia-

150 1347 224 1390 riis
257 1345 509 1402 Byzantinis
541 1344 855 1388 Krumbacheri
889 1359 928 1387 a.
965 1345 1080 1387 1892
1113 1345 1168 1398 (I)
1208 1358 1249 1400 p.
1285 1345 1371 1387 202
1387 1357 1441 1387 ss.
1476 1349 1565 1387 tam
1598 1343 1659 1386 lu-

151 1418 345 1461 culenter
377 1416 739 1460 demonstravisse
772 1415 980 1471 videmur,
1014 1421 1061 1459 ut
1092 1430 1205 1459 nunc
1237 1416 1421 1460 sufficiat
1454 1415 1510 1459 ad
1542 1416 1659 1459 illam

150 1489 557 1546 disputatiunculam
590 1489 786 1545 legentes
820 1488 1039 1545 delegare,
1074 1490 1271 1544 quamvis
1294 1487 1657 1545 praetereundum

146 1576 230 1605 non
270 1562 325 1604 sit
357 1561 556 1605 Wolfium
597 1575 674 1617 pro
717 1561 1025 1604 consuetudine
1059 1562 1216 1604 aetatis
1250 1566 1292 1604 et
1323 1562 1405 1617 ipsi
1440 1561 1658 1604 contextui

151 1638 193 1677 et
215 1634 398 1690 margini
422 1634 684 1689 singulorum
715 1633 911 1676 codicum
945 1647 1252 1689 saepenumero
1287 1633 1499 1688 quaedam
1533 1634 1660 1677 ascri-

148 1706 300 1763 psisse,
349 1719 459 1761 quae
505 1711 580 1749 aut
627 1720 680 1749 ex
714 1706 848 1748 altero
882 1706 936 1748 de
969 1706 1057 1749 suis
1091 1705 1313 1748 codicibus
1347 1705 1535 1762 petenda
1567 1719 1660 1749 esse

149 1782 375 1822 censuerat
407 1783 481 1821 aut
513 1792 590 1821 sua
623 1779 870 1821 coniectura
889 1780 902 1804 ¹
935 1779 1158 1821 invenerat
1183 1782 1238 1831 (v.
1265 1778 1291 1821 l.
1315 1792 1352 1821 c.
1371 1792 1412 1834 p.
1436 1778 1538 1833 207,
1557 1778 1659 1833 213,

147 1850 248 1905 214,
283 1850 399 1903 215).
444 1850 677 1893 Praeterea
716 1851 782 1893 vir
821 1850 893 1892 ille
934 1850 1211 1894 doctissimus
1252 1849 1431 1893 editioni
1463 1863 1566 1893 suae
1598 1849 1660 1892 in-

147 1922 499 1979 terpretationem
543 1922 722 1965 latinam
777 1921 937 1965 adiecit
983 1922 1314 1977 diligentissime
1360 1921 1658 1978 compositam,

147 1993 257 2050 quac
296 1994 419 2037 nobis
459 2007 628 2049 quoque
669 1995 731 2036 ita
770 1998 862 2037 erat
901 1993 1154 2050 repetenda,
1200 1998 1246 2036 ut
1279 2008 1362 2037 non
1396 1993 1523 2037 modo
1556 2007 1658 2037 non-

147 2066 265 2108 nulla
283 2067 607 2122 corrigeremus,
640 2067 798 2110 omissa
823 2065 1093 2121 adderemus,
1126 2066 1386 2109 latinitatem
1419 2065 1476 2109 ad
1508 2067 1659 2122 imagi-

147 2150 243 2179 nem
289 2137 542 2193 graecitatis
574 2138 794 2181 Zonareae
839 2138 1185 2194 exprimeremus,
1235 2137 1312 2181 sed
1358 2137 1489 2181 etiam
1534 2139 1660 2182 enixe

147 2222 321 2265 operam
361 2208 572 2262 daremus,
617 2223 671 2252 ne
710 2209 845 2252 latina
876 2210 1008 2252 verba
1042 2210 1229 2265 vestigia
1261 2210 1371 2253 alius
1405 2210 1567 2254 codicis
1599 2224 1662 2253 se-

148 2286 392 2337 querentur,
439 2295 565 2337 quam
606 2295 778 2337 graeca,
826 2281 939 2336 quod
974 2282 1126 2325 Wolfio
1159 2282 1276 2326 haud
1316 2296 1412 2326 raro
1446 2282 1661 2326 accidisse

147 2354 191 2396 in
224 2358 435 2410 apparatu
469 2354 618 2397 critico
651 2358 795 2397 nostro
828 2354 1055 2408 aliquoties
1095 2356 1152 2406 (v.
1188 2354 1243 2396 ad
1278 2355 1390 2396 XIII
1426 2355 1552 2409 1,11.
1591 2355 1658 2397 16.

153 2425 307 2480 11,13.
351 2426 419 2480 14,
436 2426 477 2468 9.
520 2426 590 2479 22,
607 2427 679 2468 24.
719 2426 876 2480 24,12.
918 2426 1022 2468 XIV
1056 2426 1096 2476 3,
1113 2426 1152 2468 6.
1197 2426 1329 2480 4,13.
1363 2425 1405 2481 5,
1425 2426 1496 2468 39.
1534 2427 1658 2480 11,2.

149 2497 189 2540 5.
227 2498 295 2552 12,
317 2497 383 2540 13.
404 2498 473 2540 27.
494 2498 654 2541 3351.
699 2498 948 2552 13,14.36.
985 2497 1054 2553 15,
1072 2499 1111 2541 7.
1148 2498 1306 2553 16,11.
1349 2498 1476 2553 18,1.
1500 2499 1658 2553 20,16.

149 2570 220 2623 21,
235 2568 277 2611 5.
297 2569 337 2612 8.
360 2569 432 2624 22,
451 2569 519 2612 12.
538 2570 606 2612 16.
624 2571 696 2613 20.
713 2570 784 2613 26.
808 2571 880 2624 23,
900 2570 966 2612 12.
992 2570 1064 2625 25,
1079 2569 1120 2612 5.
1140 2570 1192 2613 17
1211 2571 1312 2623 cet.)
1346 2571 1660 2627 exposuimus2.

268 2698 282 2723 ¹
308 2699 398 2736 Non
425 2701 572 2737 desunt
597 2701 685 2746 loci,
727 2702 874 2747 quibus
900 2701 1070 2737 Wolfius
1104 2704 1255 2737 rectam
1290 2702 1532 2747 scripturam
1566 2713 1662 2738 con-

147 2760 304 2796 iectura
342 2761 544 2797 invenerit
582 2761 733 2797 codicis
772 2761 807 2796 A
846 2762 1089 2797 auctoritate
1127 2771 1237 2796 nunc
1280 2762 1496 2807 firmatam3
1538 2773 1574 2797 v.
1605 2762 1658 2798 ad

147 2831 183 2866 p.
210 2819 291 2865 210,
307 2820 339 2856 7.
365 2820 518 2865 492,13.

264 2879 280 2903 2
304 2880 366 2916 Ex
394 2881 451 2925 iis,
492 2891 597 2927 quae
622 2882 663 2916 in
691 2882 955 2917 annotatione
989 2882 1127 2917 critica
1161 2882 1378 2926 attulinms,
1419 2882 1659 2917 luculentis-

150 2940 250 2976 sime
277 2944 448 2986 apparet
474 2941 662 2976 VVolfium
690 2941 730 2976 in
758 2941 916 2976 zonara
947 2941 1144 2977 vertendo
1179 2952 1201 2978 e
1230 2952 1379 2987 gracco
1418 2943 1457 2976 in
1494 2942 1661 2977 latinum

149 3010 375 3036 sermonem
403 3002 623 3047 praecipue
648 3011 768 3037 usum
796 3011 885 3037 esse
923 3002 1096 3047 primum
1125 3002 1289 3047 quidem
1317 3002 1455 3038 codice
1482 3002 1530 3047 D,
1569 3002 1664 3038 inde
