2054 3282
387 239 457 281 258
811 233 992 278 ZONAR.
1019 240 1150 278 EPIT.
1176 235 1249 278 XV
1273 243 1306 289 3,
1335 236 1461 279 1—13.

342 366 491 408 Οίασιν
522 366 710 422 Ἑβραῖοι
750 365 828 407 δύο
871 363 917 405 τὸ
955 364 1207 418 ἐπιτήδευμα
1249 363 1404 420 γόητες,
1451 367 1490 406 οἳ
1527 365 1573 408 δὲ
1610 366 1881 422 ἀστρολογίαν

385 435 526 489 ἔλεγον
555 437 733 490 μετιέναι
764 433 993 476 κάντεῦθεν
1024 433 1174 474 εἰδέναι
1204 433 1253 474 τὰ
1289 434 1504 489 μέλλοντα,
1549 435 1620 476 καὶ
1650 441 1710 490 τῷ
1732 437 1881 491 Ἄραβι

383 503 457 557 τὴν
495 503 630 558 ἀρχὴν
667 503 964 558 ἐπηγγέλλοντο
1002 502 1072 542 καὶ
1111 501 1184 556 τὴν
1229 502 1345 557 ζωὴν
1387 503 1676 558 πολυχρόνιον,
1721 506 1758 546 εἰ
1795 509 1881 547 τῶν

384 572 616 626 ἐκκλησιῶν
658 575 744 613 τῶν
787 570 1093 625 χριστωνύμων
1135 570 1184 612 τὰ
1224 575 1297 612 τοῦ
1329 570 1515 625 Χριστοῦ
1551 572 1622 613 καὶ
1652 577 1724 627 τῆς
1755 572 1882 614 αὑτὸν

348 640 584 694 2τεκούσης
616 640 786 693 ἐκβαλεῖ
811 639 860 679 τὰ
893 639 1186 693 ἐκτυπώματα.
1250 639 1321 680 καὶ
1352 640 1377 681 ὁ
1407 640 1627 695 βάρβαρος
1653 642 1732 683 οὐκ
1753 629 1917 696 ἠμέλ-5

382 709 516 762 λησεν,
561 706 647 749 ἀλλ’
681 709 728 748 ἐκ
759 708 930 748 πάντων
960 710 1046 748 τῶν
1087 708 1131 748 ἐν
1168 712 1217 762 τῇ
1256 705 1326 749 ὑπ’
1373 708 1500 750 αὐτὸν
1541 709 1713 764 τελούσῃ
1757 710 1881 765 χώρᾳ

347 780 499 817 3ναῶν
541 775 613 822 τὰς
657 775 807 821 σεπτὰς
850 776 1015 822 εἰκόνας
1059 776 1245 830 ἠφάνισε.
1308 776 1379 818 καὶ
1410 779 1435 831 ἡ
1469 777 1563 819 θεία
1603 778 1696 833 δίκη
1733 782 1881 820 τοῦτον

381 844 587 898 μετῆλθεν
627 845 706 885 οὐκ
747 845 803 890 εἰς
833 844 1015 899 μακράν.
1079 846 1200 886 οὔπω
1234 844 1313 900 γὰρ
1345 846 1563 900 παρῆλθεν
1595 845 1780 892 ἐνιαυτὸς
1809 847 1881 888 καὶ

346 913 406 953 46
440 913 615 958 δείλαιος
645 913 719 967 τὴν
751 912 868 966 ζωὴν
901 913 1119 967 ἐζημίωτο.
1183 914 1206 954 ὁ
1240 914 1284 955 δὲ
1317 915 1466 955 τούτου
1503 919 1600 960 παῖς
1638 919 1710 970 τῆς
1747 915 1880 970 ἀρχῆς

383 981 581 1035 διάδοχος
613 981 798 1035 γεγονὼς
827 981 925 1027 τοὺς
962 982 1268 1036 ψευδομάντεις
1307 983 1490 1029 ἐκείνους
1534 983 1676 1037 ἐζήτει,
1720 987 1792 1038 τῆς
1823 985 1880 1030 εἰς
1895 992 1940 1028 10

380 1049 452 1091 τὸν
481 1049 652 1091 τεκόντα
692 1050 852 1104 ἀπάτης
887 1050 1079 1092 τίσασθαι
1117 1052 1488 1106 προθυμούμενος.
1551 1049 1637 1092 ἀλλ’
1683 1052 1879 1106 ἔφθησαν

282 1123 317 1158 D
345 1119 530 1160 ὃέκεῖνοι
573 1122 719 1173 φυγεῖν
763 1119 924 1160 ἐκεῖθεν
967 1118 1038 1160 καὶ
1083 1120 1139 1166 εἰς
1177 1119 1385 1174 Ἰσαυρίαν
1427 1121 1698 1175 κατήντησαν.
1771 1121 1877 1162 ἔνθα

380 1187 666 1242 περιτυχόντες
708 1187 844 1242 τούτῳ
886 1192 947 1242 τῷ
986 1187 1147 1242 Λέοντι,
1193 1189 1332 1243 νεανίᾳ
1376 1189 1628 1244 τυγχάνοντι,
1673 1189 1878 1243 βαναύσῳ

379 1255 426 1297 τὸ
464 1256 730 1311 ἐπιτήδευμα,
775 1256 848 1311 τὴν
891 1260 977 1297 τῶν
1004 1257 1228 1311 Ῥωμαίων
1266 1258 1621 1312 προμαντεύονται
1658 1258 1877 1312 βασιλείαν.

345 1329 453 1366 (5τοῦ
487 1324 532 1366 δὲ
562 1324 670 1378 πρὸς
700 1325 774 1379 τὴν
807 1326 963 1366 οἰκείαν
995 1326 1246 1380 ἀφορῶντος
1276 1326 1417 1381 τύχην,
1455 1327 1737 1381 ἀφεστηκυῖαν
1766 1326 1928 1368 πάνυΙ)
1947 1333 2054 1369 11134

379 1409 463 1434 που
506 1393 659 1447 πόρρω
702 1394 893 1448 τοιαύτης
936 1395 1082 1449 ἀρχῆς,
1128 1395 1198 1436 καὶ
1235 1399 1320 1441 τοῖς
1357 1395 1529 1437 ἐκείνων
1570 1395 1879 1441 ὃιαπιστοῢντος

379 1466 598 1517 χρησμοῖς,
647 1462 794 1503 ἐκεῖνοι
838 1463 1130 1517 συμβήσεσθαι
1172 1463 1247 1518 τὴν
1289 1464 1523 1518 πρόρρησιν
1560 1465 1878 1519 ἀπισχυρίζοντο

379 1535 591 1585 κραταιῶς
622 1531 693 1572 καὶ
725 1531 912 1586 ἀπῄτουν
950 1532 1076 1573 αὐτὸν
1109 1530 1159 1573 δι’
1194 1532 1327 1587 ὅρκου
1358 1533 1682 1587 πληροφορῆσαι
1713 1533 1877 1581 αὐτούς,

345 1599 447 1642 ’ἶὸτε
477 1600 593 1654 τύχοι
623 1604 695 1654 τῆς
727 1600 946 1655 βασιλείας,
993 1601 1138 1642 δοῦναι
1178 1601 1314 1655 σφίσιν
1347 1602 1370 1642 ὃ
1402 1602 1453 1642 ἂν
1485 1602 1744 1655 αἰτήσωνται.
1807 1601 1878 1642 καὶ

382 1693 426 1728 19
452 1694 502 1728 ὅτι
527 1695 564 1728 οἱ
586 1693 648 1740 τὴν
672 1695 849 1740 βασιλειάν
879 1696 1224 1740 προμαντευσάμενοι
1246 1697 1406 1742 Ἑβραῖοι
1440 1701 1490 1740 τῷ
1515 1696 1640 1731 Λέοντι
1676 1695 1785 1741 (παρὰ
1816 1701 1877 1731 τοῦ

379 1741 516 1780 λέοντος
542 1742 587 1785 Ε)
614 1741 676 1787 τὴν
702 1747 773 1778 τῶν
798 1743 908 1788 ἁγίων
933 1743 1083 1778 εἰκόνων
1110 1743 1216 1785 (κατὰ
1234 1748 1306 1779 τῶν
1323 1744 1474 1779 εἰκόνων
1491 1744 1536 1786 Ε)
1563 1744 1771 1789 καθαίρεσιν
1795 1744 1878 1790 ᾔτη-

380 1801 445 1824 σαν
471 1789 545 1834 ΟΕ,
573 1790 657 1825 ὅθεν
682 1790 704 1836 ἡ
731 1791 962 1836 εἰκονομαχία
987 1791 1018 1825 Β

451 1873 471 1908 1
498 1873 634 1919 ἑβραῒοι
660 1873 819 1920 prDi
931 1875 964 1910 2.
991 1875 1013 1910 3
1038 1875 1098 1910 καὶ
1123 1880 1172 1920 τῷ
1199 1894 1243 1899 -·
1269 1875 1516 1920 ἐπηγγέλλοντο
1543 1885 1618 1910 om.
1646 1873 1675 1911 C
1787 1875 1810 1910 5
1835 1874 1876 1911 τὰ

452 1931 527 1957 om.
554 1921 652 1967 pr
751 1923 772 1956 ό
797 1933 871 1958 om.
899 1922 946 1967 D,
974 1923 1066 1958 add.
1083 1922 1151 1961 Dw
1249 1923 1421 1968 ἠμέλησεν
1447 1922 1532 1967 AD,
1558 1923 1746 1968 ἐμέλλησεν
1773 1933 1874 1959 corr.

451 1979 502 2004 ex
528 1969 724 2014 ἠμέλλησεν
751 1969 790 2014 C,
817 1970 984 2015 ἐμέλησεν
1010 1970 1053 2015 Ε,
1079 1971 1266 2016 ἐμέλλησεν
1288 1969 1526 2016 BwapDz',
1552 1971 1746 2016 ῆμέλλησεν
1772 1981 1874 2006 corr.

450 2017 566 2053 B-W
656 2017 678 2052 6
704 2018 838 2053 τελούσι
855 2018 902 2062 D,
931 2029 1032 2053 corr.
1048 2018 1116 2057 Dw
1214 2019 1236 2053 8
1260 2019 1433 2064 μετῆλθεν
1459 2018 1528 2056 Dw
1555 2029 1655 2054 corr.
1684 2029 1735 2054 ex
1761 2029 1873 2061 voce,

451 2065 566 2100 cuius
593 2065 750 2101 litterae
776 2069 938 2111 praeter
959 2080 986 2111 μ
1003 2067 1068 2101 λθε
1086 2077 1168 2102 non
1186 2067 1266 2101 iam
1285 2069 1454 2112 possunt
1473 2066 1616 2112 dispici
1715 2066 1760 2101 10
1784 2069 1875 2112 post

450 2112 530 2151 τοὺς
556 2113 647 2148 add.
673 2113 818 2152 λοιποὺς
844 2125 868 2160 p
896 2115 1033 2149 invitis
1061 2114 1170 2149 ARW
1279 2115 1436 2152 ἐκείνους
1465 2124 1540 2149 om.
1566 2113 1598 2148 B
1708 2114 1752 2148 11
1779 2117 1875 2149 ante

450 2161 611 2196 τίσασθαι
639 2161 731 2196 add.
757 2161 884 2200 αὐτοὺς
911 2161 1007 2207 pr
1145 2162 1309 2206 ἔφθασαν
1335 2162 1371 2196 D
1518 2161 1562 2196 12
1586 2161 1714 2196 ἐκεῖνοι
1742 2172 1818 2197 om.
1845 2160 1874 2197 C

496 2208 636 2244 ἐκεῖθεν
661 2207 707 2253 A,
733 2209 896 2245 ἐντεῦθεν
923 2210 1030 2255 Ewp,
1059 2220 1134 2246 om.
1161 2210 1192 2245 Ο
1291 2210 1450 2254 ἰσαυριάν
1471 2208 1637 2255 prDi,
1664 2210 1809 2255 σαυρίαν
1826 2207 1873 2254 Α,

430 2256 614 2302 .ι’σαβρίαν
639 2256 670 2291 Ε
785 2256 829 2292 15
854 2257 1095 2303 ἀφεστηκυίαν
1122 2258 1208 2302 (Sic)
1234 2256 1270 2292 A
1380 2257 1425 2292 19
1451 2257 1559 2302 τύχην
1583 2257 1630 2302 D,
1656 2258 1744 2302 τύχη
1771 2256 1873 2296 DwB

379 2349 466 2382 arte
493 2347 837 2392 praestigiatores,
880 2348 948 2393 qui
976 2347 1269 2393 profitebantur
1296 2356 1338 2382 se
1365 2346 1613 2391 astrologiae
1638 2347 1789 2391 peritos
1815 2347 1873 2381 fu—

378 2397 471 2429 tura
498 2394 734 2440 praedicere
761 2405 890 2440 posse,
916 2396 1129 2441 imperium
1156 2398 1195 2430 et
1222 2395 1347 2429 vitam
1374 2394 1606 2428 diuturnam
1632 2394 1873 2438 polliceban-

378 2445 455 2486 tur,
495 2442 529 2476 si
556 2441 700 2478 Christi
738 2443 906 2488 eiusque
932 2443 1070 2478 matris
1097 2443 1296 2488 imagines
1336 2451 1387 2476 ex
1426 2441 1604 2476 ecclesiis
1638 2440 1873 2476 Christianis

342 2489 537 2525 2eiceret.
587 2489 730 2535 Neque
771 2493 987 2526 cunctatur
1021 2491 1221 2525 barbarus
1256 2493 1295 2524 et
1325 2489 1523 2534 imagines
1549 2488 1806 2524 venerandas
1832 2489 1874 2523 in

342 2537 565 2573 3omnibus
603 2538 760 2583 templis
787 2548 886 2573 suae
924 2538 1086 2573 ditionis
1113 2538 1257 2573 abolet.
1308 2536 1392 2572 Nec
1417 2536 1541 2571 multo
1568 2539 1659 2581 post
1685 2537 1874 2571 miserum

341 2584 364 2618 4
379 2585 517 2620 divina
531 2585 711 2621 vindicta
727 2587 999 2631 consequitur,
1026 2596 1132 2620 anno
1159 2585 1340 2620 nondum
1355 2584 1490 2629 elapso
1508 2587 1722 2619 mortuum.
1749 2583 1873 2620 Cuius

377 2632 482 2667 filius
509 2633 627 2678 regni
653 2643 873 2676 successor,
901 2644 991 2669 cum
1006 2634 1129 2668 falsos
1154 2633 1241 2668 illos
1267 2635 1382 2666 vates
1410 2632 1460 2666 ob
1477 2631 1691 2677 deceptum
1718 2634 1872 2677 patrem

377 2680 430 2714 ad
448 2681 688 2726 supplicium
704 2682 961 2726 quaeritaret,
989 2681 1043 2716 illi
1057 2681 1136 2716 iam
1151 2681 1258 2715 illinc
1284 2680 1325 2714 in
1340 2679 1537 2714 Isauriam
1556 2680 1872 2725 transfugerant.

341 2727 437 2762 51bi
464 2738 555 2762 cum
581 2729 622 2763 in
648 2729 756 2763 hunc
781 2728 958 2764 Leonem
985 2732 1069 2763 tum
1097 2728 1392 2763 adolescentem
1420 2727 1602 2772 opificem
1628 2727 1873 2771 incidissent,

279 2792 283 2795 —
341 2775 548 2820 Grcgnum
577 2777 612 2810 ei
638 2775 863 2811 Romanum
899 2776 1150 2822 praedicunt.
1202 2775 1279 2816 Qui
1319 2785 1408 2809 cum
1435 2785 1549 2809 suam
1576 2775 1780 2809 fortunam
1817 2775 1874 2808 in-

376 2824 495 2857 tuens
530 2824 753 2858 seiunctam
779 2825 933 2859 infinito
971 2825 1056 2859 fere
1081 2824 1294 2859 intervallo
1322 2832 1345 2856 a
1371 2825 1484 2857 tanto
1523 2822 1688 2867 imperio
1716 2821 1874 2856 illorum

378 2870 551 2905 oraculis
589 2871 708 2907 fidem
747 2872 978 2918 abrogaret,
1020 2871 1075 2906 illi
1102 2874 1343 2908 eventurum
1373 2870 1415 2904 id
1442 2869 1551 2916 quod
1577 2869 1875 2915 praedixissent

377 2918 669 2956 asseverabant
696 2922 928 2956 constanter
966 2929 1139 2967 eumque
1180 2917 1444 2956 iureiurando
1473 2916 1791 2964 obstringebant,
1829 2919 1875 2954 ut
